2984 4876
295 321 359 388 216
628 324 825 389 Quaestionum
844 322 1079 379 Democriteum

299 487 423 572 μόνιμα.
457 485 548 576 Ὀσιρ
568 491 603 555 δὲ
632 491 749 574 μᾶλλον
778 487 922 576 βρίθοντα
945 489 996 552 καὶ
1020 486 1209 574 χλωρύτερα,
1227 485 1388 550 ὑποκεῖσθαι

211 599 284 668 835.
297 594 334 660 τὰ
357 596 454 661 ὕδατα
474 597 632 686 βαθύτατα
653 599 704 663 καὶ
724 594 925 680 παραμύνιμα
947 597 1090 680 δηλοῦσιν
1114 596 1172 660 olel.
1222 595 1276 659 Δεῖ
1296 595 1388 658 δὲκαὶ

293 709 355 768 τῶν
379 704 505 791 ἐδαφῶν
527 703 565 768 τὰ
587 704 660 788 γένη
683 704 885 788 συνθεωρεῖν·
903 703 941 768 τὰ
963 704 1017 787 μὲν
1038 703 1210 790 ἀργιλθιύδη
1234 705 1283 768 καὶ
1301 725 1388 787 κισσφ·

298 812 382 896 ρύδη
406 811 451 898 uqi
473 811 565 896 γένει,
588 813 640 876 καὶ
664 810 811 897 αὐχμηρὰ
832 833 869 894 τῃ
894 811 984 896 φύσει
1008 812 1194 899 ὑπάρχοντα,
1218 813 1388 877 παντάπασιν

213 918 416 1006 &dirissimi
437 943 529 1006 φασιν
557 921 715 1006 ὑπάρχειν.
764 916 811 984 Τὰ
839 919 874 983 δὲ
894 921 1030 1002 γλοιιύδη
1058 920 1110 983 καὶ
1131 923 1257 1007 πυρώδη
1279 922 1326 984 καὶ
1343 943 1389 1003 πη-

297 1029 394 1114 usus,
414 1029 466 1092 καὶ
489 1029 655 1114 pelei-sperui
680 1049 714 1091 τε
733 1027 848 1113 λιπαρὰ
871 1025 953 1107 ὄντα,
986 1029 1178 1114 ψηφιδιύδεις
1197 1051 1229 1094 τε
1250 1027 1392 1114 διαφύσεις

212 1133 430 1222 palluere,
465 1135 507 1222 μὴ
544 1137 774 1220 ἀπογινώσκειν.
829 1135 887 1199 Δεῖ
917 1137 953 1202 δέ
982 1136 1021 1200 τὰ
1057 1139 1222 1222 ψηφιδώδη
1258 1136 1297 1222 μὴ
1331 1136 1390 1199 ἀνα-

296 1245 506 1330 τεταραγμένα
545 1243 624 1308 εἶναι
661 1243 692 1308 ἐν
728 1249 767 1330 τῇ
799 1247 852 1330 γῇ,
892 1243 973 1308 ἀλλὰ
1010 1245 1089 1309 κατὰ
1123 1247 1238 1315 πλάτος
1273 1245 1390 1329 ἐμπεφυ-
1452 1291 1454 1322 r

295 1353 390 1430 κύτα,
425 1353 478 1418 καὶ
505 1352 642 1417 καθόλου
670 1351 709 1416 τὰ
737 1352 1050 1438 έτεροχρωματοόντα
1078 1355 1133 1437 τῆς
1163 1357 1220 1438 γῆς
1250 1352 1297 1416 ἀεὶ
1327 1355 1391 1415 πλα·

296 1463 408 1531 addere
446 1459 529 1548 ἔχειν
570 1463 621 1525 δεῖ
659 1459 714 1530 τὰς
747 1458 917 1544 συμφύσεις
954 1460 1005 1523 καὶ
1032 1463 1160 1530 πυκνοῖς·
1202 1463 1327 1547 μάλιστα
1364 1459 1392 1521 δέ

213 1571 286 1641 ιαδδ.
300 1565 424 1655 ἔχουσιν
466 1569 499 1632 αἱ
531 1568 655 1632 σύνοδοι
688 1572 742 1652 τῆς
778 1571 834 1652 γῆς
864 1567 1012 1653 ἀνομοίας
1041 1569 1095 1638 τὰς
1124 1570 1299 1655 συμφύσεις.
1347 1569 1395 1631 Δεῖ

295 1676 331 1739 δὲ
357 1677 409 1740 καὶ
441 1675 495 1745 τὰς
526 1675 639 1760 πέτρας
673 1675 751 1739 εἶναι
780 1675 1079 1760 θπομελανιζούσας,
1117 1677 1172 1747 τὰς
1206 1675 1393 1764 περιεχούσας

295 1783 368 1853 τοὺς
399 1785 564 1851 δοκοῦντας
594 1781 677 1869 ὕδωρ
709 1781 791 1868 ἔχειν
818 1781 946 1860 τύπους,
982 1785 1023 1870 μὴ
1052 1785 1130 1850 κατὰ
1158 1785 1293 1865 ἰύνθους,
1325 1781 1393 1848 ἀλλὰ

213 1891 287 1962 θθθ.
300 1890 434 1977 ἐχούσας
461 1913 489 1954 τι
513 1891 663 1974 πυρῶδες.
711 1889 773 1956 Καὶ
804 1891 875 1956 θσαι
902 1893 937 1955 δὲ
967 1895 1181 1978 λευκήπειροι,
1211 1895 1341 1979 κείμεναι
1365 1887 1393 1954 δέ

295 1999 369 2078 εἰσιν
390 1998 441 2062 ἐπὶ
465 2001 520 2083 τῆς
541 2001 597 2082 γῆς
621 1996 689 2068 olor
715 2001 899 2085 εἰρήκαμεν,
931 1997 1055 2085 ἔχουσιν
1086 1999 1145 2066 ύπύ
1176 2007 1243 2072 ταῖς
1259 2001 1393 2086 πτέρναις,

295 2109 363 2176 ταῖς
383 2105 415 2169 έν
434 2109 498 2175 τοῖς
522 2105 667 2192 ἐδάφεσιν
690 2104 912 2192 έμπεφυκυίαις
931 2107 1037 2172 ύδατα.
1072 2107 1220 2193 Σημαένει
1243 2109 1287 2186 δέ,
1309 2108 1356 2172 ἐάν
1372 2127 1395 2167 τι

214 2235 237 2300 p,
245 2229 287 2287 to,
298 2215 368 2301 περὶ
390 2213 446 2284 τὰς
461 2213 604 2283 τοιαύτας
626 2215 676 2280 καὶ
699 2220 760 2279 τῶν
784 2213 952 2299 εἰρημένων
972 2213 1119 2301 πεφυκός.
1162 2213 1225 2280 Καὶ
1245 2215 1396 2301 συμφύσεις

297 2435 406 2513 dicant,
428 2435 523 2500 exiles
552 2443 582 2500 et
604 2435 765 2499 instabiles.
811 2439 934 2518 Quanto
956 2439 1057 2498 sulem
1077 2435 1205 2514 (herbae
1224 2433 1396 2518 surculique)
1455 2435 1456 2510 3

296 2542 517 2607 luxuriosiores
540 2549 571 2605 et
591 2543 751 2604 viridiores
780 2543 899 2620 luerint,
929 2549 1013 2606 muto
1033 2544 1251 2623 profundiores
1272 2551 1302 2608 et
1319 2539 1395 2606 stabi·
1455 2539 1456 2548 ’

295 2649 390 2714 liores
411 2670 505 2733 squas
524 2651 650 2714 subesse
674 2669 795 2730 semper
821 2651 1015 2730 portendunt.
1054 2650 1096 2713 At
1119 2669 1194 2714 vero
1225 2659 1255 2715 et
1275 2651 1395 2714 solorum

297 2779 410 2839 genero
429 2759 564 2822 contueri
587 2766 717 2840 oportet
761 2759 879 2820 Etenim
897 2758 1032 2839 argillosi
1056 2766 1088 2821 et
1114 2758 1266 2840 pumicosi
1291 2757 1395 2840 generis

231 2845 234 2856 ¹
298 2873 329 2928 et
349 2887 426 2950 quae
446 2867 570 2930 horrida
586 2872 657 2930 suut
678 2873 792 2947 natura,
815 2867 938 2930 omniuo
960 2887 1038 2950 aqua
1059 2886 1163 2931 carere
1185 2869 1276 2947 ujunt
1313 2866 1350 2928 At
1367 2863 1397 2922 de

296 2973 456 3055 glutinosis
475 2981 506 3038 et
526 2975 616 3056 igneo
638 2975 743 3038 colore
765 2976 942 3040 rubentibus
964 2983 994 3039 el
1009 2975 1117 3040 lutosis
1137 2983 1168 3038 et
1188 2977 1292 3058 nigrae
1313 2981 1400 3037 terrac

296 3083 458 3164 pinguibus
476 3083 554 3146 locis
576 3083 804 3165 calculosusque
825 3091 971 3147 straturus
997 3083 1177 3146 habentibus
1202 3104 1264 3148 non
1290 3089 1334 3146 est
1354 3080 1398 3141 de-

298 3192 490 3273 sperandum.
542 3190 635 3273 Atqui
664 3190 816 3254 calculoso
844 3211 907 3256 nou
940 3191 1118 3255 conturbate
1149 3199 1180 3254 et
1216 3193 1341 3256 confuso
1373 3189 1398 3249 in

297 3303 378 3360 terra
400 3317 467 3360 esse
488 3305 617 3379 oportet,
640 3301 695 3362 sed
715 3300 806 3381 longe
821 3300 940 3383 lateque
959 3298 1143 3363 inhaerentia
1158 3305 1189 3361 ct
1206 3301 1303 3379 insita,
1320 3307 1399 3380 utque

298 3405 329 3468 in
349 3407 524 3468 universum
545 3413 639 3469 terrus
661 3408 772 3470 diversi
791 3406 905 3472 coloris
926 3429 1047 3490 semper
1068 3414 1223 3472 crustosus
1249 3431 1286 3473 ac
1302 3409 1399 3470 densas

299 3515 509 3578 concretiones
531 3513 641 3578 babere
662 3535 788 3579 necesse
811 3523 870 3580 est:
892 3518 1021 3580 maxime
1042 3536 1117 3580 vero
1140 3524 1238 3580 terrae
1258 3510 1400 3596 juncturis

301 3621 473 3704 inaequales
496 3629 566 3686 sunt
587 3625 808 3688 concretiones.
841 3628 1002 3690 Caeterum
1023 3631 1126 3706 petras
1143 3626 1324 3708 nigricantes
1343 3636 1400 3683 esse

300 3737 430 3812 oportet,
465 3751 541 3813 quae
575 3733 710 3797 ambiunt
737 3733 826 3798 locos
857 3735 910 3818 qui
937 3734 1078 3796 videntur
1109 3753 1217 3818 aquom
1248 3731 1401 3800 consuere,

300 3859 364 3902 nou
385 3858 528 3903 voronrm
551 3841 653 3921 instar,
682 3842 737 3905 sed
765 3842 878 3924 aliquid
905 3843 1115 3906 foraminatum
1136 3843 1289 3905 babentes.
1331 3833 1402 3919 Quin

301 3953 331 4008 et
352 3967 428 4029 quae
449 3949 545 4011 olbam
570 3955 679 4013 terrum
706 3950 867 4012 admistam
889 3961 997 4031 gerunt
1025 3972 1061 4014 ac
1081 3951 1156 4014 sitae
1183 3950 1303 4014 suntin
1324 3955 1401 4016 terra,

301 4054 420 4134 qualem
445 4058 692 4136 memoravimus,
720 4060 776 4122 sub
807 4058 881 4139 ipsis
908 4061 1060 4123 radicibus
1089 4058 1158 4122 solo
1186 4059 1293 4121 innatis
1319 4067 1402 4136 aquas

299 4161 419 4224 liabent
458 4164 563 4246 Aquas
584 4184 659 4229 vero
685 4168 797 4230 indicat
823 4167 936 4251 aliquid
957 4167 1125 4246 herborum,
1149 4168 1187 4230 de
1208 4165 1317 4252 quibus
1339 4157 1403 4222 dni-

302 4287 379 4342 mus‚
411 4269 446 4331 iis
479 4291 653 4352 egrosscens.
704 4277 803 4338 Porro
834 4275 1005 4357 inaequales
1027 4281 1180 4358 petrarum
1203 4270 1404 4338 concretiones
