2984 4876
355 295 440 352 Librr
457 297 505 352 ΙΙΙ.
540 295 691 354 Democriti
711 317 821 372 opernm
841 303 1001 374 fragmenta.
1175 305 1238 370 217

121 461 153 526 δέ
175 463 207 526 αἱ
228 459 370 545 ἀνόμοιοι
396 463 456 524 τῶν
483 465 601 546 πετρῶν
631 459 755 548 ἔχουσιν
788 461 896 542 ῦδατα,
924 463 978 549 κᾷν
1008 468 1080 530 ὦσιν
1110 467 1141 530 ἐν
1173 473 1236 539 τοῖς

122 568 291 653 εἰρημένοις
315 568 440 651 κλίμασι
467 568 614 650 κείμεναι.
661 567 713 633 Ἐν
742 571 795 654 μὲν
823 569 877 636 οῦν
907 572 945 656 τη
980 575 1155 658 ψηφιδιύδει
1181 575 1319 662 iiii-⁴¹·

122 675 172 738 καὶ
194 677 323 760 μελαίνῃ
346 677 397 738 καὶ
418 674 530 760 πυκνῇ,
552 677 603 740 καὶ
625 679 741 760 ὁμοίως
762 679 918 760 ρλοιιύδει,
946 680 1074 765 λιβάδας
1095 684 1145 746 δεῖ
1164 690 1236 749 πολ-

122 781 175 850 λὰς
192 785 243 846 καὶ
269 783 468 852 ἐπιπολαίους
487 783 574 848 εἶναι.
623 785 679 848 Διδ
703 784 855 870 συμφέρει
876 785 907 848 ἐν
926 786 1050 857 ταύταις
1070 790 1142 860 τοὺς
1164 793 1235 856 ύπο-

121 888 233 972 νόμους
255 890 407 976 ὀρύσσειν,
433 892 584 976 ἑπόμενον
603 897 668 962 ταῖς
692 896 825 979 λιβάσιν·
849 892 931 958 ούτω
952 894 1009 979 γὰρ
1034 895 1069 959 ἄν
1092 900 1234 963 πλεῖστον

122 999 203 1086 ύδωρ
235 1002 404 1082 συνάγοιτο.
455 997 507 1063 Ἐν
537 1001 572 1062 δὲ
604 1005 668 1070 τοῖς
694 1002 813 1085 ἀραιοῖς
841 1002 891 1064 καὶ
919 1004 1089 1088 πετρώδεσι
1119 1007 1233 1084 τόποις,

120 1104 175 1190 κᾷν
198 1110 339 1172 ὁπωσοῦν
363 1107 515 1193 εύρεθῦνσι
539 1110 645 1192 πηγαί,
666 1114 732 1176 ταῖς
752 1109 942 1193 εὑρεθείσαις
962 1110 1132 1194 ἀρκεῖσθαι.
1175 1104 1316 1177 dats-⁴⁵2·

122 1217 158 1279 δὲ
188 1219 358 1279 σκοποῦντα
386 1215 436 1277 καὶ
471 1215 731 1299 ύδροσκοπεῖσθαι
760 1217 890 1303 τοιούτῳ
915 1219 970 1281 τινί
1001 1217 1114 1304 τρύπιρ.
1149 1243 1234 1284 κατε·

120 1322 326 1407 σκευασμένον
363 1319 445 1407 ἔχειν
482 1324 648 1408 μολιβδοῦν
681 1324 820 1406 ἀχρεῖον,
852 1325 991 1410 καθάπερ
1024 1326 1234 1412 ἡμισφαίριον,

118 1435 242 1516 χωροῦν
272 1428 344 1491 ὅσον
377 1429 475 1514 χοέα,
499 1431 556 1500 Ικαὶ
584 1430 718 1515 λαβύντα
749 1432 832 1517 ἐρίου
863 1432 1001 1517 μαλλοθς
1027 1432 1081 1494 δύο
1112 1435 1234 1519 ἢτρεῖς

117 1535 331 1619 πεπλυμένους
351 1537 531 1606 διαξάναντα
560 1541 673 1613 καλῶς,
703 1541 795 1623 δῆσαι
824 1540 937 1625 μέσους
960 1541 1043 1624 λίνιρ,
1073 1539 1107 1602 τῦ
1132 1542 1166 1604 δὲ
1190 1543 1230 1604 λί-

117 1667 169 1709 νον
191 1645 422 1729 προσκολλῆσαι
435 1643 524 1731 κηρῷ
539 1645 617 1732 πρδς
639 1647 690 1710 τὸν
709 1648 861 1732 πυθμένα,
881 1645 998 1710 ἔσωθεν
1018 1651 1071 1710 τοῦ
1095 1649 1229 1731 ἀρχείου.

116 1753 331 1838 Διακεχρίσθω
354 1752 389 1815 δὲ
418 1752 469 1815 καλ
489 1753 584 1840 ἐλαίιρ
609 1754 643 1817 τδ
673 1754 806 1839 ἀγρεῖον,
833 1756 884 1818 καὶ
907 1754 938 1817 ἐν
962 1752 1008 1838 rui
1028 1754 1121 1840 τύπιρ,
1146 1755 1177 1818 έν
1199 1753 1225 1842 ᾦ
1239 1752 1311 1820 §.tt

116 1862 261 1945 διαλάβοι
281 1882 324 1930 τις
346 1860 429 1944 ῦδωρ
453 1861 610 1947 ὑπάρχειν,
635 1864 684 1924 δεῖ
703 1862 949 1948 στοχαζομένους
970 1866 1033 1930 τοῖς
1055 1862 1230 1947 δεδηλωμέ-

114 1991 180 2037 νοις
197 1968 334 2051 σημείοις
354 1967 492 2052 ὀρύσσειν
519 1971 674 2054 φρεατίαν,
696 1969 768 2032 ύσον
792 1970 841 2033 ἐπὶ
862 1970 972 2055 πήχεις
994 1971 1083 2053 τρεῖς,
1107 1971 1158 2033 καὶ
1178 1993 1229 2034 κα-

115 2075 327 2159 ταστρέψαντα
353 2075 387 2138 τδ
417 2076 537 2159 ἀρχεῖον
569 2077 600 2139 ἐν
628 2077 669 2161 τῇ
694 2077 824 2161 φρεατίᾳ
853 2076 963 2153 θεῖναι,
991 2077 1041 2138 καὶ
1060 2077 1230 2161 ’περιθέντα

115 2183 265 2265 καλάμων
292 2183 393 2267 φύλλα
412 2185 545 2268 χλωρῶν
565 2181 585 2264 ἢ
609 2181 704 2265 ἄλλην
726 2183 793 2248 τινὰ
812 2185 940 2270 βοτάνην
963 2184 1053 2246 πάλιν
1077 2185 1229 2270 ἐπιχῶσαι

114 2293 169 2374 τῆς
189 2293 245 2374 γῆς
266 2288 338 2352 ύσον
359 2290 409 2354 ἐπὶ
429 2294 540 2375 πῆχυν.
591 2285 689 2354 Τοῦτο
716 2290 751 2354 δὲ
773 2293 872 2353 ποιεῖν
894 2289 1036 2360 δύνοντος
1056 2295 1111 2355 τοῦ
1132 2293 1202 2376 ἡλίο
1234 2306 1309 2376 §.td

117 2531 212 2593 aquas
234 2511 398 2587 continent,
429 2509 521 2572 modo
552 2509 613 2572 sint
641 2508 671 2570 in
698 2509 873 2590 regionibus
902 2511 940 2572 dc
966 2511 1074 2593 quibus
1100 2511 1229 2574 diximus

117 2620 203 2683 sitae.
245 2621 278 2681 in
300 2619 455 2682 calculoso
484 2617 575 2698 igitur
597 2620 679 2678 terra
705 2617 849 2698 nigraque
867 2637 904 2679 ac
927 2618 1020 2680 densa
1042 2627 1072 2680 ct
1093 2619 1230 2681 similitor

117 2729 271 2809 glutinosa
296 2725 401 2790 latices
430 2725 541 2788 multos
571 2732 601 2786 et
630 2724 660 2786 in
690 2725 849 2805 superficie
877 2744 943 2788 esse
973 2733 1102 2806 oportet
1149 2733 1231 2809 Qua-

118 2840 247 2916 propter
268 2836 299 2896 in
324 2835 370 2896 his
398 2834 555 2898 cuniculos
584 2832 689 2895 fodere
711 2833 865 2910 conducit,
885 2833 926 2895 ita
945 2840 979 2896 ut
999 2833 1104 2896 latices
1124 2855 1231 2917 sequa-

117 2963 194 3006 utur.
237 2944 304 3005 Hoc
327 2942 406 3004 enirn
433 2943 526 3004 modo
551 2940 714 3022 plurimum
734 2959 830 3023 aquae
852 2939 1091 3021 congregabitur.
1133 2942 1173 3004 nt
1198 2944 1228 3004 in

118 3050 195 3114 raris
227 3056 257 3112 ot
282 3050 414 3130 petrosis
439 3049 517 3112 locis
546 3048 771 3130 qualescunque
793 3049 982 3130 reperientur
1001 3050 1108 3126 ioutcs,
1127 3049 1228 3111 niven-

118 3159 158 3222 tis
182 3163 344 3220 contentos
365 3177 433 3220 esse
457 3157 554 3221 decet.
596 3157 757 3220 Caeterum
786 3177 881 3239 aquae
905 3156 1117 3236 vestigatorenr
1140 3158 1228 3219 ctiam

117 3267 172 3329 tali
202 3265 346 3348 quopiam
375 3265 469 3328 modo
503 3284 611 3348 aquarn
644 3266 757 3328 scutati
788 3264 938 3327 convenit.
991 3265 1107 3329 liabent
1131 3266 1231 3346 igitur

117 3380 330 3456 praeparatum
358 3372 514 3434 vasculum
542 3373 716 3455 plumbeum
745 3373 1029 3453 hemisphaerioum,
1055 3374 1157 3454 congii
1182 3393 1231 3434 oa-

118 3501 179 3564 pax
204 3487 360 3563 sumatque
378 3478 465 3542 lanae
483 3480 595 3561 hapsos
614 3479 723 3544 molles
738 3481 815 3543 duos
834 3485 886 3542 aut
907 3487 967 3542 tres
979 3479 1061 3543 lotos
1080 3501 1116 3542 ao
1133 3481 1230 3562 probe

118 3595 386 3672 captantemque
415 3587 479 3652 lino
506 3588 628 3670 obliget,
655 3589 754 3669 ipsum
778 3607 853 3650 vero
882 3588 936 3650 lini
963 3588 1047 3651 frium
1071 3589 1148 3651 intra
1177 3607 1230 3650 vas

117 3695 158 3759 ad
179 3697 305 3759 trandum
331 3697 396 3774 ejus
422 3715 493 3760 cera
515 3697 688 3780 agglutinet.
741 3696 803 3758 Sed
834 3703 863 3758 ct
884 3697 955 3759 oleo
976 3715 1030 3758 vas
1050 3697 1182 3760 iiiinatur
1201 3701 1231 3756 ct

117 3805 148 3867 ic
175 3804 255 3882 ioco,
282 3803 334 3866 ubi
359 3804 427 3887 quis
456 3825 564 3888 aquam
590 3823 658 3868 esse
687 3803 874 3884 suspicetur,
897 3805 1073 3882 conjectura
1094 3805 1173 3866 sacta
1193 3823 1231 3864 ex

118 3913 246 3977 ostentis
277 3919 366 3975 antea
397 3914 500 3994 signis,
531 3921 640 3995 puteus
673 3912 838 3974 effodiatur·
872 3912 1029 3976 altitudine
1059 3912 1232 3974 cubitorum

117 4021 218 4096 trium,
238 4019 269 4082 in
295 4039 357 4103 qno
389 4038 442 4084 vas
462 4021 642 4086 subversum
662 4027 807 4100 ponatur,
836 4027 866 4083 et
891 4018 1113 4100 circumpositis
1144 4039 1233 4082 arun-

118 4129 222 4192 dinum
241 4128 326 4192 foliis
345 4128 503 4205 viridibus,
525 4127 653 4192 actalia
673 4129 813 4210 quapiam
833 4130 934 4206 herba,
954 4149 1060 4193 rursus
1079 4127 1119 4191 ad
1140 4127 1234 4190 cubiti

120 4256 292 4300 mensuram
321 4243 600 4320 terraaggeratur.
645 4237 680 4300 ld
707 4237 806 4320 ipsum
834 4257 907 4302 vero
929 4239 994 4303 sole
1016 4237 1173 4302 occidente
1195 4239 1237 4298 sa-
