2932 4862
344 334 429 392 Lihcr
448 332 494 390 tv.
532 333 575 390 De
595 333 745 390 Democriti
765 333 883 406 pheltia.
1107 335 1168 402 415

57 511 226 566 atomorum
252 523 330 587 quae
359 504 479 586 utrique
508 501 701 582 contigerunt
730 501 901 564 differentia
927 505 1047 584 pendet.
1090 507 1168 570 Sunt

58 612 135 674 enirn
157 612 285 676 mobiles
314 612 382 673 illae
406 610 497 672 animi
525 610 618 673 atomi
645 610 684 673 ad
713 610 938 690 intelligendum
957 614 1167 676 accommoda-

57 721 150 783 tiores
169 739 257 802 quam
279 720 348 782 illae
375 739 453 800 quse
476 717 506 779 in
526 737 656 797 corpore
685 718 794 781 insunt.
835 719 882 780 Ex
902 720 938 782 iis
960 741 1037 802 quac
1057 723 1168 784 Demo-

57 827 123 889 criti
145 827 247 890 vcrbis
268 847 287 888 a
311 829 406 891 Sexto
432 823 559 888 servatis
584 823 678 901 athuti
703 824 796 887 modo
822 827 1037 908 disputavimus
1061 829 1165 910 colligi

55 957 112 1017 par
130 943 186 1014 est,
202 937 367 1016 scepticam
387 931 554 997 Democriti
576 933 722 994 rationem
744 951 833 1014 quam
854 945 999 998 memorat
1020 936 1168 999 Aristote-

53 1045 98 1107 les
114 1041 196 1123 ¹⁶¹),
217 1051 274 1104 aue
292 1043 376 1104 nihil
390 1062 450 1104 esre
470 1059 578 1103 oerum
599 1047 659 1102 out
677 1037 763 1101 nebai
780 1059 845 1102 non
865 1063 1032 1124 apparere,
1063 1064 1080 1106 e
1104 1047 1167 1125 phi-

55 1152 176 1232 losophi
195 1150 291 1213 nostri
310 1149 448 1212 doctrine
469 1149 642 1210 necessario
665 1147 755 1210 cilici.

138 1261 215 1323 Siue
240 1258 332 1320 dubio
359 1257 431 1320 olim
458 1255 631 1336 inscriptis
658 1262 689 1317 et
718 1275 784 1318 eam
804 1258 961 1337 protessus
981 1265 1045 1321 erat
1066 1259 1168 1322 hbea-

54 1370 112 1430 rita
133 1368 312 1432 sententiam
331 1367 419 1444 cujus
444 1363 564 1445 saepius
586 1363 719 1425 meminit
735 1364 915 1428 Aristotcles
927 1365 935 1399 ⁸
947 1363 1008 1446 ⁶²),
1031 1373 1061 1428 ct
1079 1387 1167 1448 qnam

53 1477 112 1556 ipsi
135 1493 232 1556 snpra
255 1473 426 1554 posuimus,
453 1491 525 1533 vera
555 1491 622 1534 esse
649 1491 686 1532 ea
715 1491 792 1553 quoe
819 1473 957 1536 sensibus
978 1481 1166 1554 apparerent.

52 1585 116 1646 Serl
147 1585 226 1645 hanc
258 1581 289 1642 in
319 1601 422 1642 oerum
448 1599 576 1642 numero
608 1579 701 1641 hrisse
726 1587 877 1660 putamus,
906 1599 983 1663 quae
1007 1583 1167 1644 Plutarcho

52 1701 130 1754 teste
160 1701 269 1772 postca
288 1688 482 1751 Democritus
513 1685 711 1766 rejecit'⁵³).
754 1688 819 1750 Etsi
839 1707 913 1750 vero
935 1709 997 1752 uon
1016 1690 1167 1752 credimus

52 1799 137 1882 quod
158 1799 202 1862 ait
222 1798 290 1860 Joh.
312 1796 499 1876 Philoponus
518 1795 556 1856 ad
568 1793 660 1858 Arist.
682 1796 720 1856 de
739 1795 827 1858 enim.
840 1795 873 1880 β’.
888 1799 937 1872 to,
958 1797 1167 1859 Democritum

51 1915 142 1968 antea
171 1906 252 1967 ialam
280 1905 362 1985 quod
390 1905 588 1984 Protagoram
616 1902 654 1964 de
685 1922 787 1965 rerum
819 1904 992 1984 cognitione
1017 1905 1167 1980 statuisse,

52 2036 149 2098 qumn
174 2035 193 2074 o
216 2011 377 2075 Plutarcho
408 2017 541 2088 constet,
570 2032 639 2073 eum
667 2011 814 2075 nonnulla
841 2014 1026 2093 Protagorae
1048 2011 1169 2074 decreta

52 2118 345 2203 irnpugnasse¹⁶⁴)‚
366 2125 464 2180 torrren
484 2119 628 2198 temporis
651 2139 813 2199 progresso
836 2119 1051 2199 philosophum
1068 2119 1168 2182 Abde-

51 2231 188 2293 ritanrmr
219 2233 378 2307 postquam
404 2225 497 2286 multa
524 2226 631 2287 molins
660 2225 856 2306 percepisset,
877 2227 1024 2308 quondam
1048 2227 1170 2306 dogma-

50 2349 116 2401 tmn
139 2341 257 2416 purtem
280 2337 410 2392 mutasse
426 2339 477 2393 eut
496 2333 665 2394 accuratius
686 2331 865 2408 definivisse,
887 2333 981 2394 exiis
1003 2334 1090 2395 etiam
1106 2333 1171 2394 col·

49 2447 106 2527 ligi
131 2447 237 2523 potest
269 2457 347 2519 quac
374 2439 412 2498 de
441 2457 535 2518 opere
561 2439 783 2523 νρατυντηρίων
807 2439 1003 2520 inscriptione
1022 2448 1131 2503 ornato
1152 2461 1171 2504 ιι

48 2550 212 2616 veteribus
232 2545 352 2627 prolita
370 2551 441 2607 sunt
458 2542 540 2624 ⁸⁸⁵).

139 2656 286 2719 Ultimum
307 2655 336 2715 in
349 2651 515 2715 Democriti
536 2652 696 2734 discipline
716 2653 818 2730 locum
833 2653 940 2716 morali
960 2655 1170 2737 philosophiae

50 2764 264 2832 concedimus.
307 2761 429 2844 Quippe
449 2761 524 2823 hano
547 2761 723 2842 disciplinae
742 2769 859 2843 partem
880 2783 949 2825 cum
969 2763 1092 2845 reliquis
1114 2764 1172 2826 sci-

50 2878 90 2940 tis
109 2877 154 2936 ita
179 2878 292 2933 tontum
320 2869 472 2950 colligavit
496 2876 603 2932 auctor
632 2878 665 2933 ut
690 2889 796 2933 comm
825 2891 901 2953 quae
927 2871 1170 2952 philosophando

50 2985 215 3044 invenerat
236 2979 294 3040 alia
314 2978 352 3040 ad
374 2997 475 3040 mores
502 2979 677 3042 formandos
706 2981 890 3056 transferret,
913 2980 970 3042 elia
989 2979 1038 3041 hic
1056 2979 1173 3042 omitte

49 3100 106 3167 ret,
132 3087 192 3152 sed
224 3085 254 3147 iu
278 3085 398 3148 illorum
426 3085 529 3148 locum
555 3086 751 3150 substitueret
780 3110 857 3172 quoe
885 3087 977 3170 vulgo
1006 3087 1172 3150 oGraecis

48 3222 261 3240 ’‘—

125 3287 186 3348 ¹⁵¹)
207 3282 286 3334 Arist.
303 3283 417 3346 hlotaph.
438 3299 462 3348 p.
485 3283 533 3335 177
548 3286 589 3338 ed.
607 3287 663 3336 Dr:
690 3280 852 3357 Δημόκριτός
872 3284 900 3356 γὲ
921 3302 997 3356 φησιν
1014 3282 1073 3355 ἦτοι
1090 3279 1170 3359 poth

49 3369 118 3421 εἶναι
133 3359 264 3434 ἀληθὲςῆ
284 3361 345 3433 ἡμῖν
365 3355 391 3432 γ’
412 3361 519 3433 ἄδηλον.

125 3461 186 3522 ¹⁵¹)
204 3459 310 3510 Aristot.
330 3459 471 3523 degener.
492 3463 519 3509 ct
536 3458 643 3509 interito
662 3459 679 3519 Ι,
697 3455 729 3508 D:
754 3455 808 3509 leri
830 3455 854 3508 δ’
873 3453 958 3528 gicero
978 3455 1007 3508 τὸ
1029 3451 1125 3526 ἀληθὲς
1145 3453 1171 3506 όν

48 3545 87 3611 τῷ
110 3533 264 3612 calceetur,
289 3537 390 3590 ἐναντία
421 3538 449 3591 tt
474 3539 518 3591 καὶ
542 3537 633 3610 ἄπειρα
653 3536 686 3589 τὰ
715 3536 867 3610 ραινόμινσ,
889 3536 921 3590 τὰ
942 3537 1064 3610 σχήματα
1082 3536 1173 3608 ἄπειρα

48 3623 194 3691 ἐποίησαν.

126 3713 187 3774 ¹⁵³)
210 3711 340 3762 Plutarch.
361 3713 395 3764 de
414 3716 512 3766 virtuto
533 3713 628 3765 moreh
649 3729 674 3776 p.
693 3710 745 3765 its
763 3715 797 3778 (p.
810 3709 868 3774 760,
885 3711 936 3763 rol.
951 3711 995 3762 Vll
1013 3711 1054 3761 ed.
1067 3709 1173 3771 hesli:

44 3787 250 3864 'ilpterottl-tps.
268 3785 429 3863 Δημόκριτός
446 3810 473 3846 τι
495 3793 540 3844 καὶ
559 3789 709 3864 Χρόσιππας
730 3792 784 3844 tna
803 3797 856 3844 τῶν
876 3786 987 3864 πρόσθεν
1008 3787 1096 3846 αὐτοῖς
1118 3787 1174 3860 ἀρι-

48 3874 175 3926 σκόντων
197 3869 336 3939 ἀθαρΰρως
354 3873 398 3924 καὶ
418 3873 538 3944 litero:
555 3873 600 3924 καὶ
619 3869 681 3940 μεθ’
705 3871 800 3944 ἡδονῆς
819 3873 938 3943 ἀφεῖσαν.

128 3964 188 4025 ¹⁵⁴)
208 3963 340 4015 Plutarch.
360 3965 419 4016 adv.
444 3967 497 4016 Col.
519 3979 544 4028 p.
566 3963 633 4016 1108
660 3969 719 4026 (vot.
739 3967 768 4026 X,
794 3981 819 4029 p.
837 3963 885 4015 hhl
909 3965 949 4015 ed.
968 3963 1080 4026 helsen:
1106 3958 1174 4012 ἀλλὰ

47 4042 182 4100 τοσοῦτόν
208 4059 236 4110 γι
263 4037 426 4113 Δημόκριτος
453 4044 545 4097 decori
566 4051 612 4098 τοῦ
641 4047 762 4114 νομίζειν,
789 4045 824 4116 μὴ
854 4043 954 4113 μᾶλλον
976 4042 1042 4093 εἶναι
1067 4039 1175 4112 reiecit

47 4135 123 4179 τοῖον
144 4129 202 4175 τῶν
224 4124 383 4193 πραγμάτων
399 4123 517 4180 ἕκαστον.
535 4124 601 4177 ὥστε
621 4123 782 4198 Πρωταγόρᾳ
799 4129 836 4196 τῷ
860 4127 968 4198 σοφιστῇ
985 4127 1063 4176 τοῦτο
1083 4119 1177 4176 εἰπόντι

48 4201 231 4280 μεμαχῆσθαι
248 4205 293 4256 καὶ
310 4205 463 4278 γιγραρόνσι
482 4203 568 4259 rolli
587 4207 631 4258 καὶ
651 4203 747 4259 πιθανὰ
767 4205 832 4280 πρός
851 4205 939 4260 airis.

133 4298 195 4361 ¹⁵⁵)
218 4295 275 4348 h'id.
295 4313 352 4364 pag.
376 4295 430 4350 1³6.
