2932 4862
370 312 455 368 Lihar
473 309 520 370 tv,
555 311 598 366 na
617 309 767 367 Democriti
785 311 904 384 placitis.
1128 313 1193 380 393

79 481 226 562 animalia,
246 483 346 545 omnia
367 481 498 564 danique
520 501 598 562 quae
617 481 647 542 iu
670 499 773 542 rerum
792 483 900 542 namra
921 487 992 544 suut
1013 483 1116 546 effecit
1131 487 1191 548 Dc-

82 588 286 671 mocritus⁶⁸)
304 589 494 670 singulorum
509 587 682 654 discrimina
704 607 741 649 er
759 593 930 650 atomorum
951 590 1057 670 ligura,
1077 593 1191 672 magui.

80 701 194 776 tudine,
211 699 270 762 situ
290 697 488 778 suspendens.
534 697 581 758 Ασ
608 696 738 777 primum
758 695 881 778 quidem
911 695 949 758 de
972 696 1127 761 elementis
1146 700 1191 762 lo-

80 808 231 890 quendum
249 813 302 868 cst
341 806 424 866 llaec
445 810 479 867 ut
501 822 538 866 ex
556 804 663 866 atomis
682 809 750 866 orta
769 822 831 866 uuu
850 821 922 866 vere
942 803 981 866 ab
1001 805 1189 870 Abderitauo

79 916 264 997 philosopho
293 913 441 975 elementa
466 910 527 973 dici
551 917 700 991 poterant.
751 915 853 991 Quare
878 911 966 974 facile
986 912 1131 991 adducor,
1157 922 1192 978 ut

80 1025 170 1088 tidem
192 1024 318 1086 habeam
338 1018 496 1082 Aristoteli
524 1017 657 1080 nmranti
684 1018 873 1098 singulorum
895 1019 1114 1084 clementorum
1130 1023 1194 1084 ίοιῑ·

79 1152 159 1194 maru
186 1151 204 1194 a
232 1129 408 1192 Democrito
435 1145 498 1190 uon
522 1145 590 1188 esse
613 1126 765 1188 delinitam
791 1132 821 1188 ct
846 1127 981 1210 quamvis
1002 1128 1191 1208 sphaericam

79 1242 206 1321 liguram
237 1237 300 1320 igni
329 1237 518 1316 assignasset,
548 1233 664 1317 reliqua
690 1239 788 1296 tamen
815 1233 963 1298 elementa
985 1237 1190 1316 magnitudine

79 1355 194 1411 tautum
217 1353 247 1410 et
277 1344 422 1426 parvitate
451 1360 520 1404 eum
548 1340 727 1418 distinxisse,
757 1341 869 1422 quippe
892 1363 1020 1426 quorum
1042 1345 1191 1423 (commu-

79 1457 142 1537 nis)
162 1463 268 1519 natura
290 1454 323 1534 (i.
343 1471 368 1514 e.
389 1449 497 1531 atomi)
525 1439 659 1512 urmrium
685 1467 787 1510 rerum
812 1451 926 1512 semiue
948 1451 1116 1514 contineret
1129 1451 1190 1534 ⁶⁹).

79 1564 284 1645 Quamobrem
312 1578 375 1623 uon
401 1557 569 1620 audiendus
595 1556 769 1639 Simplicius
792 1557 832 1620 ad
848 1557 940 1620 Arist.
964 1559 1053 1639 Phys.
1079 1561 1132 1625 tol.
1157 1567 1190 1627 8:

81 1670 109 1731 ci
132 1669 168 1732 δὲ
191 1669 261 1752 περὶ
279 1666 452 1730 Λεύκιππον
474 1664 525 1726 ιιαί
548 1662 747 1748 Δημόκριτον,
771 1665 918 1746 iuquiens,
944 1665 1001 1730 οὐκ
1023 1665 1190 1732 ἐναντιοῡν·

78 1797 127 1838 ται
150 1775 223 1859 πρὸς
245 1773 336 1838 τὸτὰ
364 1772 499 1855 τέσσαρα
520 1773 656 1855 στοιχεῖα
680 1775 739 1834 τῶν
763 1770 917 1834 συνθέτων
941 1771 1019 1836 εἶναι
1039 1777 1191 1859 σωμάτιον

78 1883 189 1967 ἀρχαῖς,
232 1885 279 1945 De
298 1882 427 1963 globosa
453 1887 484 1942 et
510 1878 650 1941 circulari
678 1885 850 1942 atomorum
872 1880 969 1960 ligura
991 1901 1068 1964 quae
1092 1883 1192 1964 iguem

76 2009 113 2052 ex
137 1989 303 2052 Democriti
327 1987 474 2052 sententia
499 1986 684 2050 coustituuut
705 1987 800 2050 multa
822 1987 903 2067 apud
925 1987 1122 2053 Aristotelem
1141 2013 1192 2056 ex-

75 2105 159 2160 stant
180 2093 421 2176 testimouis⁷⁰).
472 2093 633 2158 Caeterum
659 2094 887 2158 substilissimus
916 2115 1053 2179 quaeque
1076 2107 1192 2164 atomo-

75 2225 147 2282 rum
174 2203 301 2266 maxime
320 2203 359 2266 ad
380 2205 480 2284 ignem
501 2202 691 2264 alliciendum
714 2201 886 2280 valeut⁷¹).
929 2201 1041 2266 Ahrem
1063 2207 1193 2272 sortasse

78 2333 94 2374 a
116 2311 326 2374 minutissimis
351 2311 541 2393 corpusculis
560 2309 721 2372 conflatum
740 2309 826 2372 hauxit
839 2310 1053 2377 Democritus·
1083 2314 1192 2398 Neque

78 2419 286 2498 dubitandum,
309 2419 381 2503 quin
406 2417 606 2500 philosophus
636 2423 741 2480 noster
761 2418 837 2480 mari
858 2420 989 2498 majores
1010 2441 1120 2504 easque
1141 2443 1193 2487 au-

79 2529 202 2608 gulares
224 2534 343 2591 atomos
367 2526 515 2602 tribuerit,
541 2525 572 2587 id
598 2525 681 2607 quod
710 2545 748 2586 ex
774 2525 810 2588 iis
840 2545 917 2608 quae
940 2527 978 2590 de
1000 2529 1082 2592 salso
1101 2533 1193 2595 maris

79 2653 191 2716 sapore
213 2635 294 2698 dicta
313 2641 384 2697 sunt
400 2631 461 2714 Η),
491 2639 574 2694 recte
600 2633 720 2695 videtur
747 2634 986 2714 Papencordtius
1011 2639 1189 2716 conjecisse.

150 2915 192 2978 ⁶⁸)
212 2916 342 2967 Plutarch.
360 2915 420 2967 adv.
449 2917 532 2967 Colut.
550 2929 574 2980 p.
596 2912 664 2966 1110
690 2915 772 2976 (Tum.
790 2915 819 2978 x,
845 2931 869 2980 p.
891 2911 942 2968 568
966 2917 1006 2970 ed.
1031 2917 1143 2982 thaisis:
1169 2917 1194 2970 τί

78 2995 124 3068 γὰρ
143 2993 212 3063 λέγει
232 2990 406 3064 Δημόκριτοςς
426 2991 514 3051 σόσίας
538 2991 658 3064 ἀπείρους
676 2991 706 3045 τό
731 2990 842 3065 πλῆθος,
860 2993 973 3064 ἀτόμους
992 3013 1021 3049 τι
1040 2998 1084 3049 ιιαί
1103 2996 1192 3069 διαφό-

80 3092 146 3145 ρους,
167 3075 204 3126 ίτι
223 3067 252 3126 δ’
271 3072 376 3132 ἀποίους
394 3076 439 3126 καί
458 3069 566 3132 ἀπαθεῖς
584 3073 610 3124 lt
631 3073 671 3142 τῷ
685 3075 756 3144 κενῷ
773 3071 895 3146 ιρίρεοίίαι
908 3075 1110 3148 διεσπαρμίνας·
1131 3075 1193 3132 όταν

80 3151 107 3206 ἀί
127 3152 277 3208 πιλόσοισιν
304 3152 436 3224 ἀλλήλαις,
470 3151 486 3224 ἦ
509 3153 684 3222 σομπίσιυσιν,
713 3151 730 3224 ἡ
757 3153 947 3226 περιπλακῶσι,
974 3154 1109 3229 φαίνεσθαι
1139 3164 1192 3211 τῶν

81 3231 276 3306 ἀθροιζομένων
300 3232 330 3286 τὸ
351 3234 398 3302 μὲν
423 3231 510 3306 ilum,
532 3231 562 3285 τό
586 3231 614 3285 m
637 3237 705 3302 πῦρ,
731 3231 760 3284 τό
779 3233 806 3286 hi
827 3235 916 3307 φυτόν,
944 3235 974 3290 τό
994 3231 1023 3289 δ’
1044 3235 1192 3310 ἄνθρωπον.

81 3315 154 3381 Diog.
175 3317 261 3368 Laert.
280 3317 320 3379 tx,
339 3313 389 3366 44:
411 3313 520 3372 καὶτὰς
538 3310 650 3382 ἀτόμους
668 3311 696 3366 ὄλ
715 3312 833 3385 ἀπείρους
851 3315 915 3368 εἶναι
933 3317 1001 3370 stara
1019 3317 1130 3389 μόγείλος
1148 3321 1193 3372 ιιαί

80 3391 197 3465 πλῆθος·
218 3391 341 3465 φέρεσθαι
368 3393 395 3446 δ’
415 3394 442 3447 όν
467 3396 507 3464 τῷ
530 3389 583 3464 όλιμ
608 3392 760 3462 δινουμένας
784 3395 830 3447 eal
849 3392 918 3449 οὕτω
935 3397 1020 3450 πάντο
1036 3399 1069 3451 τό
1092 3401 1192 3472 casapi-

80 3492 149 3541 ματα
166 3475 266 3546 γεννᾷν,
285 3479 348 3546 πῦρ,
367 3471 446 3546 ὕδωρ,
465 3472 538 3546 ἀίρα,
556 3478 612 3544 γῆν.
650 3470 725 3526 Είναι
751 3473 798 3546 γὰρ
818 3477 964 3530 καὶταῦτα
985 3479 1013 3540 ἐξ
1033 3479 1138 3549 ἀτόμων
1158 3499 1194 3532 τι·

80 3559 132 3606 νῶν
149 3554 310 3626 συστήματα,
327 3553 390 3626 ἀπιρ
411 3553 474 3607 εἶναι
494 3549 582 3624 ἀπαθῆ
600 3555 645 3608 καί
661 3554 826 3609 ἀναλλοίωτα
846 3555 888 3610 δια
908 3555 1140 3630 ιὴνστερρότητα.

151 3673 193 3736 ⁸⁹)
216 3675 322 3722 hristot.
345 3671 378 3722 de
397 3672 473 3722 coelo
486 3672 526 3732 111,
545 3667 576 3723 l:
603 3674 677 3722 ποῖον
702 3670 730 3725 m
751 3673 796 3724 καί
814 3671 839 3724 τί
857 3672 967 3726 ίιιάστου
984 3671 1014 3726 τό
1032 3679 1120 3747 σχῆμα
1140 3681 1192 3728 τῶν

82 3749 216 3821 στοιχείων
234 3747 309 3802 cotto
331 3749 494 3820 ίπιλιιίιριοαν
516 3747 672 3812 (hstes-soe
695 3753 740 3804 ιιαί
761 3748 944 3824 Δαμόκριτος),
973 3753 1136 3824 ἀλλὰμόνου
1155 3759 1194 3818 τῷ

82 3831 142 3900 πυρὶ
158 3829 204 3901 τὴν
224 3835 334 3902 σφαῖραν
356 3829 509 3882 osteum·
538 3830 601 3902 ἀίρα
627 3829 655 3883 ct
676 3832 721 3884 παλ
739 3830 810 3904 ὕδωρ
829 3833 873 3885 καί
892 3833 924 3885 τό
944 3833 1011 3887 ἀλλα
1030 3833 1132 3906 μεγέθει
1149 3838 1195 3890 οιαὶ

84 3907 232 3980 σμικρότητι
251 3909 344 3963 όιεῖλον
364 3909 400 3970 ὡς
418 3909 498 3964 οὖσαν
519 3909 605 3964 αὐτῶν
626 3912 673 3984 τὴν
692 3911 768 3986 picra
789 3911 843 3966 οίον
862 3914 1038 3986 πανσπερμίαν
1058 3917 1174 3972 πόντιον.

153 4025 193 4090 ⁷⁰)
212 4027 248 4080 ct.
269 4027 302 4079 dc
321 4029 399 4078 anim.
418 4028 437 4090 1,
454 4023 483 4089 Q
502 4029 536 4080 do
553 4043 610 4094 gen.
630 4033 658 4082 et
674 4031 749 4082 luter.
768 4033 786 4094 l,
806 4029 829 4082 Β.

155 4141 195 4204 ¹¹)
214 4142 251 4194 Ct.
271 4155 353 4208 supra
376 4142 467 4206 fragm.
489 4143 564 4206 phys.
587 4141 627 4196 35.

156 4257 195 4320 ⁷²)
214 4259 251 4310 ct.
272 4257 364 4320 hagm,
386 4259 461 4323 phys.
482 4254 522 4307 28.
