2892 4872
286 317 349 386 138
614 317 811 384 Quortionum
837 317 1069 377 Democriteum

617 485 658 546 (t.
696 487 830 540 SClthTA
849 480 1062 542 ΑΣΥΝΤΑΚΤΑ.

367 599 411 661 lla
431 599 561 661 tortasse
589 595 781 660 nominantur
808 596 876 659 libri
910 617 988 680 quos
1010 599 1200 664 Democritus
1218 619 1310 684 neque
1328 600 1373 662 eli-

283 715 424 783 maverat,
444 725 542 788 neque
564 707 603 768 ad
625 703 801 767 umbilicum
820 705 996 769 adduxerat

368 819 432 880 Vll
483 817 538 895 25)
566 810 666 876 Αἰτίαι
692 808 831 895 οὐράνιαι
858 813 976 879 causae
1012 817 1196 880 rachater-i.
1213 837 1238 880 e.
1267 816 1374 879 libellus

284 945 347 1009 qno
370 926 400 987 in
423 943 524 986 renam
548 919 724 986 coelestium
749 941 856 985 causas
875 923 1043 1004 inquiritur.
1081 925 1211 988 Proinde
1232 925 1374 988 commode

283 1035 356 1097 licet
375 1030 566 1112 interpretari
589 1030 786 1100 dauernoun
810 1030 847 1093 de
872 1029 961 1094 rebus
981 1033 1274 1109 emeramensi
1294 1032 1375 1112 magis

282 1143 391 1226 placet,
419 1140 456 1202 de
473 1135 648 1220 eorpon'dru
669 1136 849 1201 conbanem,
897 1139 1043 1204 Similiter
1061 1147 1221 1224 sequentes
1243 1141 1314 1204 tituli
1333 1160 1374 1202 ex-

282 1249 424 1334 plicandi.

368 1359 424 1438 96)
447 1354 547 1418 Αἰτίαι
568 1341 669 1438 ’ἠέριοι
690 1353 797 1435 (vulgo
823 1352 936 1439 ἀέριοι)
959 1355 977 1418 i.
997 1376 1033 1434 α,
1053 1363 1088 1420 ut
1107 1359 1288 1439 posteriores
1305 1356 1375 1418 dixe·

283 1474 363 1545 runt,
390 1465 460 1550 περὶ
483 1461 737 1546 μετεωρολογίας.

368 1576 424 1654 27)
450 1569 551 1634 Αἰτίαι
579 1567 727 1632 ἐπίπεδοι.
768 1570 964 1650 Ambrosius,
991 1574 1140 1656 Diogenis
1172 1576 1311 1656 interpres
1332 1571 1374 1634 lib.

281 1685 399 1760 1x,47
425 1679 563 1760 exponit:
595 1699 707 1741 causae
734 1698 840 1742 eorum
870 1701 948 1760 quoe
973 1683 1009 1744 ιἰι
1028 1687 1192 1766 superficie
1211 1693 1305 1746 torrae
1320 1701 1373 1743 eec-

283 1793 389 1854 ιιίααί.
431 1787 529 1851 Aliter
552 1787 710 1850 Fabricius
737 1787 787 1850 cui
817 1788 970 1851 videntur:
1003 1789 1305 1873 conceptumn,
1324 1791 1374 1849 siue

282 1919 398 1978 οονααι,
420 1917 498 1979 quaa
517 1897 553 1958 a'n
570 1897 731 1977 superficie
757 1915 918 1977 corporum
940 1901 1095 1962 eveniunt.
1135 1903 1263 1983 Utraque
1286 1893 1374 1958 diluci-

283 2008 373 2070 dandi
394 2005 471 2069 ratio
493 2005 615 2068 delendi
632 2010 742 2084 potest
771 2005 919 2085 Equidem
941 2006 1028 2070 facile
1049 2009 1196 2086 adducor,
1210 2016 1244 2072 ut
1261 2008 1372 2076 credam,

281 2114 332 2176 bic
355 2113 393 2176 de
412 2119 510 2175 terrae
532 2111 693 2192 superficie
717 2111 909 2192 cogitandum
932 2133 1008 2178 esse.
1052 2117 1215 2197 Quocirca,
1236 2117 1290 2180 nisi
1309 2115 1373 2176 sorte

282 2221 429 2284 audacior
451 2223 628 2300 conjectura
651 2225 704 2296 est,
726 2221 933 2284 Democritum
957 2222 986 2282 in
1006 2222 1062 2286 bac
1084 2226 1325 2288 commentatione
1342 2219 1372 2278 de

282 2329 382 2392 causis
405 2335 536 2392 mutatae
573 2335 719 2390 terrarum
748 2329 921 2409 superficiei
954 2330 1126 2411 disputasse
1155 2328 1372 2396 existimaverim

283 2437 376 2519 Quod
396 2437 422 2499 si
445 2443 527 2499 reete
548 2436 697 2516 suspicor,
721 2437 781 2498 boo
805 2455 884 2516 opus
913 2441 1111 2519 qrmasttbmr,
1141 2447 1175 2503 ut
1196 2461 1273 2504 nunc
1292 2434 1374 2519 loqni-

282 2564 358 2620 mnr,
377 2545 551 2626 geologicm
568 2543 751 2607 continebat
796 2545 843 2608 cf.
867 2547 970 2628 fragm.
989 2546 1057 2611 libr.
1084 2549 1125 2612 de
1146 2551 1236 2630 agric.
1257 2553 1275 2612 Α
1297 2544 1321 2630 ξ.
1341 2542 1374 2606 36

282 2661 313 2717 et
335 2654 386 2717 37.

368 2763 425 2842 28)
448 2757 549 2822 Αἰτίαι
567 2757 636 2842 περὶ
656 2759 753 2843 πυρὸς
775 2760 826 2823 καί
847 2764 907 2824 τῶν
922 2759 953 2823 ἐν
975 2763 1056 2848 πυρί,
1072 2763 1375 2846 quoertrbncrdeigrw

281 2870 368 2934 etde
387 2869 435 2932 lab
457 2888 536 2950 ρααα
552 2874 629 2929 sant
649 2869 685 2930 air
705 2870 786 2950 ι’ροια
825 2871 860 2932 ln
882 2870 938 2933 hac
960 2871 1126 2953 scriptione
1148 2872 1309 2936 disserebat
1324 2868 1373 2928 for·
1428 2859 1429 2872 ¹

283 2987 364 3043 tasse
383 2979 421 3040 de
443 2977 551 3040 atomis
572 2995 648 3057 quae
666 2957 699 3037 in
716 2976 786 3057 igne
805 2983 956 3042 notantur.

365 3087 444 3150 Vlll.
487 3087 544 3166 29)
572 3081 770 3168 Αίτίαι.περί
793 3083 923 3168 φωνέων
953 3087 1048 3169 (vulg.
1076 3111 1125 3170 ap.
1147 3089 1234 3170 Diog.
1256 3081 1375 3172 coner),

283 3195 477 3278 quaestiones
496 3195 534 3256 de
553 3193 637 3257 sonis
660 3200 690 3257 et
711 3194 847 3257 vocibus.

368 3303 424 3382 30)
446 3300 546 3366 Αἰτίαι
570 3300 640 3385 περὶ
668 3301 848 3386 σπερμάτων
867 3303 930 3365 ’καί
953 3309 1055 3388 φυτῶν
1084 3306 1136 3370 καὶ
1165 3306 1294 3390 καρπῶν.
1331 3299 1373 3359 Ιό

282 3410 399 3472 tronius
419 3409 541 3471 Arbiter
561 3431 591 3490 p.
613 3412 670 3472 22:
703 3409 854 3486 Omnium,
885 3410 990 3493 inquit,
1020 3414 1181 3478 herbarum
1201 3431 1305 3478 succos
1325 3410 1373 3468 De

282 3518 429 3580 mocritus
459 3518 620 3598 expressit:
654 3524 684 3580 et
715 3537 753 3579 ne
776 3517 911 3597 lapidum
930 3519 1192 3606 virgultornmque
1212 3519 1371 3592 rislaterot,

282 3631 410 3689 aetatem
447 3623 525 3686 inter
558 3625 763 3706 experimenta
792 3628 987 3708 consumpsit.
1035 3631 1212 3711 Respicinnt
1238 3633 1373 3711 praeterea

283 3735 364 3796 buno
385 3732 496 3794 librum
517 3733 681 3796 Martianus
703 3733 829 3814 Capella
853 3733 905 3798 lib.
926 3737 953 3797 D
982 3757 1011 3818 p.
1035 3741 1084 3801 27.
1126 3726 1374 3802 Pseudodioscori-

284 3843 338 3904 des
360 3847 391 3904 et
411 3839 559 3921 Apulejus
578 3841 616 3903 de
636 3841 746 3905 herbis,
786 3840 875 3904 Plinii
898 3843 987 3908 locos
1013 3845 1042 3906 in
1064 3847 1100 3910 iis
1128 3868 1205 3930 quae
1224 3848 1260 3908 de
1279 3845 1373 3904 Demo·
1428 3829 1429 3902 J

284 3951 361 4013 crito
380 3949 542 4025 contendit,
570 3949 699 4028 turpiter
730 3949 807 4030 lapsi
827 3949 948 4014 silentio
968 3955 1095 4018 transire
1115 3977 1245 4038 possem,
1269 3947 1321 4014 uisi
1337 3945 1373 4004 lu·
1428 3997 1429 4048 ;

283 4065 369 4120 turos
396 4057 567 4133 arbitrarer,
595 4057 648 4138 qui
672 4057 731 4120 hoc
760 4057 830 4118 mihi
851 4059 924 4123 vitio
953 4069 1112 4128 verterent.
1161 4063 1270 4126 Plinius
1297 4054 1372 4135 igitur

282 4165 333 4228 lib.
355 4165 461 4241 XXV,
487 4166 506 4225 2
527 4165 687 4242 Homerus,
707 4163 758 4242 ait,
782 4173 812 4226 et
831 4167 904 4230 alias
927 4171 1103 4236 nominatim
1124 4173 1229 4235 herbas
1249 4163 1372 4231 celebrat

285 4293 360 4360 quas
382 4272 445 4336 suis
474 4271 553 4336 locis
573 4271 715 4336 dicemus.
761 4273 810 4337 Ab
838 4296 876 4340 eo
897 4278 1094 4361 Pythagoras,
1120 4282 1217 4345 clarus
1237 4265 1373 4358 sapientia,
