<?xml version="1.0" encoding="UTF-8"?>
<!DOCTYPE html PUBLIC "-//W3C//DTD XHTML 1.0 Transitional//EN"
    "http://www.w3.org/TR/xhtml1/DTD/xhtml1-transitional.dtd">
<html xmlns="http://www.w3.org/1999/xhtml" xml:lang="en" lang="en">
 <head>
  <title>
</title>
<meta http-equiv="Content-Type" content="text/html;charset=utf-8" />
  <meta name='ocr-system' content='tesseract 3.04.00' />
  <meta name='ocr-capabilities' content='ocr_page ocr_carea ocr_par ocr_line ocrx_word'/>
</head>
<body>
  <div class='ocr_page' id='page_1' title='image "./democritiabderi00mullgoog_0251.png"; bbox 0 0 2984 4876; ppageno 0'>
   <div class='ocr_carea' id='block_1_1' title="bbox 291 323 1072 390">
    <p class='ocr_par' dir='ltr' id='par_1_1' title="bbox 291 323 1072 390">
     <span class='ocr_line' id='line_1_1' title="bbox 291 323 1072 390; baseline -0.017 0"><span class='ocrx_word' id='word_1_1' title='bbox 291 323 356 390; x_wconf 69' lang='lat'><strong>23⁰</strong></span> <span class='ocrx_word' id='word_1_2' title='bbox 622 325 818 390; x_wconf 71' lang='lat' dir='ltr'><strong>Quaestionum</strong></span> <span class='ocrx_word' id='word_1_3' title='bbox 837 323 1072 380; x_wconf 70' lang='lat' dir='ltr'><strong>Democriteum</strong></span> 
     </span>
    </p>
   </div>
   <div class='ocr_carea' id='block_1_2' title="bbox 291 484 1404 1006">
    <p class='ocr_par' dir='ltr' id='par_1_2' title="bbox 291 484 1404 1006">
     <span class='ocr_line' id='line_1_2' title="bbox 294 484 1403 580; baseline -0.006 -24"><span class='ocrx_word' id='word_1_4' title='bbox 294 487 363 556; x_wconf 88' lang='grc' dir='ltr'><strong>Τῶν</strong></span> <span class='ocrx_word' id='word_1_5' title='bbox 384 491 442 578; x_wconf 90' lang='grc' dir='ltr'><strong>γάρ</strong></span> <span class='ocrx_word' id='word_1_6' title='bbox 463 495 587 580; x_wconf 91' lang='grc' dir='ltr'>φλεβῶν</span> <span class='ocrx_word' id='word_1_7' title='bbox 609 494 734 556; x_wconf 80' lang='grc' dir='ltr'>πολλῶν</span> <span class='ocrx_word' id='word_1_8' title='bbox 758 487 893 554; x_wconf 73' lang='grc' dir='ltr'>ἐνταῦθα</span> <span class='ocrx_word' id='word_1_9' title='bbox 917 487 1030 564; x_wconf 80' lang='grc' dir='ltr'>οὐσῶν,</span> <span class='ocrx_word' id='word_1_10' title='bbox 1053 484 1241 571; x_wconf 77' lang='grc' dir='ltr'>εὐρύνεούαι</span> <span class='ocrx_word' id='word_1_11' title='bbox 1262 489 1300 551; x_wconf 85' lang='grc' dir='ltr'>τά</span> <span class='ocrx_word' id='word_1_12' title='bbox 1319 486 1403 550; x_wconf 78' lang='lat' dir='ltr'><strong>torto</strong></span> 
     </span>
     <span class='ocr_line' id='line_1_3' title="bbox 294 593 1404 684; baseline 0.002 -24"><span class='ocrx_word' id='word_1_13' title='bbox 294 595 350 661; x_wconf 83' lang='grc' dir='ltr'><strong>ὑπ’</strong></span> <span class='ocrx_word' id='word_1_14' title='bbox 374 597 484 664; x_wconf 86' lang='grc' dir='ltr'>αὐτῶν.</span> <span class='ocrx_word' id='word_1_15' title='bbox 522 599 617 684; x_wconf 77' lang='grc' dir='ltr'><strong>Καὶὴ</strong></span> <span class='ocrx_word' id='word_1_16' title='bbox 642 597 768 683; x_wconf 77' lang='grc' dir='ltr'>ἔκφυσις</span> <span class='ocrx_word' id='word_1_17' title='bbox 790 597 826 660; x_wconf 82' lang='grc' dir='ltr'><strong>δὲ</strong></span> <span class='ocrx_word' id='word_1_18' title='bbox 846 603 905 660; x_wconf 90' lang='grc' dir='ltr'><strong>τῶν</strong></span> <span class='ocrx_word' id='word_1_19' title='bbox 927 597 1062 681; x_wconf 79' lang='grc' dir='ltr'>κεράτων</span> <span class='ocrx_word' id='word_1_20' title='bbox 1082 594 1247 680; x_wconf 86' lang='grc' dir='ltr'>παχυτέρα</span> <span class='ocrx_word' id='word_1_21' title='bbox 1269 593 1347 658; x_wconf 84' lang='grc' dir='ltr'>οὐσα</span> <span class='ocrx_word' id='word_1_22' title='bbox 1367 593 1404 662; x_wconf 77' lang='grc' dir='ltr'><strong>εἰς</strong></span> 
     </span>
     <span class='ocr_line' id='line_1_4' title="bbox 291 701 1404 792; baseline -0.005 -26"><span class='ocrx_word' id='word_1_23' title='bbox 291 705 407 774; x_wconf 79' lang='grc' dir='ltr'>πλάτος</span> <span class='ocrx_word' id='word_1_24' title='bbox 428 707 462 770; x_wconf 80' lang='grc' dir='ltr'><strong>τὸ</strong></span> <span class='ocrx_word' id='word_1_25' title='bbox 479 705 553 770; x_wconf 81' lang='grc' dir='ltr'>αὐτὸ</span> <span class='ocrx_word' id='word_1_26' title='bbox 576 711 620 792; x_wconf 80' lang='grc' dir='ltr'>τιβ</span> <span class='ocrx_word' id='word_1_27' title='bbox 635 707 707 791; x_wconf 69' lang='lat' dir='ltr'><strong>(rip</strong></span> <span class='ocrx_word' id='word_1_28' title='bbox 733 702 827 790; x_wconf 81' lang='grc' dir='ltr'>μέρος</span> <span class='ocrx_word' id='word_1_29' title='bbox 846 705 975 789; x_wconf 88' lang='grc' dir='ltr'>προάγει</span> <span class='ocrx_word' id='word_1_30' title='bbox 988 704 1039 766; x_wconf 83' lang='grc' dir='ltr'><strong>καλ</strong></span> <span class='ocrx_word' id='word_1_31' title='bbox 1062 703 1179 766; x_wconf 83' lang='grc' dir='ltr'>ἐκεῖνο·</span> <span class='ocrx_word' id='word_1_32' title='bbox 1201 703 1232 764; x_wconf 83' lang='grc' dir='ltr'><strong>οἱ</strong></span> <span class='ocrx_word' id='word_1_33' title='bbox 1253 702 1289 765; x_wconf 80' lang='grc' dir='ltr'><strong>δὲ</strong></span> <span class='ocrx_word' id='word_1_34' title='bbox 1310 701 1404 784; x_wconf 74' lang='lat' dir='ltr'><strong>rupini</strong></span> 
     </span>
     <span class='ocr_line' id='line_1_5' title="bbox 294 805 1403 899; baseline -0.004 -27"><span class='ocrx_word' id='word_1_35' title='bbox 294 813 399 894; x_wconf 77' lang='grc' dir='ltr'>μικρὸν</span> <span class='ocrx_word' id='word_1_36' title='bbox 424 810 547 899; x_wconf 82' lang='grc' dir='ltr'>ἔχοντες</span> <span class='ocrx_word' id='word_1_37' title='bbox 564 816 615 878; x_wconf 79' lang='grc' dir='ltr'><strong>τὸν</strong></span> <span class='ocrx_word' id='word_1_38' title='bbox 643 813 754 878; x_wconf 79' lang='grc' dir='ltr'>κύκλον</span> <span class='ocrx_word' id='word_1_39' title='bbox 786 815 840 894; x_wconf 71' lang='grc' dir='ltr'><strong>τῆς</strong></span> <span class='ocrx_word' id='word_1_40' title='bbox 859 811 951 896; x_wconf 82' lang='grc' dir='ltr'>έύρας</span> <span class='ocrx_word' id='word_1_41' title='bbox 972 814 1026 892; x_wconf 76' lang='grc' dir='ltr'><strong>τῆς</strong></span> <span class='ocrx_word' id='word_1_42' title='bbox 1046 813 1105 873; x_wconf 86' lang='grc' dir='ltr'><strong>τῶν</strong></span> <span class='ocrx_word' id='word_1_43' title='bbox 1127 811 1281 894; x_wconf 76' lang='grc' dir='ltr'>κεράτων,</span> <span class='ocrx_word' id='word_1_44' title='bbox 1302 805 1403 870; x_wconf 82' lang='grc' dir='ltr'>πλατύ-</span> 
     </span>
     <span class='ocr_line' id='line_1_6' title="bbox 294 915 1404 1006; baseline -0.003 -27"><span class='ocrx_word' id='word_1_45' title='bbox 294 938 395 981; x_wconf 90' lang='grc' dir='ltr'>νονται</span> <span class='ocrx_word' id='word_1_46' title='bbox 414 919 515 1003; x_wconf 78' lang='grc' dir='ltr'>ἧττόν,</span> <span class='ocrx_word' id='word_1_47' title='bbox 535 944 620 1006; x_wconf 76' lang='grc' dir='ltr'>φησι.</span> <span class='ocrx_word' id='word_1_48' title='bbox 659 922 775 986; x_wconf 80' lang='lat' dir='ltr'><strong>Aulion.</strong></span> <span class='ocrx_word' id='word_1_49' title='bbox 796 923 834 984; x_wconf 91' lang='lat' dir='ltr'><strong>de</strong></span> <span class='ocrx_word' id='word_1_50' title='bbox 853 919 971 983; x_wconf 76' lang='lat' dir='ltr'><strong>enimsi.</strong></span> <span class='ocrx_word' id='word_1_51' title='bbox 993 927 1089 982; x_wconf 81' lang='lat' dir='ltr'><strong>notun.</strong></span> <span class='ocrx_word' id='word_1_52' title='bbox 1111 919 1164 981; x_wconf 91' lang='lat' dir='ltr'><strong>lib.</strong></span> <span class='ocrx_word' id='word_1_53' title='bbox 1188 919 1250 980; x_wconf 88' lang='lat' dir='ltr'><strong>Xll</strong></span> <span class='ocrx_word' id='word_1_54' title='bbox 1271 937 1337 998; x_wconf 83' lang='lat' dir='ltr'><strong>cup.</strong></span> <span class='ocrx_word' id='word_1_55' title='bbox 1361 915 1404 977; x_wconf 86' lang='lat'><strong>19.</strong></span> 
     </span>
    </p>
   </div>
   <div class='ocr_carea' id='block_1_3' title="bbox 238 1053 1471 2431">
    <p class='ocr_par' dir='ltr' id='par_1_3' title="bbox 238 1053 1471 2431">
     <span class='ocr_line' id='line_1_7' title="bbox 379 1053 1404 1148; baseline -0.008 -24"><span class='ocrx_word' id='word_1_56' title='bbox 379 1063 408 1124; x_wconf 85' lang='lat'><strong>7.</strong></span> <span class='ocrx_word' id='word_1_57' title='bbox 452 1058 491 1126; x_wconf 88' lang='lat' dir='ltr'><strong>Oi</strong></span> <span class='ocrx_word' id='word_1_58' title='bbox 513 1062 549 1126; x_wconf 78' lang='grc' dir='ltr'><strong>δέ</strong></span> <span class='ocrx_word' id='word_1_59' title='bbox 572 1061 675 1148; x_wconf 88' lang='grc' dir='ltr'>ἀκέριρ</span> <span class='ocrx_word' id='word_1_60' title='bbox 694 1066 802 1146; x_wconf 84' lang='grc' dir='ltr'>ταῦροι</span> <span class='ocrx_word' id='word_1_61' title='bbox 823 1061 857 1124; x_wconf 81' lang='grc' dir='ltr'><strong>τὸ</strong></span> <span class='ocrx_word' id='word_1_62' title='bbox 880 1058 1087 1144; x_wconf 81' lang='grc' dir='ltr'>τρηρατῶύες,</span> <span class='ocrx_word' id='word_1_63' title='bbox 1117 1057 1219 1138; x_wconf 76' lang='grc' dir='ltr'>(οὕτω</span> <span class='ocrx_word' id='word_1_64' title='bbox 1245 1055 1281 1119; x_wconf 78' lang='grc' dir='ltr'><strong>δέ</strong></span> <span class='ocrx_word' id='word_1_65' title='bbox 1304 1053 1404 1136; x_wconf 85' lang='grc' dir='ltr'>ὐνορά·</span> 
     </span>
     <span class='ocr_line' id='line_1_8' title="bbox 294 1161 1403 1255; baseline -0.005 -30"><span class='ocrx_word' id='word_1_66' title='bbox 294 1165 339 1234; x_wconf 77' lang='grc' dir='ltr'><strong>ζει</strong></span> <span class='ocrx_word' id='word_1_67' title='bbox 361 1164 564 1253; x_wconf 78' lang='grc' dir='ltr'>Δημόκριτος)</span> <span class='ocrx_word' id='word_1_68' title='bbox 594 1166 643 1232; x_wconf 77' lang='grc' dir='ltr'><strong>ἀπὶ</strong></span> <span class='ocrx_word' id='word_1_69' title='bbox 668 1173 722 1232; x_wconf 82' lang='grc' dir='ltr'><strong>τοῦ</strong></span> <span class='ocrx_word' id='word_1_70' title='bbox 749 1171 918 1255; x_wconf 86' lang='grc' dir='ltr'>βρέγματος</span> <span class='ocrx_word' id='word_1_71' title='bbox 944 1165 999 1230; x_wconf 92' lang='grc' dir='ltr'><strong>οὐκ</strong></span> <span class='ocrx_word' id='word_1_72' title='bbox 1026 1164 1150 1252; x_wconf 84' lang='grc' dir='ltr'>ἔχοντες</span> <span class='ocrx_word' id='word_1_73' title='bbox 1172 1163 1238 1248; x_wconf 79' lang='grc' dir='ltr'>(εἴη</span> <span class='ocrx_word' id='word_1_74' title='bbox 1264 1161 1298 1227; x_wconf 85' lang='grc' dir='ltr'><strong>δ’</strong></span> <span class='ocrx_word' id='word_1_75' title='bbox 1320 1161 1355 1225; x_wconf 84' lang='grc' dir='ltr'><strong>ἀν</strong></span> <span class='ocrx_word' id='word_1_76' title='bbox 1374 1161 1403 1222; x_wconf 78' lang='lat' dir='ltr'><strong>ri</strong></span> 
     </span>
     <span class='ocr_line' id='line_1_9' title="bbox 294 1266 1471 1360; baseline -0.002 -26"><span class='ocrx_word' id='word_1_77' title='bbox 294 1275 491 1356; x_wconf 83' lang='grc' dir='ltr'>σηραγγῶδες</span> <span class='ocrx_word' id='word_1_78' title='bbox 509 1275 623 1360; x_wconf 89' lang='grc' dir='ltr'>λέγων)</span> <span class='ocrx_word' id='word_1_79' title='bbox 647 1274 807 1339; x_wconf 80' lang='grc' dir='ltr'>ἀντιτύπου</span> <span class='ocrx_word' id='word_1_80' title='bbox 826 1279 880 1338; x_wconf 83' lang='grc' dir='ltr'><strong>τοῦ</strong></span> <span class='ocrx_word' id='word_1_81' title='bbox 902 1274 1015 1342; x_wconf 81' lang='grc' dir='ltr'>παντὸς</span> <span class='ocrx_word' id='word_1_82' title='bbox 1038 1273 1124 1343; x_wconf 81' lang='grc' dir='ltr'>ὄντος</span> <span class='ocrx_word' id='word_1_83' title='bbox 1147 1272 1259 1336; x_wconf 81' lang='grc' dir='ltr'>ὐστέυυ</span> <span class='ocrx_word' id='word_1_84' title='bbox 1282 1271 1333 1334; x_wconf 86' lang='grc' dir='ltr'><strong>καὶ</strong></span> <span class='ocrx_word' id='word_1_85' title='bbox 1358 1266 1404 1332; x_wconf 83' lang='grc' dir='ltr'><strong>τὰς</strong></span> <span class='ocrx_word' id='word_1_86' title='bbox 1469 1307 1471 1332; x_wconf 69' lang='grc' dir='ltr'>ι</span> 
     </span>
     <span class='ocr_line' id='line_1_10' title="bbox 293 1373 1403 1470; baseline -0.003 -28"><span class='ocrx_word' id='word_1_87' title='bbox 293 1377 438 1462; x_wconf 70' lang='lat' dir='ltr'><strong>supposes</strong></span> <span class='ocrx_word' id='word_1_88' title='bbox 457 1387 518 1446; x_wconf 91' lang='grc' dir='ltr'><strong>τῶν</strong></span> <span class='ocrx_word' id='word_1_89' title='bbox 543 1389 652 1468; x_wconf 81' lang='grc' dir='ltr'>χυμῶν</span> <span class='ocrx_word' id='word_1_90' title='bbox 679 1381 716 1445; x_wconf 92' lang='grc' dir='ltr'><strong>οὐ</strong></span> <span class='ocrx_word' id='word_1_91' title='bbox 743 1383 929 1470; x_wconf 81' lang='grc' dir='ltr'>δεχομένου,</span> <span class='ocrx_word' id='word_1_92' title='bbox 953 1382 1065 1464; x_wconf 80' lang='grc' dir='ltr'>γυμνοί</span> <span class='ocrx_word' id='word_1_93' title='bbox 1086 1403 1119 1444; x_wconf 88' lang='grc' dir='ltr'><strong>τε</strong></span> <span class='ocrx_word' id='word_1_94' title='bbox 1145 1380 1199 1443; x_wconf 85' lang='grc' dir='ltr'><strong>καὶ</strong></span> <span class='ocrx_word' id='word_1_95' title='bbox 1228 1377 1352 1462; x_wconf 86' lang='grc' dir='ltr'>ἀμυιροι</span> <span class='ocrx_word' id='word_1_96' title='bbox 1369 1373 1403 1455; x_wconf 84' lang='grc' dir='ltr'><strong>γί-</strong></span> 
     </span>
     <span class='ocr_line' id='line_1_11' title="bbox 293 1481 1404 1575; baseline -0.001 -30"><span class='ocrx_word' id='word_1_97' title='bbox 293 1502 394 1547; x_wconf 88' lang='grc' dir='ltr'>νονται</span> <span class='ocrx_word' id='word_1_98' title='bbox 414 1487 510 1552; x_wconf 86' lang='grc' dir='ltr'>τῶνδε</span> <span class='ocrx_word' id='word_1_99' title='bbox 531 1495 591 1553; x_wconf 89' lang='grc' dir='ltr'><strong>τῶν</strong></span> <span class='ocrx_word' id='word_1_100' title='bbox 616 1490 818 1574; x_wconf 78' lang='grc' dir='ltr'>ἀμυντηρίων.</span> <span class='ocrx_word' id='word_1_101' title='bbox 865 1487 926 1554; x_wconf 78' lang='grc' dir='ltr'><strong>Καὶ</strong></span> <span class='ocrx_word' id='word_1_102' title='bbox 949 1489 981 1551; x_wconf 81' lang='grc' dir='ltr'><strong>αἱ</strong></span> <span class='ocrx_word' id='word_1_103' title='bbox 1007 1487 1120 1575; x_wconf 78' lang='grc' dir='ltr'>φλέβες</span> <span class='ocrx_word' id='word_1_104' title='bbox 1144 1489 1180 1552; x_wconf 83' lang='grc' dir='ltr'><strong>δὲ</strong></span> <span class='ocrx_word' id='word_1_105' title='bbox 1204 1487 1237 1549; x_wconf 86' lang='grc' dir='ltr'><strong>αἱ</strong></span> <span class='ocrx_word' id='word_1_106' title='bbox 1257 1482 1335 1548; x_wconf 83' lang='grc' dir='ltr'>κατὰ</span> <span class='ocrx_word' id='word_1_107' title='bbox 1356 1481 1404 1542; x_wconf 76' lang='grc' dir='ltr'><strong>τοῦ</strong></span> 
     </span>
     <span class='ocr_line' id='line_1_12' title="bbox 294 1587 1402 1682; baseline -0.003 -32"><span class='ocrx_word' id='word_1_108' title='bbox 294 1587 404 1652; x_wconf 83' lang='grc' dir='ltr'>ὀστέου</span> <span class='ocrx_word' id='word_1_109' title='bbox 426 1596 516 1658; x_wconf 82' lang='grc' dir='ltr'>τοῦδε</span> <span class='ocrx_word' id='word_1_110' title='bbox 539 1596 753 1682; x_wconf 77' lang='grc' dir='ltr'>ἀτροφώτεροι</span> <span class='ocrx_word' id='word_1_111' title='bbox 775 1594 876 1672; x_wconf 77' lang='grc' dir='ltr'>οὗτοι,</span> <span class='ocrx_word' id='word_1_112' title='bbox 901 1593 1084 1680; x_wconf 80' lang='grc' dir='ltr'>λεπτύτεραέ</span> <span class='ocrx_word' id='word_1_113' title='bbox 1101 1618 1134 1658; x_wconf 89' lang='grc' dir='ltr'><strong>τε</strong></span> <span class='ocrx_word' id='word_1_114' title='bbox 1156 1595 1211 1659; x_wconf 83' lang='grc' dir='ltr'><strong>καὶ</strong></span> <span class='ocrx_word' id='word_1_115' title='bbox 1233 1587 1402 1656; x_wconf 73' lang='grc' dir='ltr'>ἀσθενέστε-</span> 
     </span>
     <span class='ocr_line' id='line_1_13' title="bbox 293 1692 1404 1794; baseline -0.003 -37"><span class='ocrx_word' id='word_1_116' title='bbox 293 1716 344 1778; x_wconf 95' lang='grc' dir='ltr'>ραι</span> <span class='ocrx_word' id='word_1_117' title='bbox 362 1697 502 1780; x_wconf 80' lang='grc' dir='ltr'>γίνονται.</span> <span class='ocrx_word' id='word_1_118' title='bbox 540 1701 674 1789; x_wconf 79' lang='grc' dir='ltr'>Ἀνάγκη</span> <span class='ocrx_word' id='word_1_119' title='bbox 699 1705 733 1766; x_wconf 82' lang='grc' dir='ltr'><strong>δὲ</strong></span> <span class='ocrx_word' id='word_1_120' title='bbox 755 1705 805 1794; x_wconf 79' lang='grc' dir='ltr'><strong>καὶ</strong></span> <span class='ocrx_word' id='word_1_121' title='bbox 823 1701 983 1787; x_wconf 72' lang='grc' dir='ltr'>ξηρότερον</span> <span class='ocrx_word' id='word_1_122' title='bbox 1004 1703 1056 1766; x_wconf 78' lang='grc' dir='ltr'><strong>τὸν</strong></span> <span class='ocrx_word' id='word_1_123' title='bbox 1079 1702 1200 1788; x_wconf 78' lang='grc' dir='ltr'>αὐχένα</span> <span class='ocrx_word' id='word_1_124' title='bbox 1219 1705 1281 1764; x_wconf 92' lang='grc' dir='ltr'><strong>τῶν</strong></span> <span class='ocrx_word' id='word_1_125' title='bbox 1305 1692 1404 1778; x_wconf 86' lang='grc' dir='ltr'>ἀκερά·</span> 
     </span>
     <span class='ocr_line' id='line_1_14' title="bbox 291 1798 1404 1894; baseline -0.002 -30"><span class='ocrx_word' id='word_1_126' title='bbox 291 1823 351 1866; x_wconf 87' lang='grc' dir='ltr'><strong>των</strong></span> <span class='ocrx_word' id='word_1_127' title='bbox 374 1805 466 1870; x_wconf 77' lang='grc' dir='ltr'>εἶναι·</span> <span class='ocrx_word' id='word_1_128' title='bbox 491 1809 669 1892; x_wconf 74' lang='grc' dir='ltr'>λεπτότεραι</span> <span class='ocrx_word' id='word_1_129' title='bbox 689 1811 746 1894; x_wconf 89' lang='grc' dir='ltr'><strong>γάρ</strong></span> <span class='ocrx_word' id='word_1_130' title='bbox 764 1811 815 1874; x_wconf 83' lang='grc' dir='ltr'><strong>καὶ</strong></span> <span class='ocrx_word' id='word_1_131' title='bbox 835 1811 867 1872; x_wconf 84' lang='grc' dir='ltr'><strong>αἱ</strong></span> <span class='ocrx_word' id='word_1_132' title='bbox 894 1809 1004 1871; x_wconf 82' lang='grc' dir='ltr'>τούτου</span> <span class='ocrx_word' id='word_1_133' title='bbox 1025 1806 1149 1894; x_wconf 78' lang='grc' dir='ltr'>φλέβες,</span> <span class='ocrx_word' id='word_1_134' title='bbox 1173 1806 1271 1890; x_wconf 87' lang='grc' dir='ltr'><strong>ταύτη</strong></span> <span class='ocrx_word' id='word_1_135' title='bbox 1294 1826 1340 1867; x_wconf 94' lang='grc' dir='ltr'>τοι</span> <span class='ocrx_word' id='word_1_136' title='bbox 1358 1798 1404 1863; x_wconf 79' lang='grc' dir='ltr'><strong>καὶ</strong></span> 
     </span>
     <span class='ocr_line' id='line_1_15' title="bbox 292 1907 1401 2002; baseline -0.007 -28"><span class='ocrx_word' id='word_1_137' title='bbox 292 1908 467 1995; x_wconf 75' lang='grc' dir='ltr'>ἐρῥωμέναι</span> <span class='ocrx_word' id='word_1_138' title='bbox 488 1915 588 1998; x_wconf 79' lang='grc' dir='ltr'>ἧττον.</span> <span class='ocrx_word' id='word_1_139' title='bbox 620 1912 715 1981; x_wconf 82' lang='grc' dir='ltr'>Ὅσαι</span> <span class='ocrx_word' id='word_1_140' title='bbox 741 1919 776 1980; x_wconf 77' lang='grc' dir='ltr'><strong>δὲ</strong></span> <span class='ocrx_word' id='word_1_141' title='bbox 793 1916 938 2002; x_wconf 79' lang='grc' dir='ltr'>Ἀράβιοι</span> <span class='ocrx_word' id='word_1_142' title='bbox 962 1913 1033 2002; x_wconf 83' lang='grc' dir='ltr'><strong>βύες</strong></span> <span class='ocrx_word' id='word_1_143' title='bbox 1053 1915 1179 1999; x_wconf 73' lang='grc' dir='ltr'>θήλειαι</span> <span class='ocrx_word' id='word_1_144' title='bbox 1203 1914 1259 1998; x_wconf 82' lang='grc' dir='ltr'><strong>μέν</strong></span> <span class='ocrx_word' id='word_1_145' title='bbox 1292 1910 1348 1973; x_wconf 82' lang='lat' dir='ltr'><strong>sior</strong></span> <span class='ocrx_word' id='word_1_146' title='bbox 1373 1907 1401 1968; x_wconf 84' lang='grc' dir='ltr'><strong>τὸ</strong></span> 
     </span>
     <span class='ocr_line' id='line_1_16' title="bbox 291 2015 1402 2110; baseline 0 -34"><span class='ocrx_word' id='word_1_147' title='bbox 291 2015 388 2098; x_wconf 89' lang='grc' dir='ltr'>γένος,</span> <span class='ocrx_word' id='word_1_148' title='bbox 420 2018 544 2106; x_wconf 79' lang='grc' dir='ltr'>ἐκφυεῒς</span> <span class='ocrx_word' id='word_1_149' title='bbox 577 2023 611 2086; x_wconf 79' lang='grc' dir='ltr'><strong>δὲ</strong></span> <span class='ocrx_word' id='word_1_150' title='bbox 643 2023 675 2094; x_wconf 83' lang='grc' dir='ltr'><strong>ἐς</strong></span> <span class='ocrx_word' id='word_1_151' title='bbox 703 2026 741 2088; x_wconf 81' lang='grc' dir='ltr'><strong>τὰ</strong></span> <span class='ocrx_word' id='word_1_152' title='bbox 768 2025 890 2110; x_wconf 86' lang='grc' dir='ltr'>κέρατα,</span> <span class='ocrx_word' id='word_1_153' title='bbox 924 2023 976 2086; x_wconf 81' lang='grc' dir='ltr'>κοιλ</span> <span class='ocrx_word' id='word_1_154' title='bbox 1003 2021 1127 2092; x_wconf 79' lang='grc' dir='ltr'>ταύταις</span> <span class='ocrx_word' id='word_1_155' title='bbox 1154 2043 1201 2091; x_wconf 83' lang='grc' dir='ltr'>τις</span> <span class='ocrx_word' id='word_1_156' title='bbox 1231 2015 1402 2101; x_wconf 79' lang='grc' dir='ltr'>ἑπιούββοιο</span> 
     </span>
     <span class='ocr_line' id='line_1_17' title="bbox 238 2119 1400 2217; baseline 0.008 -32"><span class='ocrx_word' id='word_1_157' title='bbox 238 2127 242 2144; x_wconf 88' lang='grc'><em>“</em></span> <span class='ocrx_word' id='word_1_158' title='bbox 290 2125 391 2211; x_wconf 77' lang='grc' dir='ltr'>πολλὴ</span> <span class='ocrx_word' id='word_1_159' title='bbox 414 2133 474 2191; x_wconf 85' lang='grc' dir='ltr'><strong>τῶν</strong></span> <span class='ocrx_word' id='word_1_160' title='bbox 491 2136 611 2215; x_wconf 82' lang='grc' dir='ltr'>χυμῶν,</span> <span class='ocrx_word' id='word_1_161' title='bbox 634 2155 720 2216; x_wconf 79' lang='grc' dir='ltr'>φησι,</span> <span class='ocrx_word' id='word_1_162' title='bbox 742 2131 841 2217; x_wconf 80' lang='grc' dir='ltr'>τροφὴ</span> <span class='ocrx_word' id='word_1_163' title='bbox 873 2135 926 2214; x_wconf 75' lang='grc' dir='ltr'><strong>τῆς</strong></span> <span class='ocrx_word' id='word_1_164' title='bbox 954 2130 1097 2214; x_wconf 73' lang='grc' dir='ltr'>εὐγενοῦς</span> <span class='ocrx_word' id='word_1_165' title='bbox 1120 2131 1256 2214; x_wconf 84' lang='grc' dir='ltr'>βλάστης</span> <span class='ocrx_word' id='word_1_166' title='bbox 1278 2129 1341 2193; x_wconf 81' lang='grc' dir='ltr'>τοῖς</span> <span class='ocrx_word' id='word_1_167' title='bbox 1359 2119 1400 2183; x_wconf 65' lang='grc' dir='ltr'>κε’·</span> 
     </span>
     <span class='ocr_line' id='line_1_18' title="bbox 292 2225 1400 2324; baseline 0.007 -31"><span class='ocrx_word' id='word_1_168' title='bbox 292 2230 378 2315; x_wconf 85' lang='grc' dir='ltr'>ραοίν</span> <span class='ocrx_word' id='word_1_169' title='bbox 402 2233 491 2300; x_wconf 81' lang='grc' dir='ltr'>ἐστιν.</span> <span class='ocrx_word' id='word_1_170' title='bbox 527 2235 650 2324; x_wconf 86' lang='grc' dir='ltr'>Ἀκέριρ</span> <span class='ocrx_word' id='word_1_171' title='bbox 672 2240 707 2302; x_wconf 82' lang='grc' dir='ltr'><strong>δὲ</strong></span> <span class='ocrx_word' id='word_1_172' title='bbox 728 2241 779 2304; x_wconf 86' lang='grc' dir='ltr'><strong>καὶ</strong></span> <span class='ocrx_word' id='word_1_173' title='bbox 798 2237 888 2303; x_wconf 84' lang='grc' dir='ltr'>αὐτοι</span> <span class='ocrx_word' id='word_1_174' title='bbox 914 2235 1005 2302; x_wconf 85' lang='grc' dir='ltr'>οὐααι</span> <span class='ocrx_word' id='word_1_175' title='bbox 1021 2239 1056 2300; x_wconf 83' lang='grc' dir='ltr'><strong>τὸ</strong></span> <span class='ocrx_word' id='word_1_176' title='bbox 1078 2238 1216 2300; x_wconf 81' lang='grc' dir='ltr'>δεκτικὸν</span> <span class='ocrx_word' id='word_1_177' title='bbox 1246 2237 1300 2316; x_wconf 70' lang='grc' dir='ltr'><strong>τῆς</strong></span> <span class='ocrx_word' id='word_1_178' title='bbox 1325 2225 1400 2312; x_wconf 58' lang='lat' dir='ltr'><strong>isitii·</strong></span> 
     </span>
     <span class='ocr_line' id='line_1_19' title="bbox 291 2321 1400 2431; baseline -0.007 -24"><span class='ocrx_word' id='word_1_179' title='bbox 291 2339 345 2407; x_wconf 72' lang='grc' dir='ltr'><strong>6ος</strong></span> <span class='ocrx_word' id='word_1_180' title='bbox 366 2321 472 2405; x_wconf 67' lang='lat' dir='ltr'><strong>oiston</strong></span> <span class='ocrx_word' id='word_1_181' title='bbox 502 2345 705 2429; x_wconf 84' lang='grc' dir='ltr'>οτερεῶτερόν</span> <span class='ocrx_word' id='word_1_182' title='bbox 735 2369 766 2409; x_wconf 87' lang='grc' dir='ltr'><strong>τε</strong></span> <span class='ocrx_word' id='word_1_183' title='bbox 795 2345 902 2431; x_wconf 84' lang='grc' dir='ltr'>ἔχουσι</span> <span class='ocrx_word' id='word_1_184' title='bbox 933 2345 983 2408; x_wconf 80' lang='grc' dir='ltr'><strong>καλ</strong></span> <span class='ocrx_word' id='word_1_185' title='bbox 1013 2341 1163 2428; x_wconf 73' lang='grc' dir='ltr'>δέχεσθαι</span> <span class='ocrx_word' id='word_1_186' title='bbox 1191 2341 1264 2409; x_wconf 85' lang='grc' dir='ltr'><strong>τούς</strong></span> <span class='ocrx_word' id='word_1_187' title='bbox 1288 2331 1400 2423; x_wconf 74' lang='grc' dir='ltr'>χυμοὺς</span> 
     </span>
    </p>
   </div>
   <div class='ocr_carea' id='block_1_4' title="bbox 289 2597 1400 3118">
    <p class='ocr_par' dir='ltr' id='par_1_4' title="bbox 289 2597 1400 3118">
     <span class='ocr_line' id='line_1_20' title="bbox 289 2597 1400 2692; baseline -0.002 -24"><span class='ocrx_word' id='word_1_188' title='bbox 289 2622 355 2682; x_wconf 80' lang='lat' dir='ltr'><strong>nse,</strong></span> <span class='ocrx_word' id='word_1_189' title='bbox 374 2606 428 2685; x_wconf 83' lang='lat' dir='ltr'><strong>nis,</strong></span> <span class='ocrx_word' id='word_1_190' title='bbox 459 2608 566 2692; x_wconf 80' lang='lat' dir='ltr'><strong>iuquit,</strong></span> <span class='ocrx_word' id='word_1_191' title='bbox 593 2629 663 2674; x_wconf 82' lang='lat' dir='ltr'><strong>ossa</strong></span> <span class='ocrx_word' id='word_1_192' title='bbox 696 2611 864 2672; x_wconf 75' lang='lat' dir='ltr'><strong>dilatantur.</strong></span> <span class='ocrx_word' id='word_1_193' title='bbox 919 2609 1017 2672; x_wconf 87' lang='lat' dir='ltr'><strong>Siurul</strong></span> <span class='ocrx_word' id='word_1_194' title='bbox 1043 2615 1073 2670; x_wconf 84' lang='lat' dir='ltr'><strong>et</strong></span> <span class='ocrx_word' id='word_1_195' title='bbox 1103 2625 1254 2670; x_wconf 87' lang='lat' dir='ltr'><strong>cornuum</strong></span> <span class='ocrx_word' id='word_1_196' title='bbox 1277 2597 1400 2680; x_wconf 68' lang='lat' dir='ltr'><strong>emptio,</strong></span> 
     </span>
     <span class='ocr_line' id='line_1_21' title="bbox 290 2706 1398 2799; baseline -0.004 -25"><span class='ocrx_word' id='word_1_197' title='bbox 290 2713 432 2794; x_wconf 82' lang='lat' dir='ltr'><strong>quonium</strong></span> <span class='ocrx_word' id='word_1_198' title='bbox 452 2717 585 2779; x_wconf 80' lang='lat' dir='ltr'><strong>crassior</strong></span> <span class='ocrx_word' id='word_1_199' title='bbox 605 2716 651 2794; x_wconf 87' lang='lat' dir='ltr'><strong>sit,</strong></span> <span class='ocrx_word' id='word_1_200' title='bbox 672 2718 749 2779; x_wconf 80' lang='lat' dir='ltr'><strong>hunc</strong></span> <span class='ocrx_word' id='word_1_201' title='bbox 772 2737 893 2799; x_wconf 88' lang='lat' dir='ltr'><strong>quoque</strong></span> <span class='ocrx_word' id='word_1_202' title='bbox 907 2723 1022 2797; x_wconf 84' lang='lat' dir='ltr'><strong>portem</strong></span> <span class='ocrx_word' id='word_1_203' title='bbox 1043 2715 1083 2777; x_wconf 80' lang='grc' dir='ltr'><strong>οὐ</strong></span> <span class='ocrx_word' id='word_1_204' title='bbox 1099 2733 1165 2777; x_wconf 84' lang='lat' dir='ltr'><strong>eaor</strong></span> <span class='ocrx_word' id='word_1_205' title='bbox 1187 2732 1265 2798; x_wconf 83' lang='lat' dir='ltr'><strong>quae</strong></span> <span class='ocrx_word' id='word_1_206' title='bbox 1288 2706 1398 2785; x_wconf 79' lang='lat' dir='ltr'><strong>reliquo</strong></span> 
     </span>
     <span class='ocr_line' id='line_1_22' title="bbox 289 2818 1398 2904; baseline -0.012 -17"><span class='ocrx_word' id='word_1_207' title='bbox 289 2820 425 2886; x_wconf 73' lang='lat' dir='ltr'><strong>animalis</strong></span> <span class='ocrx_word' id='word_1_208' title='bbox 440 2824 565 2903; x_wconf 82' lang='lat' dir='ltr'><strong>corpori</strong></span> <span class='ocrx_word' id='word_1_209' title='bbox 585 2825 777 2904; x_wconf 77' lang='lat' dir='ltr'><strong>respondeat,</strong></span> <span class='ocrx_word' id='word_1_210' title='bbox 798 2822 985 2886; x_wconf 80' lang='lat' dir='ltr'><strong>latitudinem</strong></span> <span class='ocrx_word' id='word_1_211' title='bbox 1000 2823 1153 2904; x_wconf 85' lang='lat' dir='ltr'><strong>perducit:</strong></span> <span class='ocrx_word' id='word_1_212' title='bbox 1171 2818 1310 2884; x_wconf 77' lang='lat' dir='ltr'><strong>castratis</strong></span> <span class='ocrx_word' id='word_1_213' title='bbox 1329 2825 1398 2874; x_wconf 80' lang='lat' dir='ltr'><strong>vero</strong></span> 
     </span>
     <span class='ocr_line' id='line_1_23' title="bbox 289 2918 1399 3010; baseline -0.006 -22"><span class='ocrx_word' id='word_1_214' title='bbox 289 2926 373 3008; x_wconf 90' lang='lat' dir='ltr'><strong>quod</strong></span> <span class='ocrx_word' id='word_1_215' title='bbox 407 2928 496 2992; x_wconf 86' lang='lat' dir='ltr'><strong>sedes</strong></span> <span class='ocrx_word' id='word_1_216' title='bbox 520 2949 670 2993; x_wconf 86' lang='lat' dir='ltr'><strong>cornuum</strong></span> <span class='ocrx_word' id='word_1_217' title='bbox 698 2937 728 2992; x_wconf 89' lang='lat' dir='ltr'><strong>et</strong></span> <span class='ocrx_word' id='word_1_218' title='bbox 756 2930 872 2992; x_wconf 90' lang='lat' dir='ltr'><strong>initium</strong></span> <span class='ocrx_word' id='word_1_219' title='bbox 895 2929 1056 2992; x_wconf 80' lang='lat' dir='ltr'><strong>enascendi</strong></span> <span class='ocrx_word' id='word_1_220' title='bbox 1087 2947 1270 3010; x_wconf 67' lang='lat' dir='ltr'><strong>perparcum</strong></span> <span class='ocrx_word' id='word_1_221' title='bbox 1299 2918 1399 2984; x_wconf 75' lang='lat' dir='ltr'><strong>habeat</strong></span> 
     </span>
     <span class='ocr_line' id='line_1_24' title="bbox 289 3033 918 3118; baseline 0.006 -23"><span class='ocrx_word' id='word_1_222' title='bbox 289 3033 446 3114; x_wconf 89' lang='lat' dir='ltr'><strong>circulum,</strong></span> <span class='ocrx_word' id='word_1_223' title='bbox 467 3037 565 3100; x_wconf 88' lang='lat' dir='ltr'><strong>minus</strong></span> <span class='ocrx_word' id='word_1_224' title='bbox 588 3037 727 3100; x_wconf 71' lang='lat' dir='ltr'><strong>dilatatur</strong></span> <span class='ocrx_word' id='word_1_225' title='bbox 746 3037 819 3099; x_wconf 83' lang='lat' dir='ltr'><strong>hoec</strong></span> <span class='ocrx_word' id='word_1_226' title='bbox 838 3056 918 3118; x_wconf 81' lang='lat' dir='ltr'><strong>pars.</strong></span> 
     </span>
    </p>
   </div>
   <div class='ocr_carea' id='block_1_5' title="bbox 252 3161 1473 4329">
    <p class='ocr_par' dir='ltr' id='par_1_5' title="bbox 252 3161 1473 4329">
     <span class='ocr_line' id='line_1_25' title="bbox 374 3161 1397 3254; baseline -0.002 -14"><span class='ocrx_word' id='word_1_227' title='bbox 374 3179 403 3240; x_wconf 84' lang='lat'><strong>7.</strong></span> <span class='ocrx_word' id='word_1_228' title='bbox 447 3177 545 3240; x_wconf 88' lang='lat' dir='ltr'><strong>Porro</strong></span> <span class='ocrx_word' id='word_1_229' title='bbox 564 3175 661 3240; x_wconf 88' lang='lat' dir='ltr'><strong>mutili</strong></span> <span class='ocrx_word' id='word_1_230' title='bbox 688 3178 783 3238; x_wconf 86' lang='lat' dir='ltr'><strong>boves</strong></span> <span class='ocrx_word' id='word_1_231' title='bbox 806 3177 989 3239; x_wconf 86' lang='lat' dir='ltr'><strong>tremotodes</strong></span> <span class='ocrx_word' id='word_1_232' title='bbox 1014 3176 1063 3254; x_wconf 89' lang='lat' dir='ltr'><strong>(ut</strong></span> <span class='ocrx_word' id='word_1_233' title='bbox 1090 3177 1283 3238; x_wconf 82' lang='lat' dir='ltr'><strong>Democritus</strong></span> <span class='ocrx_word' id='word_1_234' title='bbox 1301 3161 1397 3238; x_wconf 61' lang='lat' dir='ltr'><strong>votat)</strong></span> 
     </span>
     <span class='ocr_line' id='line_1_26' title="bbox 289 3281 1396 3363; baseline -0.005 -21"><span class='ocrx_word' id='word_1_235' title='bbox 289 3281 387 3343; x_wconf 84' lang='lat' dir='ltr'><strong>idest</strong></span> <span class='ocrx_word' id='word_1_236' title='bbox 413 3282 620 3346; x_wconf 78' lang='lat' dir='ltr'><strong>foraminatum</strong></span> <span class='ocrx_word' id='word_1_237' title='bbox 648 3282 795 3363; x_wconf 84' lang='lat' dir='ltr'><strong>sincipitis</strong></span> <span class='ocrx_word' id='word_1_238' title='bbox 824 3291 938 3363; x_wconf 83' lang='lat' dir='ltr'><strong>purtem</strong></span> <span class='ocrx_word' id='word_1_239' title='bbox 969 3301 1031 3346; x_wconf 92' lang='lat' dir='ltr'><strong>nou</strong></span> <span class='ocrx_word' id='word_1_240' title='bbox 1058 3282 1219 3359; x_wconf 80' lang='lat' dir='ltr'><strong>hebentes,</strong></span> <span class='ocrx_word' id='word_1_241' title='bbox 1248 3293 1338 3361; x_wconf 88' lang='lat' dir='ltr'><strong>quum</strong></span> <span class='ocrx_word' id='word_1_242' title='bbox 1365 3283 1396 3330; x_wconf 67' lang='grc' dir='ltr'><strong>οῦ</strong></span> 
     </span>
     <span class='ocr_line' id='line_1_27' title="bbox 288 3387 1396 3473; baseline -0.005 -25"><span class='ocrx_word' id='word_1_243' title='bbox 288 3387 462 3450; x_wconf 84' lang='lat' dir='ltr'><strong>universum</strong></span> <span class='ocrx_word' id='word_1_244' title='bbox 491 3391 600 3452; x_wconf 89' lang='lat' dir='ltr'><strong>durum</strong></span> <span class='ocrx_word' id='word_1_245' title='bbox 627 3391 819 3473; x_wconf 83' lang='lat' dir='ltr'><strong>solidumque</strong></span> <span class='ocrx_word' id='word_1_246' title='bbox 842 3389 888 3464; x_wconf 80' lang='lat' dir='ltr'><strong>sit¹</strong></span> <span class='ocrx_word' id='word_1_247' title='bbox 907 3395 997 3473; x_wconf 82' lang='grc' dir='ltr'>οιιγιιο</span> <span class='ocrx_word' id='word_1_248' title='bbox 1025 3389 1218 3451; x_wconf 87' lang='lat' dir='ltr'><strong>influxionem</strong></span> <span class='ocrx_word' id='word_1_249' title='bbox 1247 3387 1396 3448; x_wconf 80' lang='lat' dir='ltr'><strong>humorum</strong></span> 
     </span>
     <span class='ocr_line' id='line_1_28' title="bbox 287 3477 1473 3572; baseline -0.002 -17"><span class='ocrx_word' id='word_1_250' title='bbox 287 3513 349 3556; x_wconf 91' lang='lat' dir='ltr'><strong>non</strong></span> <span class='ocrx_word' id='word_1_251' title='bbox 368 3494 513 3572; x_wconf 73' lang='lat' dir='ltr'><strong>admittat,</strong></span> <span class='ocrx_word' id='word_1_252' title='bbox 533 3498 678 3560; x_wconf 89' lang='lat' dir='ltr'><strong>cornibus</strong></span> <span class='ocrx_word' id='word_1_253' title='bbox 699 3497 772 3558; x_wconf 88' lang='lat' dir='ltr'><strong>nudi</strong></span> <span class='ocrx_word' id='word_1_254' title='bbox 793 3517 829 3559; x_wconf 85' lang='lat' dir='ltr'><strong>oc</strong></span> <span class='ocrx_word' id='word_1_255' title='bbox 851 3497 948 3559; x_wconf 91' lang='lat' dir='ltr'><strong>mutili</strong></span> <span class='ocrx_word' id='word_1_256' title='bbox 971 3501 1048 3560; x_wconf 83' lang='lat' dir='ltr'><strong>sunt.</strong></span> <span class='ocrx_word' id='word_1_257' title='bbox 1089 3498 1194 3558; x_wconf 81' lang='lat' dir='ltr'><strong>Vouue</strong></span> <span class='ocrx_word' id='word_1_258' title='bbox 1213 3493 1303 3558; x_wconf 84' lang='lat' dir='ltr'><strong>etium</strong></span> <span class='ocrx_word' id='word_1_259' title='bbox 1321 3484 1395 3548; x_wconf 71' lang='lat' dir='ltr'><strong>sirco</strong></span> <span class='ocrx_word' id='word_1_260' title='bbox 1468 3477 1473 3502; x_wconf 78' lang='lat'><strong>¹</strong></span> 
     </span>
     <span class='ocr_line' id='line_1_29' title="bbox 288 3589 1395 3686; baseline -0.001 -24"><span class='ocrx_word' id='word_1_261' title='bbox 288 3599 368 3662; x_wconf 87' lang='lat' dir='ltr'><strong>idem</strong></span> <span class='ocrx_word' id='word_1_262' title='bbox 387 3621 423 3664; x_wconf 92' lang='lat' dir='ltr'><strong>os</strong></span> <span class='ocrx_word' id='word_1_263' title='bbox 446 3602 544 3666; x_wconf 81' lang='lat' dir='ltr'><strong>murus</strong></span> <span class='ocrx_word' id='word_1_264' title='bbox 565 3605 698 3667; x_wconf 77' lang='lat' dir='ltr'><strong>climenti</strong></span> <span class='ocrx_word' id='word_1_265' title='bbox 719 3607 873 3667; x_wconf 82' lang='lat' dir='ltr'><strong>continent</strong></span> <span class='ocrx_word' id='word_1_266' title='bbox 896 3611 1060 3686; x_wconf 81' lang='lat' dir='ltr'><strong>propteroa</strong></span> <span class='ocrx_word' id='word_1_267' title='bbox 1086 3603 1170 3686; x_wconf 87' lang='lat' dir='ltr'><strong>quod</strong></span> <span class='ocrx_word' id='word_1_268' title='bbox 1190 3610 1349 3684; x_wconf 80' lang='lat' dir='ltr'><strong>pertenues</strong></span> <span class='ocrx_word' id='word_1_269' title='bbox 1368 3589 1395 3647; x_wconf 65' lang='lat'><strong>0²</strong></span> 
     </span>
     <span class='ocr_line' id='line_1_30' title="bbox 289 3693 1393 3795; baseline -0.001 -26"><span class='ocrx_word' id='word_1_270' title='bbox 289 3707 423 3770; x_wconf 84' lang='lat' dir='ltr'><strong>infirmae</strong></span> <span class='ocrx_word' id='word_1_271' title='bbox 442 3719 520 3772; x_wconf 79' lang='lat' dir='ltr'><strong>sunt.</strong></span> <span class='ocrx_word' id='word_1_272' title='bbox 561 3713 624 3775; x_wconf 87' lang='lat' dir='ltr'><strong>Sed</strong></span> <span class='ocrx_word' id='word_1_273' title='bbox 644 3711 748 3774; x_wconf 86' lang='lat' dir='ltr'><strong>cervix</strong></span> <span class='ocrx_word' id='word_1_274' title='bbox 770 3731 893 3795; x_wconf 84' lang='lat' dir='ltr'><strong>quoqne</strong></span> <span class='ocrx_word' id='word_1_275' title='bbox 920 3711 1095 3774; x_wconf 87' lang='lat' dir='ltr'><strong>mutilorum</strong></span> <span class='ocrx_word' id='word_1_276' title='bbox 1117 3711 1210 3772; x_wconf 89' lang='lat' dir='ltr'><strong>boum</strong></span> <span class='ocrx_word' id='word_1_277' title='bbox 1227 3693 1393 3771; x_wconf 65' lang='lat' dir='ltr'><strong>necessari⁰</strong></span> 
     </span>
     <span class='ocr_line' id='line_1_31' title="bbox 286 3811 1393 3900; baseline -0.006 -21"><span class='ocrx_word' id='word_1_278' title='bbox 286 3817 398 3879; x_wconf 88' lang='lat' dir='ltr'><strong>siccior</strong></span> <span class='ocrx_word' id='word_1_279' title='bbox 419 3822 472 3895; x_wconf 81' lang='lat' dir='ltr'><strong>est,</strong></span> <span class='ocrx_word' id='word_1_280' title='bbox 500 3837 593 3899; x_wconf 89' lang='lat' dir='ltr'><strong>quum</strong></span> <span class='ocrx_word' id='word_1_281' title='bbox 621 3820 652 3880; x_wconf 90' lang='lat' dir='ltr'><strong>iu</strong></span> <span class='ocrx_word' id='word_1_282' title='bbox 678 3839 713 3881; x_wconf 91' lang='lat' dir='ltr'><strong>eu</strong></span> <span class='ocrx_word' id='word_1_283' title='bbox 739 3820 853 3900; x_wconf 84' lang='lat' dir='ltr'><strong>puriter</strong></span> <span class='ocrx_word' id='word_1_284' title='bbox 878 3817 1055 3898; x_wconf 77' lang='lat' dir='ltr'><strong>graciliores</strong></span> <span class='ocrx_word' id='word_1_285' title='bbox 1086 3815 1176 3877; x_wconf 90' lang='lat' dir='ltr'><strong>insint</strong></span> <span class='ocrx_word' id='word_1_286' title='bbox 1195 3831 1290 3878; x_wconf 84' lang='lat' dir='ltr'><strong>venue</strong></span> <span class='ocrx_word' id='word_1_287' title='bbox 1312 3811 1393 3884; x_wconf 65' lang='lat' dir='ltr'><strong>sique</strong></span> 
     </span>
     <span class='ocr_line' id='line_1_32' title="bbox 287 3921 1392 4007; baseline -0.01 -22"><span class='ocrx_word' id='word_1_288' title='bbox 287 3925 402 3988; x_wconf 91' lang='lat' dir='ltr'><strong>idcirco</strong></span> <span class='ocrx_word' id='word_1_289' title='bbox 424 3925 524 3987; x_wconf 88' lang='lat' dir='ltr'><strong>minus</strong></span> <span class='ocrx_word' id='word_1_290' title='bbox 552 3925 677 3989; x_wconf 74' lang='lat' dir='ltr'><strong>validae.</strong></span> <span class='ocrx_word' id='word_1_291' title='bbox 723 3928 883 3988; x_wconf 76' lang='lat' dir='ltr'><strong>Caeterum</strong></span> <span class='ocrx_word' id='word_1_292' title='bbox 915 3944 992 4007; x_wconf 85' lang='lat' dir='ltr'><strong>quse</strong></span> <span class='ocrx_word' id='word_1_293' title='bbox 1015 3923 1045 3984; x_wconf 92' lang='lat' dir='ltr'><strong>in</strong></span> <span class='ocrx_word' id='word_1_294' title='bbox 1062 3921 1176 3984; x_wconf 80' lang='lat' dir='ltr'><strong>Arabio</strong></span> <span class='ocrx_word' id='word_1_295' title='bbox 1195 3927 1264 3984; x_wconf 88' lang='lat' dir='ltr'><strong>sunt</strong></span> <span class='ocrx_word' id='word_1_296' title='bbox 1282 3922 1392 3979; x_wconf 68' lang='lat' dir='ltr'><strong>escort·</strong></span> 
     </span>
     <span class='ocr_line' id='line_1_33' title="bbox 287 4009 1393 4114; baseline 0.004 -22"><span class='ocrx_word' id='word_1_297' title='bbox 287 4052 341 4094; x_wconf 80' lang='lat' dir='ltr'><strong>ese</strong></span> <span class='ocrx_word' id='word_1_298' title='bbox 362 4033 505 4096; x_wconf 90' lang='lat' dir='ltr'><strong>cornibus</strong></span> <span class='ocrx_word' id='word_1_299' title='bbox 532 4033 665 4114; x_wconf 80' lang='lat' dir='ltr'><strong>insigues</strong></span> <span class='ocrx_word' id='word_1_300' title='bbox 693 4051 760 4094; x_wconf 87' lang='lat' dir='ltr'><strong>esse</strong></span> <span class='ocrx_word' id='word_1_301' title='bbox 790 4032 905 4109; x_wconf 84' lang='lat' dir='ltr'><strong>solent,</strong></span> <span class='ocrx_word' id='word_1_302' title='bbox 929 4031 1012 4114; x_wconf 89' lang='lat' dir='ltr'><strong>quod</strong></span> <span class='ocrx_word' id='word_1_303' title='bbox 1043 4028 1082 4092; x_wconf 84' lang='lat' dir='ltr'><strong>od</strong></span> <span class='ocrx_word' id='word_1_304' title='bbox 1102 4049 1138 4092; x_wconf 80' lang='lat' dir='ltr'><strong>eo</strong></span> <span class='ocrx_word' id='word_1_305' title='bbox 1159 4028 1284 4103; x_wconf 73' lang='lat' dir='ltr'><strong>scilieet,</strong></span> <span class='ocrx_word' id='word_1_306' title='bbox 1305 4009 1393 4096; x_wconf 75' lang='lat' dir='ltr'><strong>inquit</strong></span> 
     </span>
     <span class='ocr_line' id='line_1_34' title="bbox 252 4126 1389 4222; baseline -0.01 -22"><span class='ocrx_word' id='word_1_307' title='bbox 252 4215 255 4222; x_wconf 18' lang='grc' dir='ltr'><strong>Δ</strong></span> <span class='ocrx_word' id='word_1_308' title='bbox 285 4139 347 4215; x_wconf 88' lang='lat' dir='ltr'><strong>iile,</strong></span> <span class='ocrx_word' id='word_1_309' title='bbox 367 4141 477 4203; x_wconf 88' lang='lat' dir='ltr'><strong>humor</strong></span> <span class='ocrx_word' id='word_1_310' title='bbox 508 4141 661 4221; x_wconf 85' lang='lat' dir='ltr'><strong>copiosus,</strong></span> <span class='ocrx_word' id='word_1_311' title='bbox 688 4139 769 4201; x_wconf 85' lang='lat' dir='ltr'><strong>unde</strong></span> <span class='ocrx_word' id='word_1_312' title='bbox 800 4156 948 4219; x_wconf 77' lang='lat' dir='ltr'><strong>generoso</strong></span> <span class='ocrx_word' id='word_1_313' title='bbox 979 4137 1031 4198; x_wconf 87' lang='lat' dir='ltr'><strong>ilio</strong></span> <span class='ocrx_word' id='word_1_314' title='bbox 1058 4135 1192 4217; x_wconf 77' lang='lat' dir='ltr'><strong>germina</strong></span> <span class='ocrx_word' id='word_1_315' title='bbox 1217 4126 1389 4199; x_wconf 78' lang='lat' dir='ltr'><strong>nuuiuntun</strong></span> 
     </span>
     <span class='ocr_line' id='line_1_35' title="bbox 285 4231 1390 4329; baseline 0.003 -23"><span class='ocrx_word' id='word_1_316' title='bbox 285 4246 425 4309; x_wconf 79' lang='lat' dir='ltr'><strong>confluet.</strong></span> <span class='ocrx_word' id='word_1_317' title='bbox 479 4247 524 4308; x_wconf 87' lang='lat' dir='ltr'><strong>Ex</strong></span> <span class='ocrx_word' id='word_1_318' title='bbox 548 4246 595 4308; x_wconf 86' lang='lat' dir='ltr'><strong>his</strong></span> <span class='ocrx_word' id='word_1_319' title='bbox 623 4265 700 4329; x_wconf 82' lang='lat' dir='ltr'><strong>quse</strong></span> <span class='ocrx_word' id='word_1_320' title='bbox 732 4243 876 4308; x_wconf 84' lang='lat' dir='ltr'><strong>cornibus</strong></span> <span class='ocrx_word' id='word_1_321' title='bbox 904 4249 1008 4306; x_wconf 80' lang='lat' dir='ltr'><strong>carent</strong></span> <span class='ocrx_word' id='word_1_322' title='bbox 1034 4263 1070 4308; x_wconf 88' lang='lat' dir='ltr'><strong>os</strong></span> <span class='ocrx_word' id='word_1_323' title='bbox 1088 4245 1246 4308; x_wconf 86' lang='lat' dir='ltr'><strong>humorem</strong></span> <span class='ocrx_word' id='word_1_324' title='bbox 1264 4231 1390 4309; x_wconf 58' lang='lat' dir='ltr'><strong>recipere</strong></span> 
     </span>
    </p>
   </div>
   <div class='ocr_carea' id='block_1_6' title="bbox 0 0 1496 4876">
    <p class='ocr_par' dir='ltr' id='par_1_6' title="bbox 0 0 1496 4876">
     <span class='ocr_line' id='line_1_36' title="bbox 0 0 1496 4876; baseline 0 3"><span class='ocrx_word' id='word_1_325' title='bbox 0 0 1496 4876; x_wconf 95' lang='lat' dir='ltr'><strong> </strong></span> 
     </span>
    </p>
   </div>
  </div>
 </body>
</html>
