2956 4860
274 305 315 372 14
601 293 797 359 coemtionem
824 291 1058 348 Democriteum

274 468 467 561 φιλοσόφους
494 461 657 552 φυσικούς,
688 460 768 543 ὁμοῦ
799 479 833 522 τι
862 457 915 522 καὶ
937 453 1144 544 Ἡρακλείδην
1177 457 1228 522 τδν
1260 455 1393 542 ἐπίκλην

274 577 445 658 σκοτεινόν,
479 577 511 638 in
540 572 649 657 quibus
686 569 788 632 verbis
816 587 874 649 pro
896 561 1102 650 Ἡρακλείδην
1130 566 1293 648 legendum
1319 585 1393 630 esse

270 685 470 774 Ἠράκλειτον
495 701 586 746 nemo
610 680 643 742 in
670 678 794 742 dubium
819 675 948 740 vocabit
999 676 1082 738 ldem
1116 676 1249 758 cyrillus
1280 677 1394 758 paucis

275 797 377 864 verbis
395 793 558 871 interjectis
571 791 615 855 sic
627 787 744 870 pergit:
766 783 958 868 ὀγδοηκοστῇ
977 782 1049 868 ἕκτῃ
1064 782 1229 868 ὀλυμπιάδι
1243 782 1396 866 γενέσθαι

276 905 352 993 paci
377 902 429 968 τὸν
453 897 636 986 Ἀβδηρίτην
669 893 878 979 Δημόκριτον,
903 888 1119 976 Ἐμπεδοκλέα
1149 913 1182 955 τε
1214 890 1391 956 κολῚππο-
1467 961 1468 970 ¹

275 1013 386 1099 xpa‘rot
410 1009 462 1072 καὶ
486 1005 648 1091 Πρόδικον,
668 1001 800 1086 Ζήνωνα
818 1000 870 1092 καὶ
895 998 1100 1084 Παρμενίδην.
1148 1001 1230 1085 Quid
1249 1001 1288 1064 de
1310 1002 1392 1065 dno·

273 1124 332 1186 bus
353 1121 398 1183 his
420 1115 529 1198 Cyrilli
552 1115 630 1179 locis
646 1114 783 1194 judicem
805 1111 883 1174 inira
902 1109 1026 1174 uberius
1049 1129 1206 1190 exponam.
1247 1109 1393 1195 Denique

274 1237 381 1294 auctor
399 1223 544 1290 Chronici
557 1221 708 1286 Paschalis
721 1219 773 1301 ⁴⁶)
793 1218 874 1301 apud
895 1219 1005 1301 Scalig.
1026 1219 1058 1282 in
1077 1219 1166 1282 Thes
1176 1220 1319 1301 Tempor.
1335 1219 1393 1300 ⁴⁷)

274 1338 314 1401 ad
347 1335 469 1416 Olymp.
492 1313 542 1398 67.
566 1325 796 1414 (ibobservati
815 1323 997 1396 Ἑλλάνικος
1011 1325 1312 1411 ἱοτομιογροίφος,κοὶ
1327 1328 1391 1411 Δη-

276 1443 417 1528 μόκριτος
437 1439 608 1526 φιλόσοφος
619 1438 670 1502 καὶ
681 1435 890 1522 Ἡράκλειτος,
906 1435 923 1500 δ
942 1433 1102 1514 exorande,
1117 1435 1168 1498 κοιλ
1177 1433 1394 1519 Ἀναξαγόρας

276 1549 404 1637 φυοικδς
416 1547 588 1634 φιλόσοφος
603 1543 870 1630 ἐγνωμίζοντο“”).
903 1545 1002 1608 Idem*
1012 1543 1043 1625 ⁹)
1058 1543 1224 1625 adOlymp.
1234 1547 1303 1608 104.
1312 1542 1373 1627 (μδ
1376 1547 1391 1624 )

275 1655 465 1742 Δημόκριτος
484 1658 613 1740 τελευτᾷ
639 1655 735 1739 ζήσας
755 1651 807 1736 ἔτη
829 1645 859 1738 ᾗ,
879 1653 932 1716 ubi
948 1653 1093 1734 Scaliger,
1107 1655 1211 1716 neseio
1226 1673 1285 1736 qua
1297 1673 1393 1716 eausa

275 1771 440 1850 permotus,
459 1765 491 1826 iu
512 1765 646 1845 margine
667 1762 785 1844 posuit:
806 1763 828 1826 Ι,
853 1761 901 1824 Ol.
921 1763 1061 1837 XCV1h3
1091 1763 1142 1845 qui
1160 1781 1302 1826 numerus
1324 1781 1391 1844 quo

276 1879 393 1958 spectet
424 1873 489 1936 aliia
512 1873 726 1952 judicandum·
747 1869 895 1954 relinquo.
941 1870 982 1933 at
1007 1871 1039 1932 in
1059 1871 1222 1934 novissima
1244 1870 1393 1934 chronici

276 1981 428 2048 Paschalis
449 1981 580 2044 editione
599 2002 618 2043 a
638 1982 713 2046 nou
734 1980 894 2046 Dindorlio
914 1987 1018 2044 curata
1030 1976 1083 2060 ⁶⁰)
1108 1979 1297 2061 Olympiadis
1318 1999 1394 2042 cen·

276 2089 398 2154 tesimee
421 2089 541 2171 quintae
560 2107 639 2151 anno
658 2090 794 2153 secundo
816 2089 983 2153 Democriti
1005 2107 1087 2154 mors
1107 2089 1284 2170 assignatur,
1313 2091 1393 2151 cae-

277 2204 375 2260 terum
398 2197 541 2260 Chronici
564 2197 653 2276 huius
682 2205 838 2263 auctorem
862 2198 902 2260 ad
922 2197 1106 2279 Apollodori
1132 2197 1392 2280 computationem

276 2324 310 2368 se
332 2303 501 2387 applicasse
517 2303 620 2387 liquet

275 2459 477 2476 β

347 2529 388 2593 “)
406 2527 483 2580 Falso
510 2529 628 2580 nonnulli
649 2528 856 2581 Alexandrinum
874 2531 926 2582 hoc
945 2529 1095 2582 chronicon
1112 2532 1219 2591 vocant,
1246 2529 1289 2580 aiii
1306 2543 1392 2594 porro

277 2609 370 2662 Festos
395 2612 513 2662 Graecos
538 2613 585 2660 aut
606 2611 722 2675 denique
744 2611 838 2662 Festos
864 2611 974 2662 siculos.
1021 2610 1082 2660 sola
1107 2609 1231 2662 chronici
1253 2611 1392 2662 Paschaiis

278 2693 419 2755 appellatio
438 2695 514 2742 recta
538 2693 587 2742 esi.
626 2691 767 2754 Legendus
793 2692 834 2744 his
857 2693 890 2742 do
908 2691 990 2742 rebus
1007 2692 1160 2754 Ducangius
1179 2694 1204 2742 io
1222 2693 1393 2758 praelatione

277 2773 312 2824 ad
327 2773 450 2822 chronici
469 2773 620 2834 editionem,
641 2771 687 2822 ubi
707 2772 784 2824 etde
803 2775 913 2824 auctore
930 2773 1052 2823 chronici
1070 2772 1204 2822 Paschalis
1220 2774 1393 2838 caeterisque

275 2853 442 2906 paschalium
468 2854 541 2918 apud
568 2855 686 2904 Graecos
714 2853 900 2905 conditoribus
925 2855 984 2918 egit.
1032 2853 1200 2904 Alexandrini
1228 2865 1327 2903 nomen
1356 2853 1393 2904 ab

276 2936 380 2986 editore
397 2934 500 2986 Radere
524 2947 668 2998 perperam
694 2936 718 2985 ei
742 2936 858 2998 primum
876 2935 1030 3000 impositum
1051 2947 1144 2984 ornnes
1162 2934 1217 2984 iere
1238 2934 1288 2982 siri
1307 2935 1393 2998 docti,

277 3019 420 3080 antequem
441 3016 570 3079 Ducangii
589 3017 735 3079 prodiisset
754 3015 843 3077 editio,
866 3015 928 3066 huic
944 3016 1019 3078 operi
1040 3013 1168 3076 tribuunt,
1188 3014 1214 3062 in
1234 3013 1274 3064 his
1292 3016 1393 3066 Meur-

277 3096 333 3147 sius
358 3095 392 3146 de
413 3095 489 3145 hrcb.
514 3097 565 3146 hit.
590 3096 631 3156 lii,
651 3091 684 3145 1³
712 3097 740 3146 et
764 3097 821 3146 aliis
851 3097 924 3148 iocis.
971 3096 1044 3146 idem
1071 3096 1221 3144 chronicon
1241 3097 1297 3158 jem
1326 3103 1393 3149 anie

276 3177 372 3227 Raderi
397 3176 542 3227 editionem
571 3179 683 3242 propter
708 3179 896 3240 cognationem
922 3178 1065 3238 materiae,
1089 3178 1120 3225 ut
1146 3177 1196 3237 ait,
1224 3176 1392 3241 Temperiem

276 3256 413 3308 Thesauro
437 3257 588 3309 inseruerat
606 3258 723 3322 Scaliger
741 3258 892 3310 casauboni
917 3271 999 3308 manu
1019 3271 1052 3308 ax
1071 3258 1224 3320 augustano
1242 3261 1392 3322 exemplari

277 3337 451 3400 descriptum.
491 3338 590 3388 Verum
601 3341 683 3390 muita
704 3340 885 3404 praetermisit
903 3339 1079 3390 casaubonus
1099 3338 1268 3389 exscribendi
1286 3339 1391 3404 labore,

275 3421 307 3468 ut
325 3416 439 3479 videtur,
456 3417 623 3482 defatigatus,
640 3419 723 3469 multa
742 3419 823 3470 etiem
841 3420 867 3470 in
887 3420 992 3470 edendo
1005 3419 1136 3469 Chronico
1149 3422 1251 3469 temere
1267 3424 1407 3474 mutasse·

277 3501 304 3549 et
323 3499 519 3560 transposuisse
538 3500 701 3562 scaligerum
722 3503 842 3564 apparet
882 3501 999 3564 Scaliger
1019 3497 1141 3568 ἐπιτομῆς
1160 3495 1263 3570 χρόνιον
1283 3503 1394 3556 titulum

203 3628 208 3638 ,
276 3581 397 3641 usurpat.

346 3668 386 3732 Η)
404 3668 480 3718 huet.
504 3667 599 3719 chron.
619 3671 711 3723 Pescb.
736 3673 777 3724 rel
802 3669 927 3742 ἐπιτομῆς
947 3665 1050 3743 χρόνιον
1079 3683 1119 3736 ap.
1145 3671 1239 3737 Scalig.
1266 3674 1293 3723 in
1313 3675 1396 3730 Thes.

275 3749 398 3813 Tempor.
414 3761 473 3812 pag.
494 3745 552 3800 iii.

346 3839 385 3902 Ἰ)
404 3839 504 3891 Eodem
530 3843 610 3892 modo
638 3843 705 3895 baec
728 3845 753 3894 in
782 3843 910 3894 Diodorfii
931 3845 1047 3894 editione
1072 3855 1132 3908 pag.
1152 3839 1210 3894 ait.
1239 3845 1273 3910 (p.
1297 3843 1350 3897 iio
1370 3863 1397 3902 ο.

276 3921 336 3972 edd.
356 3923 431 3983 veit.)
448 3922 579 3987 leguntur,

345 4013 385 4075 ⁴⁹)
404 4012 499 4064 chron.
518 4014 610 4066 Pescb.
630 4017 700 4066 auct
720 4029 779 4079 pag.
798 4014 855 4066 250.
879 4029 920 4080 ap.
940 4018 1007 4068 Soet.
1027 4018 1042 4068 Ι.
1062 4019 1077 4069 Ι.

347 4101 387 4164 ⁸⁰)
410 4103 506 4157 Chron.
533 4107 624 4158 Pescb.
651 4107 692 4158 ed.
723 4108 788 4158 Lud.
812 4109 930 4160 Diodori.
956 4111 981 4158 in
1003 4109 1081 4173 corp.
1115 4110 1210 4172 Script
1236 4108 1297 4160 hist.
1327 4108 1395 4176 Byr.

274 4191 522 4346 ἔξισλαςλ.εμμμ.ρ’317.
543 4200 612 4266 (pag.
636 4197 684 4252 iiii
713 4199 773 4252 cdd.
793 4201 868 4264 vett)
900 4193 957 4252 Ὀλ.
978 4193 1022 4272 με’,
1045 4193 1073 4271 Η.
1093 4196 1257 4272 Δημόκριτος
1277 4197 1393 4276 τιλευτᾷ
