<?xml version="1.0" encoding="UTF-8"?>
<!DOCTYPE html PUBLIC "-//W3C//DTD XHTML 1.0 Transitional//EN"
    "http://www.w3.org/TR/xhtml1/DTD/xhtml1-transitional.dtd">
<html xmlns="http://www.w3.org/1999/xhtml" xml:lang="en" lang="en">
 <head>
  <title>
</title>
<meta http-equiv="Content-Type" content="text/html;charset=utf-8" />
  <meta name='ocr-system' content='tesseract 3.04.00' />
  <meta name='ocr-capabilities' content='ocr_page ocr_carea ocr_par ocr_line ocrx_word'/>
</head>
<body>
  <div class='ocr_page' id='page_1' title='image "./democritiabderi00mullgoog_0050.png"; bbox 0 0 2956 4860; ppageno 0'>
   <div class='ocr_carea' id='block_1_1' title="bbox 374 304 1160 394">
    <p class='ocr_par' dir='ltr' id='par_1_1' title="bbox 374 304 1160 394">
     <span class='ocr_line' id='line_1_1' title="bbox 374 304 1160 394; baseline 0.022 -35"><span class='ocrx_word' id='word_1_1' title='bbox 374 304 492 361; x_wconf 82' lang='lat' dir='ltr'>Liberi</span> <span class='ocrx_word' id='word_1_2' title='bbox 538 306 580 361; x_wconf 88' lang='lat' dir='ltr'>De</span> <span class='ocrx_word' id='word_1_3' title='bbox 601 305 751 366; x_wconf 82' lang='lat' dir='ltr'>Democriti</span> <span class='ocrx_word' id='word_1_4' title='bbox 770 313 836 369; x_wconf 83' lang='lat' dir='ltr'>rita.</span> <span class='ocrx_word' id='word_1_5' title='bbox 1116 325 1160 394; x_wconf 78' lang='lat'>29</span> 
     </span>
    </p>
   </div>
   <div class='ocr_carea' id='block_1_2' title="bbox 67 474 1168 3604">
    <p class='ocr_par' dir='ltr' id='par_1_2' title="bbox 67 474 1168 3604">
     <span class='ocr_line' id='line_1_2' title="bbox 74 474 1158 574; baseline 0.018 -34"><span class='ocrx_word' id='word_1_6' title='bbox 74 478 143 559; x_wconf 91' lang='lat' dir='ltr'>quod</span> <span class='ocrx_word' id='word_1_7' title='bbox 156 474 223 554; x_wconf 84' lang='lat' dir='ltr'>jure</span> <span class='ocrx_word' id='word_1_8' title='bbox 245 479 414 559; x_wconf 89' lang='lat' dir='ltr'>meritoque</span> <span class='ocrx_word' id='word_1_9' title='bbox 435 476 635 556; x_wconf 81' lang='lat' dir='ltr'>respondeam</span> <span class='ocrx_word' id='word_1_10' title='bbox 655 483 685 540; x_wconf 92' lang='lat' dir='ltr'>et</span> <span class='ocrx_word' id='word_1_11' title='bbox 704 489 890 560; x_wconf 92' lang='lat' dir='ltr'>quocontra</span> <span class='ocrx_word' id='word_1_12' title='bbox 909 505 1013 554; x_wconf 87' lang='lat' dir='ltr'>omncs</span> <span class='ocrx_word' id='word_1_13' title='bbox 1026 493 1158 574; x_wconf 89' lang='lat' dir='ltr'>objecta-</span> 
     </span>
     <span class='ocr_line' id='line_1_3' title="bbox 75 585 1157 683; baseline 0.017 -36"><span class='ocrx_word' id='word_1_14' title='bbox 75 589 156 650; x_wconf 83' lang='lat' dir='ltr'>tiones</span> <span class='ocrx_word' id='word_1_15' title='bbox 177 587 252 652; x_wconf 88' lang='lat' dir='ltr'>tueri</span> <span class='ocrx_word' id='word_1_16' title='bbox 271 608 319 650; x_wconf 91' lang='lat' dir='ltr'>me</span> <span class='ocrx_word' id='word_1_17' title='bbox 339 586 463 668; x_wconf 91' lang='lat' dir='ltr'>possim.</span> <span class='ocrx_word' id='word_1_18' title='bbox 500 585 626 663; x_wconf 81' lang='lat' dir='ltr'><strong>Etenim,</strong></span> <span class='ocrx_word' id='word_1_19' title='bbox 646 593 680 650; x_wconf 90' lang='lat' dir='ltr'>ut</span> <span class='ocrx_word' id='word_1_20' title='bbox 694 589 759 666; x_wconf 88' lang='lat' dir='ltr'>jam</span> <span class='ocrx_word' id='word_1_21' title='bbox 778 591 957 659; x_wconf 89' lang='lat' dir='ltr'>Meinersius</span> <span class='ocrx_word' id='word_1_22' title='bbox 969 595 1021 680; x_wconf 78' lang='grc' dir='ltr'>Η)</span> <span class='ocrx_word' id='word_1_23' title='bbox 1044 605 1157 683; x_wconf 90' lang='lat' dir='ltr'>optime</span> 
     </span>
     <span class='ocr_line' id='line_1_4' title="bbox 74 695 1158 782; baseline 0.019 -25"><span class='ocrx_word' id='word_1_24' title='bbox 74 699 203 778; x_wconf 77' lang='lat' dir='ltr'><strong>exposuit,</strong></span> <span class='ocrx_word' id='word_1_25' title='bbox 229 705 348 780; x_wconf 88' lang='lat' dir='ltr'>praeter</span> <span class='ocrx_word' id='word_1_26' title='bbox 374 695 518 774; x_wconf 77' lang='lat' dir='ltr'>Gorgiam</span> <span class='ocrx_word' id='word_1_27' title='bbox 541 713 631 777; x_wconf 89' lang='lat' dir='ltr'>quem</span> <span class='ocrx_word' id='word_1_28' title='bbox 653 697 791 759; x_wconf 87' lang='lat' dir='ltr'>nonnulli</span> <span class='ocrx_word' id='word_1_29' title='bbox 811 700 1005 782; x_wconf 86' lang='lat' dir='ltr'><strong>Empedoclis</strong></span> <span class='ocrx_word' id='word_1_30' title='bbox 1028 712 1158 778; x_wconf 90' lang='lat' dir='ltr'>amicum</span> 
     </span>
     <span class='ocr_line' id='line_1_5' title="bbox 74 793 1157 904; baseline 0.019 -39"><span class='ocrx_word' id='word_1_31' title='bbox 74 805 150 867; x_wconf 77' lang='lat' dir='ltr'>luisse</span> <span class='ocrx_word' id='word_1_32' title='bbox 168 810 305 888; x_wconf 85' lang='lat' dir='ltr'>putarunt</span> <span class='ocrx_word' id='word_1_33' title='bbox 340 812 369 868; x_wconf 90' lang='lat' dir='ltr'>et</span> <span class='ocrx_word' id='word_1_34' title='bbox 387 803 577 865; x_wconf 81' lang='lat' dir='ltr'>Alcidamum</span> <span class='ocrx_word' id='word_1_35' title='bbox 595 804 722 866; x_wconf 88' lang='lat' dir='ltr'>Eleaten</span> <span class='ocrx_word' id='word_1_36' title='bbox 741 812 771 868; x_wconf 88' lang='lat' dir='ltr'>et</span> <span class='ocrx_word' id='word_1_37' title='bbox 789 808 897 873; x_wconf 91' lang='lat' dir='ltr'>Polum</span> <span class='ocrx_word' id='word_1_38' title='bbox 920 793 1157 904; x_wconf 62' lang='lat' dir='ltr'>Agrigentinum,</span> 
     </span>
     <span class='ocr_line' id='line_1_6' title="bbox 73 913 1158 1013; baseline 0.019 -39"><span class='ocrx_word' id='word_1_39' title='bbox 73 915 186 998; x_wconf 85' lang='lat' dir='ltr'>Gorgiae</span> <span class='ocrx_word' id='word_1_40' title='bbox 208 913 381 995; x_wconf 67' lang='lat' dir='ltr'>discipulos</span> <span class='ocrx_word' id='word_1_41' title='bbox 405 931 495 974; x_wconf 90' lang='lat' dir='ltr'>nemo</span> <span class='ocrx_word' id='word_1_42' title='bbox 517 917 652 974; x_wconf 77' lang='lat' dir='ltr'>veterum</span> <span class='ocrx_word' id='word_1_43' title='bbox 671 915 885 996; x_wconf 80' lang='lat' dir='ltr'>sophistarum,</span> <span class='ocrx_word' id='word_1_44' title='bbox 912 925 996 1003; x_wconf 92' lang='lat' dir='ltr'>quod</span> <span class='ocrx_word' id='word_1_45' title='bbox 1014 946 1071 991; x_wconf 89' lang='lat' dir='ltr'>nos</span> <span class='ocrx_word' id='word_1_46' title='bbox 1094 933 1158 1013; x_wconf 85' lang='lat' dir='ltr'>qui-</span> 
     </span>
     <span class='ocr_line' id='line_1_7' title="bbox 72 1018 1157 1109; baseline 0.016 -23"><span class='ocrx_word' id='word_1_47' title='bbox 72 1026 128 1088; x_wconf 90' lang='lat' dir='ltr'>dem</span> <span class='ocrx_word' id='word_1_48' title='bbox 147 1026 281 1097; x_wconf 88' lang='lat' dir='ltr'>sciamus,</span> <span class='ocrx_word' id='word_1_49' title='bbox 312 1020 463 1082; x_wconf 81' lang='lat' dir='ltr'>haverritur</span> <span class='ocrx_word' id='word_1_50' title='bbox 481 1018 533 1102; x_wconf 93' lang='lat' dir='ltr'>qui</span> <span class='ocrx_word' id='word_1_51' title='bbox 554 1019 739 1102; x_wconf 91' lang='lat' dir='ltr'>philosopho</span> <span class='ocrx_word' id='word_1_52' title='bbox 759 1023 860 1109; x_wconf 88' lang='lat' dir='ltr'>aliquo</span> <span class='ocrx_word' id='word_1_53' title='bbox 880 1035 931 1091; x_wconf 91' lang='lat' dir='ltr'>aut</span> <span class='ocrx_word' id='word_1_54' title='bbox 943 1033 1064 1098; x_wconf 81' lang='lat' dir='ltr'>rhetore</span> <span class='ocrx_word' id='word_1_55' title='bbox 1083 1057 1157 1103; x_wconf 86' lang='lat' dir='ltr'>nens</span> 
     </span>
     <span class='ocr_line' id='line_1_8' title="bbox 72 1128 1158 1224; baseline 0.013 -29"><span class='ocrx_word' id='word_1_56' title='bbox 72 1135 103 1196; x_wconf 89' lang='lat' dir='ltr'>sit</span> <span class='ocrx_word' id='word_1_57' title='bbox 125 1139 322 1214; x_wconf 88' lang='lat' dir='ltr'>praeceptore.</span> <span class='ocrx_word' id='word_1_58' title='bbox 372 1129 465 1212; x_wconf 83' lang='lat' dir='ltr'>Quod</span> <span class='ocrx_word' id='word_1_59' title='bbox 490 1148 564 1190; x_wconf 86' lang='lat' dir='ltr'>vero</span> <span class='ocrx_word' id='word_1_60' title='bbox 595 1128 774 1208; x_wconf 82' lang='lat' dir='ltr'>fabulantur,</span> <span class='ocrx_word' id='word_1_61' title='bbox 806 1134 1003 1216; x_wconf 80' lang='lat' dir='ltr'><strong>Protagoram</strong></span> <span class='ocrx_word' id='word_1_62' title='bbox 1023 1142 1158 1224; x_wconf 87' lang='lat' dir='ltr'>bajulum</span> 
     </span>
     <span class='ocr_line' id='line_1_9' title="bbox 71 1235 1158 1322; baseline 0.015 -22"><span class='ocrx_word' id='word_1_63' title='bbox 71 1245 141 1322; x_wconf 80' lang='lat' dir='ltr'>prim</span> <span class='ocrx_word' id='word_1_64' title='bbox 159 1241 258 1319; x_wconf 84' lang='lat' dir='ltr'>fuisse,</span> <span class='ocrx_word' id='word_1_65' title='bbox 281 1239 336 1302; x_wconf 89' lang='lat' dir='ltr'>sed</span> <span class='ocrx_word' id='word_1_66' title='bbox 357 1235 572 1314; x_wconf 88' lang='lat' dir='ltr'>aDemocrito,</span> <span class='ocrx_word' id='word_1_67' title='bbox 595 1237 647 1318; x_wconf 91' lang='lat' dir='ltr'>qui</span> <span class='ocrx_word' id='word_1_68' title='bbox 668 1239 732 1316; x_wconf 88' lang='lat' dir='ltr'>ejus</span> <span class='ocrx_word' id='word_1_69' title='bbox 753 1239 784 1302; x_wconf 92' lang='lat' dir='ltr'>in</span> <span class='ocrx_word' id='word_1_70' title='bbox 801 1239 890 1322; x_wconf 89' lang='lat' dir='ltr'>lignis</span> <span class='ocrx_word' id='word_1_71' title='bbox 912 1247 1073 1314; x_wconf 87' lang='lat' dir='ltr'>artificiose</span> <span class='ocrx_word' id='word_1_72' title='bbox 1094 1255 1158 1316; x_wconf 90' lang='lat' dir='ltr'>col-</span> 
     </span>
     <span class='ocr_line' id='line_1_10' title="bbox 71 1345 1157 1432; baseline 0.017 -26"><span class='ocrx_word' id='word_1_73' title='bbox 71 1351 196 1432; x_wconf 71' lang='lat' dir='ltr'>ligandis,</span> <span class='ocrx_word' id='word_1_74' title='bbox 225 1369 286 1431; x_wconf 92' lang='lat' dir='ltr'>quo</span> <span class='ocrx_word' id='word_1_75' title='bbox 310 1345 501 1408; x_wconf 87' lang='lat' dir='ltr'>commodius</span> <span class='ocrx_word' id='word_1_76' title='bbox 526 1347 644 1426; x_wconf 88' lang='lat' dir='ltr'>portari</span> <span class='ocrx_word' id='word_1_77' title='bbox 669 1355 811 1427; x_wconf 89' lang='lat' dir='ltr'>possent,</span> <span class='ocrx_word' id='word_1_78' title='bbox 838 1351 1003 1420; x_wconf 81' lang='lat' dir='ltr'>sollertiam</span> <span class='ocrx_word' id='word_1_79' title='bbox 1030 1360 1157 1424; x_wconf 85' lang='lat' dir='ltr'>admira-</span> 
     </span>
     <span class='ocr_line' id='line_1_11' title="bbox 70 1453 1156 1546; baseline 0.01 -26"><span class='ocrx_word' id='word_1_80' title='bbox 70 1467 110 1520; x_wconf 87' lang='lat' dir='ltr'>tus</span> <span class='ocrx_word' id='word_1_81' title='bbox 126 1461 168 1536; x_wconf 90' lang='lat' dir='ltr'>sit,</span> <span class='ocrx_word' id='word_1_82' title='bbox 186 1459 308 1541; x_wconf 89' lang='lat' dir='ltr'>dignum</span> <span class='ocrx_word' id='word_1_83' title='bbox 330 1474 397 1518; x_wconf 87' lang='lat' dir='ltr'>esse</span> <span class='ocrx_word' id='word_1_84' title='bbox 417 1453 559 1531; x_wconf 92' lang='lat' dir='ltr'>habitum,</span> <span class='ocrx_word' id='word_1_85' title='bbox 582 1454 635 1537; x_wconf 92' lang='lat' dir='ltr'>qui</span> <span class='ocrx_word' id='word_1_86' title='bbox 653 1455 748 1535; x_wconf 85' lang='lat' dir='ltr'>ipsius</span> <span class='ocrx_word' id='word_1_87' title='bbox 777 1456 943 1540; x_wconf 87' lang='lat' dir='ltr'>discipulus</span> <span class='ocrx_word' id='word_1_88' title='bbox 965 1477 1060 1529; x_wconf 87' lang='lat' dir='ltr'>esset:</span> <span class='ocrx_word' id='word_1_89' title='bbox 1089 1470 1156 1546; x_wconf 89' lang='lat' dir='ltr'>hoc,</span> 
     </span>
     <span class='ocr_line' id='line_1_12' title="bbox 70 1559 1158 1657; baseline 0.011 -29"><span class='ocrx_word' id='word_1_90' title='bbox 70 1568 186 1649; x_wconf 86' lang='lat' dir='ltr'>quamvis</span> <span class='ocrx_word' id='word_1_91' title='bbox 206 1588 224 1629; x_wconf 90' lang='lat' dir='ltr'>a</span> <span class='ocrx_word' id='word_1_92' title='bbox 244 1559 410 1652; x_wconf 75' lang='lat' dir='ltr'>Gellio⁸⁸)</span> <span class='ocrx_word' id='word_1_93' title='bbox 442 1569 574 1624; x_wconf 89' lang='lat' dir='ltr'>comtum</span> <span class='ocrx_word' id='word_1_94' title='bbox 597 1569 628 1625; x_wconf 89' lang='lat' dir='ltr'>et</span> <span class='ocrx_word' id='word_1_95' title='bbox 650 1571 835 1645; x_wconf 87' lang='lat' dir='ltr'>exornatum,</span> <span class='ocrx_word' id='word_1_96' title='bbox 861 1569 899 1630; x_wconf 89' lang='lat' dir='ltr'>ab</span> <span class='ocrx_word' id='word_1_97' title='bbox 924 1570 992 1653; x_wconf 92' lang='lat' dir='ltr'>ipso</span> <span class='ocrx_word' id='word_1_98' title='bbox 1012 1575 1158 1657; x_wconf 86' lang='lat' dir='ltr'>Epicuro,</span> 
     </span>
     <span class='ocr_line' id='line_1_13' title="bbox 70 1670 1156 1766; baseline 0.013 -31"><span class='ocrx_word' id='word_1_99' title='bbox 70 1681 133 1737; x_wconf 86' lang='lat' dir='ltr'>teste</span> <span class='ocrx_word' id='word_1_100' title='bbox 151 1672 349 1758; x_wconf 78' lang='lat' dir='ltr'>Diogene²⁹)</span> <span class='ocrx_word' id='word_1_101' title='bbox 372 1670 573 1753; x_wconf 89' lang='lat' dir='ltr'>perscriptum</span> <span class='ocrx_word' id='word_1_102' title='bbox 594 1677 624 1733; x_wconf 88' lang='lat' dir='ltr'>et</span> <span class='ocrx_word' id='word_1_103' title='bbox 645 1672 683 1734; x_wconf 88' lang='lat' dir='ltr'>ab</span> <span class='ocrx_word' id='word_1_104' title='bbox 703 1671 923 1759; x_wconf 82' lang='lat' dir='ltr'>Athenaeo³⁰)</span> <span class='ocrx_word' id='word_1_105' title='bbox 950 1691 1156 1766; x_wconf 88' lang='lat' dir='ltr'>memoratum,</span> 
     </span>
     <span class='ocr_line' id='line_1_14' title="bbox 70 1779 1156 1873; baseline 0.012 -29"><span class='ocrx_word' id='word_1_106' title='bbox 70 1789 152 1845; x_wconf 76' lang='lat' dir='ltr'>umen</span> <span class='ocrx_word' id='word_1_107' title='bbox 170 1785 246 1846; x_wconf 91' lang='lat' dir='ltr'>adeo</span> <span class='ocrx_word' id='word_1_108' title='bbox 269 1783 362 1844; x_wconf 87' lang='lat' dir='ltr'>fidem</span> <span class='ocrx_word' id='word_1_109' title='bbox 376 1779 503 1857; x_wconf 77' lang='lat' dir='ltr'>excedit,</span> <span class='ocrx_word' id='word_1_110' title='bbox 517 1785 552 1841; x_wconf 92' lang='lat' dir='ltr'>ut</span> <span class='ocrx_word' id='word_1_111' title='bbox 573 1800 700 1860; x_wconf 89' lang='lat' dir='ltr'>prorsus</span> <span class='ocrx_word' id='word_1_112' title='bbox 715 1785 878 1848; x_wconf 83' lang='lat' dir='ltr'>confictum</span> <span class='ocrx_word' id='word_1_113' title='bbox 897 1807 966 1851; x_wconf 89' lang='lat' dir='ltr'>eum</span> <span class='ocrx_word' id='word_1_114' title='bbox 983 1792 1156 1873; x_wconf 88' lang='lat' dir='ltr'>hleinersio,</span> 
     </span>
     <span class='ocr_line' id='line_1_15' title="bbox 69 1887 1156 1976; baseline 0.011 -24"><span class='ocrx_word' id='word_1_115' title='bbox 69 1892 108 1952; x_wconf 85' lang='lat' dir='ltr'>cui</span> <span class='ocrx_word' id='word_1_116' title='bbox 126 1887 446 1970; x_wconf 77' lang='lat' dir='ltr'>etTiedemarmus³¹)</span> <span class='ocrx_word' id='word_1_117' title='bbox 470 1888 733 1971; x_wconf 79' lang='lat' dir='ltr'>etWendtius’⁹)</span> <span class='ocrx_word' id='word_1_118' title='bbox 755 1895 967 1976; x_wconf 88' lang='lat' dir='ltr'>assentiuntur,</span> <span class='ocrx_word' id='word_1_119' title='bbox 982 1899 1156 1966; x_wconf 88' lang='lat' dir='ltr'>existimem.</span> 
     </span>
     <span class='ocr_line' id='line_1_16' title="bbox 69 1996 1156 2088; baseline 0.014 -30"><span class='ocrx_word' id='word_1_120' title='bbox 69 1999 183 2063; x_wconf 84' lang='lat' dir='ltr'>Primum</span> <span class='ocrx_word' id='word_1_121' title='bbox 209 2003 289 2064; x_wconf 89' lang='lat' dir='ltr'>enim</span> <span class='ocrx_word' id='word_1_122' title='bbox 320 1996 499 2060; x_wconf 86' lang='lat' dir='ltr'>Democrito</span> <span class='ocrx_word' id='word_1_123' title='bbox 526 1997 681 2078; x_wconf 87' lang='lat' dir='ltr'>indignum</span> <span class='ocrx_word' id='word_1_124' title='bbox 716 2000 808 2080; x_wconf 82' lang='lat' dir='ltr'>foret,</span> <span class='ocrx_word' id='word_1_125' title='bbox 840 2003 868 2065; x_wconf 92' lang='lat' dir='ltr'>si</span> <span class='ocrx_word' id='word_1_126' title='bbox 903 2007 1042 2086; x_wconf 83' lang='lat' dir='ltr'>opinatus</span> <span class='ocrx_word' id='word_1_127' title='bbox 1068 2017 1156 2088; x_wconf 88' lang='lat' dir='ltr'>esset,</span> 
     </span>
     <span class='ocr_line' id='line_1_17' title="bbox 69 2105 1158 2192; baseline 0.014 -26"><span class='ocrx_word' id='word_1_128' title='bbox 69 2127 126 2169; x_wconf 90' lang='lat' dir='ltr'>cum</span> <span class='ocrx_word' id='word_1_129' title='bbox 144 2110 191 2192; x_wconf 90' lang='lat' dir='ltr'>qni</span> <span class='ocrx_word' id='word_1_130' title='bbox 209 2111 291 2192; x_wconf 90' lang='lat' dir='ltr'>ligna</span> <span class='ocrx_word' id='word_1_131' title='bbox 314 2105 389 2170; x_wconf 91' lang='lat' dir='ltr'>scite</span> <span class='ocrx_word' id='word_1_132' title='bbox 414 2112 618 2186; x_wconf 87' lang='lat' dir='ltr'>componeret,</span> <span class='ocrx_word' id='word_1_133' title='bbox 648 2113 682 2168; x_wconf 95' lang='lat' dir='ltr'>ut</span> <span class='ocrx_word' id='word_1_134' title='bbox 703 2127 826 2190; x_wconf 86' lang='lat' dir='ltr'>magnae</span> <span class='ocrx_word' id='word_1_135' title='bbox 849 2132 956 2176; x_wconf 82' lang='lat' dir='ltr'>comm</span> <span class='ocrx_word' id='word_1_136' title='bbox 976 2116 1158 2182; x_wconf 86' lang='lat' dir='ltr'>multitudini</span> 
     </span>
     <span class='ocr_line' id='line_1_18' title="bbox 69 2213 1157 2299; baseline 0.012 -23"><span class='ocrx_word' id='word_1_137' title='bbox 69 2219 191 2280; x_wconf 83' lang='lat' dir='ltr'>serendae</span> <span class='ocrx_word' id='word_1_138' title='bbox 208 2238 265 2299; x_wconf 86' lang='lat' dir='ltr'>par</span> <span class='ocrx_word' id='word_1_139' title='bbox 291 2221 381 2291; x_wconf 88' lang='lat' dir='ltr'>esset,</span> <span class='ocrx_word' id='word_1_140' title='bbox 408 2214 498 2276; x_wconf 89' lang='lat' dir='ltr'>etiarn</span> <span class='ocrx_word' id='word_1_141' title='bbox 528 2213 737 2295; x_wconf 86' lang='lat' dir='ltr'>philosophiae</span> <span class='ocrx_word' id='word_1_142' title='bbox 766 2219 865 2282; x_wconf 87' lang='lat' dir='ltr'>studia</span> <span class='ocrx_word' id='word_1_143' title='bbox 891 2243 952 2285; x_wconf 90' lang='lat' dir='ltr'>uon</span> <span class='ocrx_word' id='word_1_144' title='bbox 971 2225 1036 2286; x_wconf 88' lang='lat' dir='ltr'>sine</span> <span class='ocrx_word' id='word_1_145' title='bbox 1057 2225 1157 2288; x_wconf 84' lang='lat' dir='ltr'>fructu</span> 
     </span>
     <span class='ocr_line' id='line_1_19' title="bbox 68 2322 1157 2414; baseline 0.013 -30"><span class='ocrx_word' id='word_1_146' title='bbox 68 2331 243 2390; x_wconf 86' lang='lat' dir='ltr'>tractaturum</span> <span class='ocrx_word' id='word_1_147' title='bbox 261 2345 341 2388; x_wconf 87' lang='lat' dir='ltr'>esse.</span> <span class='ocrx_word' id='word_1_148' title='bbox 380 2322 498 2384; x_wconf 85' lang='lat' dir='ltr'>Deinde</span> <span class='ocrx_word' id='word_1_149' title='bbox 519 2322 718 2386; x_wconf 84' lang='lat' dir='ltr'>Philostratus</span> <span class='ocrx_word' id='word_1_150' title='bbox 738 2323 777 2386; x_wconf 90' lang='lat' dir='ltr'>de</span> <span class='ocrx_word' id='word_1_151' title='bbox 798 2327 943 2407; x_wconf 88' lang='lat' dir='ltr'>sophistis</span> <span class='ocrx_word' id='word_1_152' title='bbox 959 2330 1037 2395; x_wconf 93' lang='lat' dir='ltr'>lib.1</span> <span class='ocrx_word' id='word_1_153' title='bbox 1056 2354 1086 2414; x_wconf 93' lang='lat' dir='ltr'>p.</span> <span class='ocrx_word' id='word_1_154' title='bbox 1095 2337 1157 2398; x_wconf 72' lang='lat'>494</span> 
     </span>
     <span class='ocr_line' id='line_1_20' title="bbox 69 2429 1158 2515; baseline 0.012 -22"><span class='ocrx_word' id='word_1_155' title='bbox 69 2441 159 2496; x_wconf 78' lang='lat' dir='ltr'>aurctor</span> <span class='ocrx_word' id='word_1_156' title='bbox 182 2443 235 2512; x_wconf 90' lang='lat' dir='ltr'>est,</span> <span class='ocrx_word' id='word_1_157' title='bbox 263 2431 446 2496; x_wconf 88' lang='lat' dir='ltr'>ditissimum</span> <span class='ocrx_word' id='word_1_158' title='bbox 473 2429 566 2494; x_wconf 82' lang='lat' dir='ltr'>luisse</span> <span class='ocrx_word' id='word_1_159' title='bbox 595 2433 779 2512; x_wconf 87' lang='lat' dir='ltr'>Protagorae</span> <span class='ocrx_word' id='word_1_160' title='bbox 805 2444 921 2515; x_wconf 89' lang='lat' dir='ltr'>patrem</span> <span class='ocrx_word' id='word_1_161' title='bbox 945 2437 1086 2503; x_wconf 79' lang='lat' dir='ltr'>Abderae</span> <span class='ocrx_word' id='word_1_162' title='bbox 1106 2443 1158 2505; x_wconf 85' lang='lat' dir='ltr'>de-</span> 
     </span>
     <span class='ocr_line' id='line_1_21' title="bbox 69 2537 1158 2627; baseline 0.011 -25"><span class='ocrx_word' id='word_1_163' title='bbox 69 2551 177 2620; x_wconf 79' lang='lat' dir='ltr'>gentem,</span> <span class='ocrx_word' id='word_1_164' title='bbox 198 2543 239 2606; x_wconf 89' lang='lat' dir='ltr'>ita</span> <span class='ocrx_word' id='word_1_165' title='bbox 256 2548 292 2607; x_wconf 90' lang='lat' dir='ltr'>ut</span> <span class='ocrx_word' id='word_1_166' title='bbox 313 2541 451 2602; x_wconf 87' lang='lat' dir='ltr'>Xerxem</span> <span class='ocrx_word' id='word_1_167' title='bbox 473 2537 504 2600; x_wconf 93' lang='lat' dir='ltr'>iu</span> <span class='ocrx_word' id='word_1_168' title='bbox 527 2539 681 2602; x_wconf 89' lang='lat' dir='ltr'>Persidem</span> <span class='ocrx_word' id='word_1_169' title='bbox 705 2548 904 2604; x_wconf 89' lang='lat' dir='ltr'>revertentem</span> <span class='ocrx_word' id='word_1_170' title='bbox 924 2547 1056 2627; x_wconf 89' lang='lat' dir='ltr'>hospitio</span> <span class='ocrx_word' id='word_1_171' title='bbox 1075 2552 1158 2614; x_wconf 80' lang='lat' dir='ltr'>esci·</span> 
     </span>
     <span class='ocr_line' id='line_1_22' title="bbox 69 2646 1159 2734; baseline 0.011 -25"><span class='ocrx_word' id='word_1_172' title='bbox 69 2669 128 2728; x_wconf 83' lang='lat' dir='ltr'>pere</span> <span class='ocrx_word' id='word_1_173' title='bbox 147 2651 287 2733; x_wconf 86' lang='lat' dir='ltr'>potuerit,</span> <span class='ocrx_word' id='word_1_174' title='bbox 314 2646 366 2731; x_wconf 91' lang='lat' dir='ltr'>qui</span> <span class='ocrx_word' id='word_1_175' title='bbox 392 2653 427 2710; x_wconf 90' lang='lat' dir='ltr'>ut</span> <span class='ocrx_word' id='word_1_176' title='bbox 446 2648 531 2727; x_wconf 87' lang='lat' dir='ltr'>regio</span> <span class='ocrx_word' id='word_1_177' title='bbox 551 2647 637 2710; x_wconf 86' lang='lat' dir='ltr'>illurn</span> <span class='ocrx_word' id='word_1_178' title='bbox 656 2668 781 2712; x_wconf 89' lang='lat' dir='ltr'>munere</span> <span class='ocrx_word' id='word_1_179' title='bbox 802 2652 937 2730; x_wconf 87' lang='lat' dir='ltr'>donaret,</span> <span class='ocrx_word' id='word_1_180' title='bbox 958 2673 1063 2734; x_wconf 88' lang='lat' dir='ltr'>magos</span> <span class='ocrx_word' id='word_1_181' title='bbox 1084 2676 1159 2720; x_wconf 91' lang='lat' dir='ltr'>non-</span> 
     </span>
     <span class='ocr_line' id='line_1_23' title="bbox 68 2756 1157 2850; baseline 0.009 -32"><span class='ocrx_word' id='word_1_182' title='bbox 68 2759 152 2822; x_wconf 88' lang='lat' dir='ltr'>unh0s</span> <span class='ocrx_word' id='word_1_183' title='bbox 183 2762 211 2825; x_wconf 89' lang='lat' dir='ltr'>ei</span> <span class='ocrx_word' id='word_1_184' title='bbox 236 2757 397 2841; x_wconf 87' lang='lat' dir='ltr'>reliquerit</span> <span class='ocrx_word' id='word_1_185' title='bbox 430 2756 482 2840; x_wconf 94' lang='lat' dir='ltr'>qui</span> <span class='ocrx_word' id='word_1_186' title='bbox 509 2756 601 2818; x_wconf 86' lang='lat' dir='ltr'>tilium</span> <span class='ocrx_word' id='word_1_187' title='bbox 630 2756 793 2850; x_wconf 82' lang='lat' dir='ltr'>sapientiae</span> <span class='ocrx_word' id='word_1_188' title='bbox 821 2759 972 2839; x_wconf 87' lang='lat' dir='ltr'>mysteriis</span> <span class='ocrx_word' id='word_1_189' title='bbox 999 2761 1157 2829; x_wconf 79' lang='lat' dir='ltr'>initiarent</span> 
     </span>
     <span class='ocr_line' id='line_1_24' title="bbox 69 2864 1159 2947; baseline 0.009 -20"><span class='ocrx_word' id='word_1_190' title='bbox 69 2869 145 2946; x_wconf 80' lang='lat' dir='ltr'>Quod</span> <span class='ocrx_word' id='word_1_191' title='bbox 169 2870 194 2932; x_wconf 91' lang='lat' dir='ltr'>si</span> <span class='ocrx_word' id='word_1_192' title='bbox 220 2887 329 2932; x_wconf 89' lang='lat' dir='ltr'>verum</span> <span class='ocrx_word' id='word_1_193' title='bbox 354 2871 408 2942; x_wconf 89' lang='lat' dir='ltr'>est,</span> <span class='ocrx_word' id='word_1_194' title='bbox 435 2864 503 2947; x_wconf 91' lang='lat' dir='ltr'>quis</span> <span class='ocrx_word' id='word_1_195' title='bbox 526 2866 644 2941; x_wconf 86' lang='lat' dir='ltr'>credet,</span> <span class='ocrx_word' id='word_1_196' title='bbox 674 2865 767 2926; x_wconf 86' lang='lat' dir='ltr'>filium</span> <span class='ocrx_word' id='word_1_197' title='bbox 794 2868 859 2944; x_wconf 77' lang='lat' dir='ltr'>eJus</span> <span class='ocrx_word' id='word_1_198' title='bbox 889 2867 1022 2947; x_wconf 87' lang='lat' dir='ltr'>bajulum</span> <span class='ocrx_word' id='word_1_199' title='bbox 1043 2873 1159 2939; x_wconf 75' lang='lat' dir='ltr'>finisse?</span> 
     </span>
     <span class='ocr_line' id='line_1_25' title="bbox 67 2970 1168 3058; baseline 0.008 -24"><span class='ocrx_word' id='word_1_200' title='bbox 67 2973 100 3036; x_wconf 83' lang='lat' dir='ltr'>ht</span> <span class='ocrx_word' id='word_1_201' title='bbox 120 2976 276 3058; x_wconf 87' lang='lat' dir='ltr'>largiamur</span> <span class='ocrx_word' id='word_1_202' title='bbox 305 2974 464 3036; x_wconf 86' lang='lat' dir='ltr'>Bruchero</span> <span class='ocrx_word' id='word_1_203' title='bbox 481 2970 547 3053; x_wconf 81' lang='lat'>³³),</span> <span class='ocrx_word' id='word_1_204' title='bbox 582 2972 660 3034; x_wconf 87' lang='lat' dir='ltr'>salso</span> <span class='ocrx_word' id='word_1_205' title='bbox 687 2974 747 3036; x_wconf 90' lang='lat' dir='ltr'>hoc</span> <span class='ocrx_word' id='word_1_206' title='bbox 775 2975 812 3036; x_wconf 91' lang='lat' dir='ltr'>dc</span> <span class='ocrx_word' id='word_1_207' title='bbox 839 2977 1007 3058; x_wconf 73' lang='lat' dir='ltr'>Protagora</span> <span class='ocrx_word' id='word_1_208' title='bbox 1032 2982 1168 3058; x_wconf 75' lang='lat' dir='ltr'>narrari·</span> 
     </span>
     <span class='ocr_line' id='line_1_26' title="bbox 69 3081 1159 3168; baseline 0.009 -26"><span class='ocrx_word' id='word_1_209' title='bbox 69 3101 228 3168; x_wconf 87' lang='lat' dir='ltr'>quamquam</span> <span class='ocrx_word' id='word_1_210' title='bbox 247 3103 403 3166; x_wconf 85' lang='lat' dir='ltr'>negamus,</span> <span class='ocrx_word' id='word_1_211' title='bbox 429 3081 572 3144; x_wconf 85' lang='lat' dir='ltr'>confundi</span> <span class='ocrx_word' id='word_1_212' title='bbox 596 3081 654 3157; x_wconf 88' lang='lat' dir='ltr'>hie,</span> <span class='ocrx_word' id='word_1_213' title='bbox 674 3087 708 3143; x_wconf 92' lang='lat' dir='ltr'>ut</span> <span class='ocrx_word' id='word_1_214' title='bbox 732 3081 784 3145; x_wconf 91' lang='lat' dir='ltr'>ille</span> <span class='ocrx_word' id='word_1_215' title='bbox 806 3083 878 3162; x_wconf 85' lang='lat' dir='ltr'>vult,</span> <span class='ocrx_word' id='word_1_216' title='bbox 898 3087 1107 3150; x_wconf 86' lang='lat' dir='ltr'>Democritum</span> <span class='ocrx_word' id='word_1_217' title='bbox 1128 3097 1159 3152; x_wconf 88' lang='lat' dir='ltr'>et</span> 
     </span>
     <span class='ocr_line' id='line_1_27' title="bbox 68 3189 1159 3276; baseline 0.008 -27"><span class='ocrx_word' id='word_1_218' title='bbox 68 3191 254 3273; x_wconf 77' lang='lat' dir='ltr'>Protagoram,</span> <span class='ocrx_word' id='word_1_219' title='bbox 275 3192 418 3276; x_wconf 90' lang='lat' dir='ltr'>quoniam</span> <span class='ocrx_word' id='word_1_220' title='bbox 441 3190 587 3272; x_wconf 87' lang='lat' dir='ltr'>quidquid</span> <span class='ocrx_word' id='word_1_221' title='bbox 604 3191 663 3252; x_wconf 92' lang='lat' dir='ltr'>hoc</span> <span class='ocrx_word' id='word_1_222' title='bbox 685 3189 729 3250; x_wconf 89' lang='lat' dir='ltr'>rei</span> <span class='ocrx_word' id='word_1_223' title='bbox 753 3193 854 3253; x_wconf 90' lang='lat' dir='ltr'>estad</span> <span class='ocrx_word' id='word_1_224' title='bbox 876 3193 993 3256; x_wconf 82' lang='lat' dir='ltr'>fabulas</span> <span class='ocrx_word' id='word_1_225' title='bbox 1006 3196 1159 3275; x_wconf 86' lang='lat' dir='ltr'>pertinere</span> 
     </span>
     <span class='ocr_line' id='line_1_28' title="bbox 68 3297 1159 3383; baseline 0.009 -25"><span class='ocrx_word' id='word_1_226' title='bbox 68 3299 142 3362; x_wconf 86' lang='lat' dir='ltr'>nobis</span> <span class='ocrx_word' id='word_1_227' title='bbox 165 3302 379 3383; x_wconf 89' lang='lat' dir='ltr'>persuasimus.</span> <span class='ocrx_word' id='word_1_228' title='bbox 428 3301 587 3361; x_wconf 87' lang='lat' dir='ltr'>Praeterea</span> <span class='ocrx_word' id='word_1_229' title='bbox 615 3297 664 3358; x_wconf 89' lang='lat' dir='ltr'>vel</span> <span class='ocrx_word' id='word_1_230' title='bbox 690 3297 758 3360; x_wconf 89' lang='lat' dir='ltr'>ideo</span> <span class='ocrx_word' id='word_1_231' title='bbox 787 3299 817 3360; x_wconf 93' lang='lat' dir='ltr'>iu</span> <span class='ocrx_word' id='word_1_232' title='bbox 847 3303 1051 3382; x_wconf 89' lang='lat' dir='ltr'>suspicionem</span> <span class='ocrx_word' id='word_1_233' title='bbox 1070 3305 1159 3367; x_wconf 92' lang='lat' dir='ltr'>nobis</span> 
     </span>
     <span class='ocr_line' id='line_1_29' title="bbox 67 3405 1159 3492; baseline 0.01 -26"><span class='ocrx_word' id='word_1_234' title='bbox 67 3410 134 3470; x_wconf 80' lang='lat' dir='ltr'>scuit</span> <span class='ocrx_word' id='word_1_235' title='bbox 152 3411 207 3472; x_wconf 83' lang='lat' dir='ltr'>ista</span> <span class='ocrx_word' id='word_1_236' title='bbox 226 3409 370 3484; x_wconf 89' lang='lat' dir='ltr'>narratio,</span> <span class='ocrx_word' id='word_1_237' title='bbox 393 3407 477 3491; x_wconf 91' lang='lat' dir='ltr'>qnod</span> <span class='ocrx_word' id='word_1_238' title='bbox 488 3405 668 3468; x_wconf 79' lang='lat' dir='ltr'>Aristoteles</span> <span class='ocrx_word' id='word_1_239' title='bbox 685 3407 783 3470; x_wconf 88' lang='lat' dir='ltr'>nescit</span> <span class='ocrx_word' id='word_1_240' title='bbox 801 3407 883 3470; x_wconf 90' lang='lat' dir='ltr'>illam</span> <span class='ocrx_word' id='word_1_241' title='bbox 902 3410 1087 3492; x_wconf 84' lang='lat' dir='ltr'>Protagorae</span> <span class='ocrx_word' id='word_1_242' title='bbox 1102 3414 1159 3476; x_wconf 89' lang='lat' dir='ltr'>snb</span> 
     </span>
     <span class='ocr_line' id='line_1_30' title="bbox 67 3513 1160 3604; baseline 0.005 -25"><span class='ocrx_word' id='word_1_243' title='bbox 67 3515 226 3584; x_wconf 85' lang='lat' dir='ltr'>Damocrito</span> <span class='ocrx_word' id='word_1_244' title='bbox 263 3515 410 3598; x_wconf 83' lang='lat' dir='ltr'>magistro</span> <span class='ocrx_word' id='word_1_245' title='bbox 446 3513 677 3593; x_wconf 88' lang='lat' dir='ltr'>institutionem,</span> <span class='ocrx_word' id='word_1_246' title='bbox 713 3515 771 3578; x_wconf 82' lang='lat' dir='ltr'>etsi</span> <span class='ocrx_word' id='word_1_247' title='bbox 802 3515 839 3578; x_wconf 89' lang='lat' dir='ltr'>de</span> <span class='ocrx_word' id='word_1_248' title='bbox 876 3517 1028 3582; x_wconf 91' lang='lat' dir='ltr'>culcitella</span> <span class='ocrx_word' id='word_1_249' title='bbox 1060 3521 1160 3604; x_wconf 88' lang='lat' dir='ltr'>aliqua</span> 
     </span>
    </p>
   </div>
   <div class='ocr_carea' id='block_1_3' title="bbox 66 3648 250 3666">
    <p class='ocr_par' dir='ltr' id='par_1_3' title="bbox 66 3648 250 3666">
     <span class='ocr_line' id='line_1_31' title="bbox 66 3648 250 3666; baseline 0.016 -3"><span class='ocrx_word' id='word_1_250' title='bbox 66 3648 250 3666; x_wconf 47' lang='grc' dir='ltr'><strong>ψ</strong></span> 
     </span>
    </p>
   </div>
   <div class='ocr_carea' id='block_1_4' title="bbox 125 3733 1159 4358">
    <p class='ocr_par' dir='ltr' id='par_1_4' title="bbox 125 3733 746 3806">
     <span class='ocr_line' id='line_1_32' title="bbox 125 3733 746 3806; baseline -0.005 -14"><span class='ocrx_word' id='word_1_251' title='bbox 125 3741 164 3806; x_wconf 73' lang='lat'>²¹)</span> <span class='ocrx_word' id='word_1_252' title='bbox 180 3741 339 3794; x_wconf 82' lang='lat' dir='ltr'>hlainersius</span> <span class='ocrx_word' id='word_1_253' title='bbox 358 3737 423 3790; x_wconf 73' lang='lat' dir='ltr'>nul</span> <span class='ocrx_word' id='word_1_254' title='bbox 440 3737 468 3787; x_wconf 87' lang='grc' dir='ltr'>Τ.</span> <span class='ocrx_word' id='word_1_255' title='bbox 487 3737 508 3786; x_wconf 94' lang='lat'>11</span> <span class='ocrx_word' id='word_1_256' title='bbox 527 3750 553 3800; x_wconf 90' lang='lat' dir='ltr'>p.</span> <span class='ocrx_word' id='word_1_257' title='bbox 575 3734 624 3789; x_wconf 82' lang='lat'>173</span> <span class='ocrx_word' id='word_1_258' title='bbox 643 3741 670 3789; x_wconf 85' lang='lat' dir='ltr'>ot</span> <span class='ocrx_word' id='word_1_259' title='bbox 690 3733 746 3789; x_wconf 73' lang='lat'>174.</span> 
     </span>
    </p>

    <p class='ocr_par' dir='ltr' id='par_1_5' title="bbox 125 3826 542 3896">
     <span class='ocr_line' id='line_1_33' title="bbox 125 3826 542 3896; baseline -0.005 -14"><span class='ocrx_word' id='word_1_260' title='bbox 125 3833 161 3896; x_wconf 84' lang='lat'>²⁸)</span> <span class='ocrx_word' id='word_1_261' title='bbox 179 3834 276 3885; x_wconf 78' lang='lat' dir='ltr'>Gellius</span> <span class='ocrx_word' id='word_1_262' title='bbox 295 3835 366 3882; x_wconf 91' lang='lat' dir='ltr'>noct.</span> <span class='ocrx_word' id='word_1_263' title='bbox 386 3831 458 3882; x_wconf 86' lang='lat' dir='ltr'>attic.</span> <span class='ocrx_word' id='word_1_264' title='bbox 476 3829 504 3892; x_wconf 89' lang='lat' dir='ltr'>V,</span> <span class='ocrx_word' id='word_1_265' title='bbox 518 3826 542 3880; x_wconf 86' lang='lat'>3.</span> 
     </span>
    </p>

    <p class='ocr_par' dir='ltr' id='par_1_6' title="bbox 125 3919 534 3990">
     <span class='ocr_line' id='line_1_34' title="bbox 125 3919 534 3990; baseline -0.01 -13"><span class='ocrx_word' id='word_1_266' title='bbox 125 3925 160 3990; x_wconf 78' lang='lat'>²⁸]</span> <span class='ocrx_word' id='word_1_267' title='bbox 177 3926 250 3990; x_wconf 85' lang='lat' dir='ltr'>Diog.</span> <span class='ocrx_word' id='word_1_268' title='bbox 268 3927 354 3976; x_wconf 82' lang='lat' dir='ltr'>laert.</span> <span class='ocrx_word' id='word_1_269' title='bbox 370 3923 413 3974; x_wconf 85' lang='lat' dir='ltr'>lib.</span> <span class='ocrx_word' id='word_1_270' title='bbox 431 3924 472 3982; x_wconf 84' lang='lat' dir='ltr'>lli,</span> <span class='ocrx_word' id='word_1_271' title='bbox 492 3919 534 3973; x_wconf 80' lang='lat'>33.</span> 
     </span>
    </p>

    <p class='ocr_par' dir='ltr' id='par_1_7' title="bbox 125 4010 953 4082">
     <span class='ocr_line' id='line_1_35' title="bbox 125 4010 953 4082; baseline -0.002 -14"><span class='ocrx_word' id='word_1_272' title='bbox 125 4017 161 4082; x_wconf 81' lang='lat'>³⁰)</span> <span class='ocrx_word' id='word_1_273' title='bbox 179 4019 332 4070; x_wconf 73' lang='lat' dir='ltr'>Athenaeus</span> <span class='ocrx_word' id='word_1_274' title='bbox 357 4015 401 4068; x_wconf 87' lang='lat' dir='ltr'>lib.</span> <span class='ocrx_word' id='word_1_275' title='bbox 419 4015 483 4065; x_wconf 87' lang='lat' dir='ltr'>Vlll.</span> <span class='ocrx_word' id='word_1_276' title='bbox 506 4027 523 4064; x_wconf 90' lang='lat' dir='ltr'>c</span> <span class='ocrx_word' id='word_1_277' title='bbox 548 4011 582 4066; x_wconf 83' lang='lat'>50</span> <span class='ocrx_word' id='word_1_278' title='bbox 600 4027 659 4078; x_wconf 81' lang='lat' dir='ltr'>pag.</span> <span class='ocrx_word' id='word_1_279' title='bbox 680 4010 730 4066; x_wconf 81' lang='lat'>306</span> <span class='ocrx_word' id='word_1_280' title='bbox 748 4015 789 4064; x_wconf 89' lang='lat' dir='ltr'>ed.</span> <span class='ocrx_word' id='word_1_281' title='bbox 807 4014 953 4079; x_wconf 83' lang='lat' dir='ltr'>Schweigh.</span> 
     </span>
    </p>

    <p class='ocr_par' dir='ltr' id='par_1_8' title="bbox 125 4105 1159 4264">
     <span class='ocr_line' id='line_1_36' title="bbox 126 4105 1159 4174; baseline 0.001 -13"><span class='ocrx_word' id='word_1_282' title='bbox 126 4107 164 4172; x_wconf 64' lang='grc'>31)</span> <span class='ocrx_word' id='word_1_283' title='bbox 180 4111 375 4161; x_wconf 84' lang='lat' dir='ltr'>Ttedemunuus</span> <span class='ocrx_word' id='word_1_284' title='bbox 395 4108 422 4158; x_wconf 89' lang='lat' dir='ltr'>in</span> <span class='ocrx_word' id='word_1_285' title='bbox 441 4107 515 4158; x_wconf 87' lang='lat' dir='ltr'>Gelst</span> <span class='ocrx_word' id='word_1_286' title='bbox 534 4107 583 4158; x_wconf 85' lang='lat' dir='ltr'>dar</span> <span class='ocrx_word' id='word_1_287' title='bbox 603 4105 788 4170; x_wconf 82' lang='lat' dir='ltr'>spekuletiven</span> <span class='ocrx_word' id='word_1_288' title='bbox 807 4106 974 4170; x_wconf 81' lang='lat' dir='ltr'>Philosophia</span> <span class='ocrx_word' id='word_1_289' title='bbox 994 4108 1020 4160; x_wconf 87' lang='grc' dir='ltr'>Τ,</span> <span class='ocrx_word' id='word_1_290' title='bbox 1036 4109 1047 4158; x_wconf 90' lang='lat' dir='ltr'>l</span> <span class='ocrx_word' id='word_1_291' title='bbox 1064 4125 1088 4174; x_wconf 88' lang='lat' dir='ltr'>p.</span> <span class='ocrx_word' id='word_1_292' title='bbox 1101 4105 1159 4162; x_wconf 77' lang='lat'>351.</span> 
     </span>
     <span class='ocr_line' id='line_1_37' title="bbox 125 4195 889 4264; baseline -0.005 -12"><span class='ocrx_word' id='word_1_293' title='bbox 125 4201 161 4264; x_wconf 83' lang='lat'>³²)</span> <span class='ocrx_word' id='word_1_294' title='bbox 180 4201 287 4254; x_wconf 79' lang='lat' dir='ltr'>Weudt</span> <span class='ocrx_word' id='word_1_295' title='bbox 308 4202 333 4250; x_wconf 84' lang='lat' dir='ltr'>tn</span> <span class='ocrx_word' id='word_1_296' title='bbox 353 4201 444 4253; x_wconf 76' lang='lat' dir='ltr'>adnot.</span> <span class='ocrx_word' id='word_1_297' title='bbox 464 4199 498 4251; x_wconf 91' lang='lat' dir='ltr'>ad</span> <span class='ocrx_word' id='word_1_298' title='bbox 519 4199 644 4250; x_wconf 87' lang='lat' dir='ltr'>Tennem.</span> <span class='ocrx_word' id='word_1_299' title='bbox 669 4199 696 4249; x_wconf 86' lang='grc' dir='ltr'>Τ.</span> <span class='ocrx_word' id='word_1_300' title='bbox 717 4199 727 4248; x_wconf 92' lang='lat' dir='ltr'>l</span> <span class='ocrx_word' id='word_1_301' title='bbox 751 4211 810 4263; x_wconf 86' lang='lat' dir='ltr'>pag.</span> <span class='ocrx_word' id='word_1_302' title='bbox 830 4195 889 4250; x_wconf 73' lang='lat'>495.</span> 
     </span>
    </p>

    <p class='ocr_par' dir='ltr' id='par_1_9' title="bbox 128 4287 928 4358">
     <span class='ocr_line' id='line_1_38' title="bbox 128 4287 928 4358; baseline -0.001 -14"><span class='ocrx_word' id='word_1_303' title='bbox 128 4290 164 4358; x_wconf 78' lang='lat'>¹³)</span> <span class='ocrx_word' id='word_1_304' title='bbox 185 4293 311 4346; x_wconf 81' lang='lat' dir='ltr'>Brucker.</span> <span class='ocrx_word' id='word_1_305' title='bbox 331 4291 422 4344; x_wconf 84' lang='lat' dir='ltr'>histor.</span> <span class='ocrx_word' id='word_1_306' title='bbox 443 4293 501 4344; x_wconf 86' lang='lat' dir='ltr'>crit.</span> <span class='ocrx_word' id='word_1_307' title='bbox 521 4291 583 4356; x_wconf 88' lang='lat' dir='ltr'>phil.</span> <span class='ocrx_word' id='word_1_308' title='bbox 602 4292 676 4342; x_wconf 85' lang='lat' dir='ltr'>Tom.</span> <span class='ocrx_word' id='word_1_309' title='bbox 696 4291 707 4342; x_wconf 93' lang='lat' dir='ltr'>l</span> <span class='ocrx_word' id='word_1_310' title='bbox 726 4305 752 4356; x_wconf 87' lang='lat' dir='ltr'>p.</span> <span class='ocrx_word' id='word_1_311' title='bbox 775 4287 839 4343; x_wconf 73' lang='lat' dir='ltr'>Dm</span> <span class='ocrx_word' id='word_1_312' title='bbox 854 4305 928 4358; x_wconf 78' lang='lat' dir='ltr'>seqq.</span> 
     </span>
    </p>
   </div>
   <div class='ocr_carea' id='block_1_5' title="bbox 0 0 1482 4860">
    <p class='ocr_par' dir='ltr' id='par_1_10' title="bbox 0 0 1482 4860">
     <span class='ocr_line' id='line_1_39' title="bbox 0 0 1482 4860; baseline 0 1"><span class='ocrx_word' id='word_1_313' title='bbox 0 0 1482 4860; x_wconf 95' lang='lat' dir='ltr'> </span> 
     </span>
    </p>
   </div>
  </div>
 </body>
</html>
