2938 4864
364 327 448 383 Liber
460 327 510 382 ΙΙΙ.
548 327 617 384 Ado.
634 328 668 381 ad
689 327 768 382 Dent.
785 345 828 399 op.
846 329 941 400 fragm.
1143 337 1206 402 277

93 498 236 560 cultatem
250 515 372 577 augens,
394 501 463 557 ante
478 494 586 556 oculos
604 496 689 578 qnasi
709 495 908 572 constituitur.
950 499 1017 561 iam
1041 506 1204 568 sententiae

92 605 305 668 Democriteae
324 623 435 666 nexum
455 609 545 686 atque
571 623 637 664 earn
666 623 756 685 quem
779 623 846 664 esse
868 605 964 667 voluit
983 607 1062 670 inter
1082 595 1205 674 saltate

92 735 142 776 res
165 712 322 792 imperitos
353 718 383 773 et
404 709 546 772 indoctos
568 730 805 790 praeparcorum
825 711 980 774 hominum
999 715 1079 776 filios
1102 718 1203 780 simili-

93 821 226 884 tudinem
247 820 411 884 videamus.
454 818 611 880 Statnebat
624 818 817 880 Democritus
838 819 889 900 qui
910 821 949 882 ad
973 825 1204 903 comparandam

92 929 261 992 doctrinam
281 925 436 989 itineribus
460 927 610 1007 susceptis
637 926 784 1006 pecuniae
806 945 867 988 uon
891 930 1088 1008 pepercisset,
1110 934 1202 994 bomi-

91 1057 146 1100 nes
169 1038 310 1099 indoctos
334 1034 464 1114 pecunie
484 1042 566 1097 reete
588 1035 632 1096 uti
653 1033 785 1096 nescire:
814 1035 865 1118 qui
895 1036 986 1115 igitur
1007 1047 1092 1118 patre
1116 1046 1202 1103 uatns

92 1151 174 1210 es'set
193 1164 294 1220 avaro,
314 1142 511 1223 pecuniarum
531 1144 628 1205 teueci
647 1163 683 1202 ac
704 1142 839 1218 sordido,
861 1143 897 1220 ei,
919 1146 945 1206 si
966 1145 1134 1210 litterarum
1158 1170 1203 1212 es-

92 1261 139 1315 set
159 1271 277 1332 expers,
299 1250 393 1331 patris
421 1250 591 1330 exemplum
620 1250 807 1331 sequendum
829 1271 904 1328 esse,
932 1260 965 1314 nt
988 1255 1018 1314 iu
1038 1255 1142 1318 iisdem
1164 1259 1204 1318 si-

93 1361 213 1424 mulatis
234 1358 320 1441 quasi
340 1358 486 1438 angustiis
511 1363 690 1432 senesceret,
714 1376 789 1419 neve
812 1359 890 1420 torte
913 1361 1004 1422 stulte
1026 1362 1204 1426 liberalitate

92 1477 145 1531 aut
166 1467 318 1529 inutilibus
344 1465 515 1546 sumptibus
542 1465 755 1546 patrimonium
781 1466 865 1528 brevi
892 1467 1078 1548 dilapidaret
1120 1471 1203 1550 Ergo

92 1585 126 1639 nt
147 1576 286 1654 imperiti
303 1575 462 1636 saltatores
484 1574 537 1635 nbi
556 1573 586 1634 id
608 1593 700 1636 unum
719 1595 781 1637 non
803 1576 958 1638 consecuti
976 1584 1054 1654 sunt,
1078 1585 1111 1640 nt
1132 1579 1203 1639 insi-

89 1684 180 1746 lirent
208 1683 426 1761 inungentem
456 1680 610 1756 circulum,
633 1682 711 1743 male
731 1689 873 1762 percunt:
901 1683 941 1744 ita
963 1685 1115 1745 ineruditi
1136 1706 1204 1764 per-

90 1812 198 1853 corum
220 1789 372 1852 bominum
395 1789 457 1866 ulii,
484 1789 536 1850 ubi
554 1809 572 1850 a
593 1790 726 1869 paternis
737 1795 893 1870 angostebi
914 1798 1003 1874 atque
1023 1813 1041 1854 a
1060 1798 1203 1872 paternae

90 1898 245 1980 parcitatis
265 1898 404 1978 exemplo
429 1896 640 1974 discesserunt,
663 1899 763 1978 perire
784 1899 891 1962 solent

174 2007 239 2069 71.'
267 2006 451 2085 Scripsimns
479 2007 556 2065 roim
583 2025 641 2084 pro
669 2011 741 2082 τοῖς,
765 2005 930 2068 uertentes
953 2026 1011 2086 pro
1035 2007 1203 2082 dormiebat,

91 2115 210 2178 αὐτέων
230 2135 288 2194 pro
317 2113 435 2189 αὐτῶν,
461 2112 570 2196 πολλῷ
599 2113 773 2197 φειδὸτεροι
800 2135 857 2195 pro
886 2116 1009 2175 πολλῶν
1032 2112 1205 2196 φειὸὁτεροι

90 2228 196 2306 (quarn
214 2223 408 2284 mutationem
431 2222 495 2300 jam
522 2221 656 2284 Orellius
684 2229 714 2284 et
735 2222 925 2285 Gaislordius
944 2221 1008 2282 fieri
1025 2221 1204 2299 jusserunt),

90 2331 222 2412 γίνονται
243 2350 300 2410 pro
319 2329 478 2411 γίγνονται,
499 2327 661 2410 ἀλλήλοισι
680 2349 737 2409 pro
752 2329 941 2411 ἀλλήλοισιν,
967 2325 1036 2388 odd’
1058 2325 1205 2406 εὐθυμέει

93 2459 150 2519 pro
174 2437 230 2500 οὐκ
251 2437 390 2520 εὐθυμεῖ,
420 2437 502 2519 quod
530 2444 560 2498 et
576 2439 714 2499 Gesnero
737 2447 767 2498 et
787 2437 879 2498 Corn.
902 2435 1020 2495 Orellio
1042 2433 1203 2513 displicuit,

93 2546 147 2628 qni
170 2547 220 2606 καὶ
241 2545 297 2608 oda
323 2543 454 2626 εὐθυμεῖ
472 2544 565 2606 scribi
589 2544 758 2606 voluerunt.
798 2542 917 2604 lnitiurn
937 2544 1027 2621 liujus
1050 2541 1206 2620 iragrrrcnti

93 2655 137 2716 sic
157 2656 370 2733 interpretatur
392 2653 560 2714 Gesnerns:
581 2651 706 2728 „Pueris
731 2651 858 2712 maxime
881 2657 1003 2730 oportet
1026 2649 1206 2710 distribuere

91 2761 340 2826 administrandas
370 2779 545 2822 communes
575 2759 739 2840 pecuniaS,
767 2765 797 2820 et
824 2759 912 2820 sinnrl
940 2759 1075 2838 ipsorum
1096 2757 1206 2816 lntbere

92 2893 206 2944 curam,
225 2889 262 2930 ne
291 2867 467 2930 incustoditi
494 2867 695 2946 negligentius
719 2886 786 2927 curn
810 2867 854 2928 eis
877 2863 993 2946 agent.’'
1036 2865 1117 2924 ldem
1138 2873 1206 2924 ante

93 2979 230 3040 ἀνυστῶν
252 2976 428 3038 asteriscum
448 2983 589 3055 tanquam
608 2975 800 3054 corruptelae
822 2976 940 3055 signum
964 2972 1074 3052 posuit.
1112 2971 1206 3032 l‘aulo
1278 3033 1283 3041 ,

93 3085 206 3147 rectius
226 3086 341 3163 Caspar
362 3084 511 3146 Orellins:
543 3083 692 3162 „oportet
713 3091 870 3162 parentes,
899 3087 1051 3160 qnantum
1063 3079 1143 3158 ficri
1164 3079 1205 3138 n·-

93 3200 140 3254 εει
162 3191 211 3270 (ἐκ
234 3195 293 3262 τῶν
315 3190 451 3252 ἀνυστῶν
476 3191 493 3252 i.
516 3213 546 3272 q.
571 3193 613 3256 ὡς
634 3188 777 3271 ἀνυστὸν)
795 3193 880 3270 filiis
912 3185 1093 3250 distribuere
1114 3206 1207 3265 pecca

91 3303 172 3376 retias,
193 3301 363 3360 nterimnm
385 3307 489 3360 tunren
504 3317 614 3360 curum
634 3297 785 3372 habentes,
804 3321 842 3358 ne
863 3299 898 3356 t'n
911 3315 1023 3356 niumm
1039 3297 1206 3374 accipiant,

91 3408 175 3489 quod
193 3427 299 3467 nocere
315 3409 422 3486 possit.
467 3405 594 3487 Reliqua
615 3406 692 3468 bene
719 3407 809 3468 vertit
831 3410 993 3467 Gesnerus.
1039 3405 1109 3466 blan
1130 3405 1207 3464 muls

93 3519 151 3578 den
183 3515 317 3577 lintdern
344 3514 552 3593 Tasclrengcld
584 3514 674 3594 (oder
703 3515 813 3574 andere
838 3513 949 3592 llinge)
980 3509 1083 3584 soviel,
1107 3509 1152 3570 als
1175 3531 1208 3570 es

94 3645 152 3686 nur
177 3623 293 3702 angoht,
322 3621 496 3698 vertltcileu,
524 3621 621 3700 (nicht
650 3623 806 3682 melneren
829 3620 964 3700 zugleiolt
988 3620 1042 3680 das
1060 3617 1208 3678 rtiindielre

94 3731 277 3814 gemeinsam
311 3731 485 3810 schenden)
514 3729 651 3808 zugleiclr
684 3731 756 3792 aber
784 3730 872 3790 daftir
901 3745 1031 3806 sorgen,
1066 3725 1130 3786 dass
1165 3725 1208 3786 sie

95 3841 193 3902 nichts
214 3837 410 3901 Senedttones
443 3839 471 3900 in
498 3838 546 3898 die
577 3839 682 3900 lliinde
710 3837 905 3916 beltommeu:
935 3855 971 3896 so
1002 3837 1104 3913 (werin
1120 3833 1209 3910 jedes

94 3950 190 4010 sebon
212 3949 276 4008 sein
299 3947 477 4026 Eigentbmn
498 3949 561 4026 iret)
582 3947 704 4008 werden
724 3946 767 4006 sie
784 3944 922 4026 zugleieb
944 3942 1014 4004 iveit
1030 3960 1209 4020 sparsamer,

95 4055 302 4136 (solionender
320 4056 374 4116 mit
401 4054 461 4116 den
490 4055 634 4132 Dingen),
658 4053 827 4134 begieriger
856 4073 924 4113 znnr
949 4050 1121 4126 Era-erben,
1150 4051 1210 4110 trrrd

95 4163 262 4224 scetteiiern
283 4162 335 4224 mit
357 4163 507 4225 einander.
553 4163 628 4222 Was
650 4160 796 4241 ltingegen
818 4159 999 4240 gerneinsnnr
1021 4157 1211 4237 ausgegeben

93 4271 186 4349 wird,
221 4272 288 4334 tbut
316 4271 398 4333 nicht
428 4291 463 4332 so
494 4271 560 4332 weh
590 4269 667 4349 (ιιιιθ
697 4271 740 4330 sie
771 4268 893 4330 werden
927 4266 1062 4328 dadnrcb
1083 4267 1155 4328 elren
1175 4287 1213 4330 an
