2892 4872
391 337 477 394 biber
494 338 515 395 l.
553 336 596 395 De
620 339 772 396 Democriti
791 343 856 398 rita.
1137 345 1181 411 85

78 505 223 584 tenebras,
245 505 407 568 bonitatem
434 525 472 569 ao
502 507 710 590 desipientiam
733 510 962 592 exprobrarunt.
1007 514 1107 596 Atque
1128 513 1180 576 alii

77 743 139 792 mins
158 755 189 794 er
207 741 278 794 tribu
292 740 393 802 Velina,
412 753 445 792 ex
459 743 630 794 Tromentina
648 745 742 798 Antius
760 743 883 798 tribunos
897 745 982 810 plebis
1002 749 1177 812 appellarunt,

76 837 106 874 ne
126 824 225 886 injussu
251 824 340 888 populi
363 823 522 886 judicarent.
574 826 624 876 ties
654 828 732 877 cedit.
758 827 871 878 Comitia
898 827 979 878 dilata
1007 842 1039 878 ex
1067 832 1178 882 senatus

75 905 195 966 consulto,
221 903 287 955 dum
304 905 345 954 lex
365 905 400 954 de
419 905 500 954 tacito
522 905 624 968 judicto
643 907 765 958 terretur.
803 906 881 956 Venit
901 907 952 972 legi
975 909 1045 970 dies;
1071 911 1177 960 aeren-

77 985 124 1035 tius
142 985 301 1035 intercessit
338 983 468 1036 Consules
494 986 540 1050 qui
564 986 627 1036 illud
649 987 700 1037 levi
719 985 831 1037 brachio
852 987 976 1050 egissent,
995 1003 1054 1039 rem
1075 987 1110 1040 ad
1128 1003 1177 1040 se-

75 1069 158 1118 natum
175 1065 337 1117 detulerunt
373 1063 425 1114 iiie
441 1061 555 1126 Abdera,
574 1079 628 1116 non
646 1071 754 1119 tecente
771 1080 824 1118 me.
859 1065 946 1128 Dicas,
967 1071 1057 1120 tamen
1076 1073 1105 1118 tu
1122 1083 1177 1120 non

74 1149 200 1212 quiescis?
231 1148 356 1212 ignosce,
388 1146 433 1196 vix
455 1159 575 1209 possum.
619 1147 815 1210 Vertrntamen,
845 1147 909 1214 quid
934 1151 987 1198 tam
1012 1151 1177 1201 ridiculum?

76 1231 179 1280 Senatus
195 1229 361 1289 decreverat,
382 1239 416 1278 ne
441 1227 517 1290 prius
544 1229 652 1280 comitia
671 1230 844 1292 haberentur,
862 1243 942 1294 quam
961 1230 1003 1280 lex
1021 1229 1074 1279 iata
1092 1233 1175 1280 esset:

75 1313 94 1361 si
112 1313 154 1376 qui
174 1311 384 1370 intercessisset,
403 1321 447 1359 res
463 1309 566 1372 integra
587 1310 740 1362 reterretur.
767 1313 869 1374 Coepta
885 1309 948 1360 terri
964 1311 1071 1374 levitem
1087 1312 1177 1361 inter-

73 1403 171 1443 cessum
190 1403 245 1441 nen
265 1390 369 1451 invitis3
387 1402 431 1440 res
451 1388 486 1439 ad
503 1389 646 1454 Senatum
665 1391 701 1444 de
719 1405 751 1442 ea
772 1405 802 1443 re
820 1391 856 1442 ita
876 1393 1047 1452 censuerunt,
1068 1393 1177 1442 comitia

72 1474 151 1536 primo
176 1485 285 1538 quoque
314 1475 437 1536 temporo
465 1469 559 1520 baberi
591 1485 652 1524 esse
678 1487 693 1524 a
720 1472 777 1524 re.''
825 1469 977 1523 Verborum
1002 1470 1045 1522 liic
1070 1470 1178 1522 Abdere

2 1577 3 1580 ¹
72 1567 172 1606 sensum
197 1555 239 1604 sie
267 1551 391 1615 exprimit
414 1551 564 1602 Manutius:
599 1553 657 1616 „bio
681 1565 788 1605 summa
808 1552 857 1602 tuit
875 1552 1037 1602 Senatorum
1056 1553 1176 1616 stultitia,

73 1638 99 1686 ut
119 1633 264 1686 Abderitae
289 1629 470 1682 viderentur.''
507 1633 581 1684 idem
606 1635 642 1685 ad
659 1633 743 1685 verba
767 1648 819 1682 aea
844 1637 943 1680 tacente
964 1648 1004 1681 me
1031 1632 1174 1683 observat:

73 1715 293 1780 ,reprehendente
326 1711 461 1764 levitatem
489 1713 681 1780 stultitiamque
704 1717 877 1774 Senatorum,
910 1713 955 1778 qui
985 1726 1069 1777 quum
1095 1715 1175 1764 antea

74 1797 258 1856 decrevissent,
278 1795 388 1844 utente
405 1795 513 1845 comitia
532 1797 644 1846 tacitum
659 1794 791 1859 judicium
806 1793 890 1855 fleret,
908 1806 972 1843 moa
988 1794 1175 1856 decernerent,

72 1881 98 1926 ut
114 1878 197 1942 primo
219 1887 331 1942 quoque
356 1877 479 1938 tempore
504 1877 612 1928 comitia
633 1877 735 1938 tierent,
760 1875 862 1924 omisso
887 1875 968 1924 tacito
986 1873 1109 1937 judicio.'¹
1145 1876 1174 1925 ln

72 1958 157 2009 iisdem
181 1957 216 2008 ad
243 1956 363 2006 Atticum
388 1955 508 2018 epistolis
532 1956 574 2006 lib.
592 1954 677 2018 Vtt,7
703 1951 760 2019 §.5
789 1955 825 2004 ila
850 1953 945 2004 scribit
970 1956 1084 2006 Tullius:
1120 1955 1175 2016 „De

72 2037 163 2089 bonore
176 2041 282 2098 nostro,
300 2037 349 2087 nisi
369 2035 434 2100 quid
453 2038 558 2088 occulte
578 2039 678 2087 Caesar
694 2049 744 2100 per
763 2047 828 2086 suos
845 2033 968 2087 tribunos
983 2037 1090 2086 molitus
1117 2037 1175 2099 erit,

72 2123 169 2172 caetera
184 2120 315 2172 videntur
335 2130 397 2170 esse
416 2118 565 2182 tranquilla.
599 2117 842 2183 'tranquillissimus
860 2119 951 2168 autem
971 2117 1076 2168 animus
1098 2131 1175 2168 meus
1213 2121 1220 2128 '

72 2203 210 2266 quitatum
228 2199 307 2252 istud
319 2199 398 2264 aequi
415 2196 481 2248 boni
500 2197 569 2260 iacit,
589 2201 616 2250 et
633 2211 666 2250 eo
686 2199 778 2262 magis,
791 2197 865 2262 quod
878 2197 933 2260 iam
953 2209 969 2245 a
986 2197 1076 2248 multis
1095 2199 1174 2247 aridio

72 2284 237 2334 constitutum
270 2293 331 2332 esse
358 2279 485 2344 Pompejo
515 2281 542 2330 et
570 2279 628 2341 eJ'us
651 2281 775 2340 consilio,
807 2279 833 2328 in
861 2277 976 2328 Siciliam
996 2291 1040 2329 me
1059 2280 1173 2338 mittere,

72 2365 136 2429 quod
161 2362 307 2428 imperium
331 2359 453 2411 babeam.
491 2359 521 2412 ld
543 2363 585 2411 est
606 2355 797 2430 Ἀβδηριτιιόν.
839 2359 931 2424 Neque
966 2359 1037 2410 enim
1060 2361 1175 2410 serratus

71 2445 187 2507 decrevit,
204 2457 261 2496 nec
279 2441 394 2506 populus
413 2441 501 2504 J'ussit,
526 2453 569 2491 me
595 2441 738 2506 imparium
765 2441 792 2490 in
809 2439 897 2490 Sicilie
915 2438 1024 2490 babere.
1056 2441 1103 2490 Sin
1121 2439 1174 2490 linc

71 2525 211 2590 respublica
230 2523 271 2576 ad
288 2524 445 2588 Pompejum
466 2521 558 2584 deiert,
576 2523 621 2586 qui
640 2535 684 2573 me
701 2523 793 2587 magis,
807 2533 887 2586 quam
904 2521 1040 2584 privatum
1059 2521 1175 2587 aliquem

72 2609 168 2658 mittat?
196 2610 305 2672 itaque,
331 2605 354 2654 si
381 2604 433 2654 boc
458 2603 600 2666 imperium
626 2603 690 2654 mibi
715 2603 857 2653 molestum
881 2603 939 2662 erit,
963 2605 1024 2650 utar
1041 2615 1073 2652 ea
1088 2607 1175 2665 porta,

72 2703 144 2752 qnam
162 2691 280 2753 primam
300 2683 415 2736 videro*
439 2684 476 2735 ld.
496 2684 530 2734 de
550 2686 604 2734 nat.
620 2684 693 2735 deor.
715 2680 757 2734 lib.
775 2677 852 2746 tib:
872 2679 949 2743 „Atilii
967 2681 1075 2745 quidem
1093 2682 1175 2732 etiem

72 2767 252 2829 Democritus,
277 2767 318 2816 vir
339 2779 453 2830 magnus
479 2765 622 2829 imprimis,
651 2765 727 2827 cujus
755 2761 874 2812 tontibus
899 2761 1030 2825 Epicurus
1054 2763 1175 2812 hortulos

72 2863 129 2901 snos
152 2849 290 2916 irrigavit,
313 2851 409 2897 nutare
432 2847 539 2897 videtur
564 2846 592 2895 iu
614 2847 708 2896 natura
738 2843 859 2894 deorum.
908 2841 975 2892 Tum
993 2842 1064 2892 enim
1082 2845 1176 2892 censet

73 2931 189 2996 imagines
211 2929 355 2982 divinitate
379 2927 515 2990 praeditus
535 2929 623 2978 inesse
647 2927 672 2976 in
692 2925 867 2976 universitate
886 2935 993 2974 rerum:
1019 2925 1077 2972 tum
1094 2923 1175 2985 prtu-

72 3015 134 3076 cipia
153 3013 254 3064 mentis
273 3023 342 3074 quae
363 3011 427 3059 sunt
448 3009 473 3056 ia
491 3007 588 3058 eodem
606 3007 740 3067 universo,
761 3004 828 3056 deos
848 3017 908 3058 esse
929 3004 1005 3054 dicit:
1034 3006 1092 3054 tum
1111 3003 1175 3054 ani-

73 3097 168 3145 mantes
183 3093 323 3156 imagines,
341 3101 409 3154 quue
429 3089 472 3138 vol
493 3087 623 3152 prodesse
646 3087 725 3138 nobis
743 3086 831 3137 soient
848 3087 890 3137 vel
907 3097 1021 3136 nocere:
1054 3085 1111 3133 tum
1128 3085 1176 3133 in-

73 3179 157 3238 gentes
173 3173 307 3240 quasdam
318 3171 447 3234 imagines
465 3172 615 3234 tantasque,
628 3172 657 3218 ut
674 3169 830 3220 universum
842 3167 972 3218 mundum
988 3165 1175 3229 complectan-

75 3259 112 3304 tur
132 3259 308 3307 extrinsecus.
353 3253 428 3310 Quae
456 3249 565 3315 quidem
595 3250 684 3300 omnia
713 3253 777 3300 sunt
802 3250 888 3314 patria
909 3247 1070 3308 Democriti,
1094 3259 1176 3311 quam

74 3333 217 3388 Democrito
241 3329 389 3397 digniora.”
424 3327 464 3379 Ab
489 3330 530 3381 bis
552 3329 618 3380 locis
650 3329 809 3382 secernendi
840 3333 904 3382 sunt
929 3328 963 3378 illi
995 3327 1093 3394 quibus
1122 3339 1176 3378 vox

75 3413 191 3467 Abderita
214 3415 279 3466 nihil
299 3413 349 3463 nisi
374 3423 472 3462 nomen
498 3411 595 3474 gentile
623 3413 671 3462 est
714 3409 872 3475 Huiusmodi
896 3409 951 3459 duo
976 3411 1082 3460 exstant
1103 3409 1176 3472 aqiud

75 3497 137 3549 bunc
156 3499 326 3562 scriptorem.
362 3493 435 3543 Alter
449 3494 491 3543 est
510 3491 544 3542 de
563 3493 672 3542 oratore
691 3489 734 3542 tib.
757 3493 790 3542 lii
806 3505 864 3555 cap.
881 3487 929 3540 32:
950 3489 1035 3551 „Quid
1055 3490 1089 3540 de
1104 3490 1176 3540 Pro-

76 3579 130 3630 dico
148 3579 223 3630 Ceut
244 3575 315 3637 Quid
334 3575 368 3626 de
389 3573 587 3637 Thrasymacho
613 3573 799 3634 Chalcedonio,
822 3572 857 3623 de
881 3571 1027 3635 Protagora
1050 3570 1176 3620 Abderita

76 3659 195 3724 lnqnmt'
241 3659 291 3708 iiic
315 3657 377 3706 nihii
403 3655 605 3716 contemtionis,
630 3667 692 3704 nam
716 3655 803 3705 addit:
831 3665 963 3718 „quorum
991 3653 1177 3716 unusquisque

77 3741 212 3802 plurimum
239 3737 407 3802 temporibus
443 3735 491 3787 iilis
523 3737 605 3786 etiam
633 3735 668 3786 de
695 3739 790 3786 natura
823 3747 915 3785 rerum
939 3737 967 3785 et
994 3734 1123 3784 disseruit
1149 3736 1177 3783 et

77 3821 201 3885 scripsit*
245 3821 318 3870 Alter
342 3819 418 3871 loeus
445 3816 518 3869 libi
542 3830 566 3867 c.
584 3811 618 3866 id
649 3815 682 3866 de
706 3819 759 3866 nat
787 3817 860 3868 deor.
887 3815 983 3878 legitur
1010 3813 1050 3865 bis
1072 3813 1176 3864 verbis:

78 3903 163 3961 ..Quod
185 3903 258 3954 enlm
278 3901 397 3951 omnium
422 3898 542 3964 gentium
565 3909 748 3962 generumque
766 3895 919 3948 bominibus
936 3896 972 3945 ita
987 3895 1132 3956 videretur,
1150 3893 1178 3946 id

77 3985 136 4034 satis
158 3995 285 4048 magnum
311 3994 371 4033 esse
398 3983 586 4046 argumentum
608 3975 710 4038 dixisti,
734 3991 784 4028 cur
810 3990 870 4028 esse
897 3976 962 4027 deos
982 3975 1177 4026 confiteremur.

78 4063 148 4120 Quod
167 4076 230 4114 eum
254 4063 313 4114 leve
331 4075 380 4126 per
397 4075 436 4124 so,
459 4067 516 4112 tum
541 4060 622 4110 etiam
648 4057 743 4110 laisum
769 4061 817 4110 est.
858 4057 976 4107 Primum
1002 4059 1081 4118 enim,
1107 4059 1179 4110 unde

78 4145 152 4192 nome
178 4141 226 4193 tibi
249 4146 311 4194 sunt
340 4143 479 4207 opiniones
507 4141 667 4192 nationum?
707 4139 836 4205 Equidem
857 4137 981 4200 arbitror,
1001 4139 1098 4190 militas
1117 4153 1179 4190 esse

79 4225 165 4282 gentes
184 4225 224 4276 ste
239 4225 404 4276 iramanilate
421 4225 553 4282 efferatas,
575 4224 606 4271 ut
622 4222 696 4285 apud
716 4235 762 4272 eas
780 4223 850 4272 nullu
866 4221 986 4284 suspicio
1005 4220 1116 4270 deorum
1136 4223 1178 4272 stt.

80 4303 162 4362 Quid?
193 4305 327 4371 Diagoras,
354 4301 432 4364 ditior
456 4305 502 4370 qui
530 4303 618 4356 dictus
642 4307 697 4364 est,
725 4305 874 4368 posteaque
897 4302 1069 4364 Theodorus,
1091 4317 1180 4354 neniae
