2956 4860
237 240 281 305 20
569 235 764 300 Quaestionum
790 232 1024 290 Democriteorum

239 427 328 472 usum
350 409 510 487 sequentes
541 403 641 466 stetim
666 422 732 465 eom
756 402 787 464 in
813 401 971 482 octoginta
997 406 1153 466 mutarent„
1195 401 1299 484 itoque
1321 401 1355 462 in

241 514 405 579 Clementis
425 513 496 573 loco
514 507 604 572 errtil
625 509 808 571 exerendum
828 513 884 586 est,
901 514 952 571 out
972 529 1010 570 ne
1034 510 1101 590 quis
1122 508 1213 572 hodie
1232 526 1356 589 quoqne

241 627 298 686 hoe
320 621 405 704 qnnsi
434 616 572 698 decipulo
599 616 774 698 decipiatur,
804 614 903 678 πέντε.
953 616 1031 678 Tum
1051 617 1190 678 effectum
1209 615 1245 676 iri
1270 622 1356 696 puto,

242 739 276 794 ut
296 749 385 792 nemo
413 725 541 806 amplius
568 727 753 804 suspicetur,
777 727 837 788 hoo
864 725 1062 802 fragmentum
1085 725 1260 786 Democrito
1282 743 1358 803 snp-

244 838 376 920 positum
404 855 480 910 esse,
508 853 606 914 neque
635 833 798 914 quidquem
820 831 913 892 oredo
944 833 1186 911 superfuturum,
1217 830 1299 911 qnod
1324 831 1357 892 in

243 946 345 1008 verbis
362 942 415 1005 σὺν
430 943 493 1007 τοῖς
512 939 541 1001 δ’
563 939 612 1002 ἐπὶ
629 943 719 1002 πᾶσιν
745 933 795 1003 ’ἐπ’
818 937 889 1001 ἔτεα
910 936 999 999 πέντε
1016 935 1065 1000 ἐπὶ
1088 936 1185 1020 ξείνης
1205 936 1357 1020 ἐγενήθην

245 1053 385 1116 offendet.
430 1049 511 1111 Num
539 1047 699 1112 mnniicsto
728 1051 787 1111 hoc
825 1046 898 1109 dicit
926 1045 1134 1109 Democritus:
1167 1045 1268 1126 „opud
1298 1046 1359 1107 hos

244 1165 344 1222 nutem
366 1159 458 1240 (qnos
480 1177 581 1219 rerum
602 1157 876 1220 rnethemntiearnm
897 1153 1096 1234 peritissimos
1118 1171 1185 1215 esse
1207 1155 1360 1215 neminem

245 1267 336 1348 sugit)
358 1273 430 1346 post
450 1284 555 1326 omnes
576 1265 608 1345 (i.
631 1284 657 1326 e.
677 1272 838 1347 postqnnm
864 1281 969 1323 omnes
995 1262 1045 1343 qui
1072 1261 1103 1322 in
1122 1261 1185 1323 ullo
1209 1267 1361 1323 terrorum

246 1375 359 1454 urignio
381 1371 557 1434 eruditionis
583 1373 662 1434 tumn
682 1371 831 1433 florebunt
852 1369 995 1449 conveni)
1021 1371 1153 1452 quinque
1185 1389 1362 1450 perennes

247 1481 455 1562 peregrinatus
476 1478 576 1541 sum.''
621 1479 756 1541 Tertium
776 1477 943 1540 Democriti
961 1478 1172 1554 testimonium,
1192 1479 1361 1541 constituto

247 1607 327 1648 onuo
350 1607 410 1668 qno
431 1607 469 1647 ex
490 1586 565 1648 vivis
587 1587 725 1664 excessit,
752 1586 983 1668 perpendemus

289 1683 293 1691 ¹
332 1696 378 1756 De
402 1713 696 1784 annorumnnmcro
728 1713 817 1774 quom
840 1701 995 1756 essecutus
1015 1695 1205 1758 Democritus
1226 1694 1265 1756 sit
1288 1696 1364 1756 item

249 1800 472 1882 antiquissimus
498 1803 581 1864 testis
601 1801 831 1881 interrogandus
862 1807 916 1878 est,
945 1821 1047 1885 uqno
1068 1823 1127 1884 qua
1150 1803 1266 1865 notione
1288 1801 1363 1864 reii-

249 1909 301 1991 qui
322 1908 462 1970 ubcrrnre
480 1910 642 1990 potuerint,
671 1915 761 1990 coptu
778 1928 841 1973 non
863 1911 920 1972 erit
941 1911 1070 1973 diiiicile.
1109 1912 1187 1974 Eum
1210 1929 1277 1972 esse
1296 1909 1363 1971 An-

249 2019 408 2079 tisthencni
429 2017 459 2094 ¹⁶)
485 2019 537 2100 qui
555 2020 762 2081 Democritum
786 2020 915 2082 vivendo
943 2019 1041 2082 adhuc
1069 2019 1165 2099 attigit
1184 2016 1295 2079 nemini
1318 2018 1365 2078 in-

250 2133 366 2186 certum
400 2123 559 2188 videbitur.
605 2125 797 2188 Antisthenes
827 2127 917 2208 igitur
962 2127 1013 2208 qui
1041 2126 1078 2188 de
1104 2125 1270 2188 Democriti
1297 2125 1364 2186 vito

250 2233 396 2314 quaedum
417 2231 525 2294 litteris
545 2233 703 2311 mondavit,
732 2255 862 2315 qnorum
884 2235 1037 2314 Diogenes
1056 2234 1106 2296 lib.
1128 2235 1185 2310 tx,
1206 2235 1246 2330 38·
1267 2240 1298 2296 et
1319 2235 1362 2296 39

250 2341 432 2402 mentionem
448 2349 557 2418 movet,
581 2342 726 2404 certiores
744 2359 801 2403 nos
820 2342 900 2421 iecit,
917 2342 1130 2423 philosophum
1142 2339 1365 2404 Abderitnuum
1475 2385 1476 2388 κ

249 2451 319 2530 pins
356 2455 475 2512 centum
502 2468 596 2511 onnes
631 2456 734 2511 notum
769 2449 938 2534 (βιώσαντα
974 2447 1049 2532 ὑπὲρ
1083 2447 1120 2510 τὰ
1154 2448 1259 2512 ἑκατὸν
1291 2445 1364 2532 ἔτη)

251 2558 440 2620 occubuisse.
489 2558 555 2620 Jnm
584 2557 610 2618 si
637 2557 798 2620 nobiscnm
819 2565 1000 2638 reputamus,
1022 2575 1111 2638 quom
1132 2563 1272 2619 accurate
1292 2557 1368 2620 reli-

250 2665 428 2746 quaomnia
463 2665 619 2728 tradiderit
640 2667 831 2728 Antisthenes
854 2686 931 2746 qnoe
954 2666 991 2727 de
1010 2663 1177 2726 Democriti
1198 2664 1258 2727 vito
1278 2668 1369 2747 opud

251 2772 420 2852 Diogenem
441 2780 552 2850 nnrrot,
577 2781 607 2835 et
625 2773 726 2857 quoiio
743 2773 796 2834 iilo
816 2774 875 2836 sint
893 2793 969 2856 quoc
985 2773 1154 2835 'memoriae
1174 2773 1272 2850 trudit,
1291 2773 1369 2837 inde

251 2879 428 2958 colligamus
447 2887 578 2960 oportet,
604 2901 674 2943 eum
702 2885 795 2942 totam
812 2879 979 2940 Democriti
1000 2879 1090 2941 vitem
1112 2881 1209 2960 probe
1231 2883 1368 2948 novisse.

252 2987 405 3065 Quocirca
430 2987 538 3049 mirum
560 2987 711 3064 videntur,
740 2981 830 3070 quod
850 3007 913 3050 uon
935 2987 1068 3050 exactius
1087 2989 1124 3050 de
1143 3009 1289 3050 armorum
1309 3010 1371 3053 nu-

251 3112 336 3154 mero
364 3113 453 3176 quem
479 3094 645 3175 expleverit
665 3099 780 3160 Noster
807 3094 931 3158 locutus
951 3101 1006 3157 est
1051 3098 1148 3176 liujus
1176 3095 1221 3156 rei
1249 3095 1370 3160 emtam

251 3199 340 3261 olium
368 3221 487 3264 cnusnm
515 3203 608 3266 tuisse
636 3204 783 3284 arbitror,
809 3223 899 3286 quam
925 3203 1023 3284 quod,
1054 3224 1146 3285 quum
1167 3204 1369 3267 Democritus

251 3315 371 3369 centum
400 3311 521 3390 quidem
546 3311 631 3374 urinis
659 3313 764 3392 mejor,
793 3312 847 3374 sed
875 3331 936 3374 νον
957 3318 1077 3374 centnm
1099 3319 1130 3375 et
1151 3331 1245 3374 unum
1265 3331 1369 3376 annos

249 3421 338 3476 notus
356 3417 417 3478 vitu
437 3417 603 3496 deiecisset,
615 3420 806 3482 Antisthenes
824 3418 927 3483 inutile
949 3439 1016 3482 csse
1037 3425 1119 3482 retus
1139 3426 1193 3494 est,
1216 3421 1370 3484 mensium
1466 3445 1467 3456 ¹

252 3528 281 3583 et
308 3521 424 3585 dierum
450 3544 607 3588 nnmerum
635 3547 782 3590 nuntiorum
808 3547 933 3590 nutriero
959 3527 1078 3589 undere.
1119 3527 1210 3608 Quod
1233 3528 1371 3592 sirecte

251 3629 399 3709 suspicor,
427 3633 621 3698 Democritus
643 3644 747 3698 noster
768 3656 856 3717 quem
879 3634 928 3697 01.
950 3636 1037 3712 snt
1071 3642 1171 3696 ortum
1200 3655 1268 3696 esse
1288 3637 1371 3699 vidi-
1464 3649 1465 3652 ’

251 3753 327 3813 mus,
359 3738 406 3800 Oi.
431 3743 500 3818 tot,
522 3742 594 3804 din
624 3764 813 3806 communem
841 3723 943 3806 loeium
969 3741 1050 3806 obiit
1103 3743 1170 3803 Etsi
1199 3763 1273 3806 uero
1297 3743 1370 3808 dies

249 3843 355 3906 notulis
376 3845 496 3926 ignotus
514 3859 560 3914 est
580 3859 669 3935 atque
696 3851 812 3914 ideirco
834 3850 898 3912 fieri
926 3851 977 3912 vix
999 3869 1092 3930 posse
1115 3849 1243 3926 videtur,
1271 3859 1306 3912 ut
1324 3853 1370 3916 od

148 4032 150 4038 Ι
248 3953 390 4014 amussim
407 3955 590 4038 definiemus,
606 3965 704 4021 utrum
727 3956 914 4039 Olympiadis
938 3957 1141 4038 octogesimae
1160 3975 1240 4018 eurio
1262 3957 1368 4038 primo

248 4083 447 4101 ¹¹·—·——-

298 4121 338 4226 14)
360 4163 407 4214 iiie
429 4161 606 4222 Antisthenes,
632 4171 731 4222 genero
751 4155 874 4218 Rhodius,
900 4154 1045 4208 Democriti
1064 4157 1183 4223 aequetis
1205 4155 1261 4208 snit.
1304 4159 1365 4214 vid

245 4239 503 4310 mmmm
