2938 4864
380 329 466 384 Liber
486 328 534 383 ΙΙΙ.
568 329 638 386 Ado.
656 329 691 383 ati
712 329 791 384 Deae.
808 345 852 402 cp.
871 329 966 403 trag..
1166 331 1231 397 285

116 520 145 562 n.
168 501 218 576 95,
242 498 295 560 ubi
317 503 404 561 antea
430 496 587 578 legebatur
615 499 755 581 κρεῖσσον
780 504 810 559 ct
833 497 901 560 cod.
922 498 1013 562 Putat.
1034 500 1111 563 mola
1132 499 1229 563 οἰκεία

118 610 214 671 babet.
258 589 422 687 Reperitur
448 614 478 668 et
507 606 588 686 apud
615 605 726 668 Anton.
750 611 781 666 et
802 606 880 668 Max.
902 625 931 685 p.
955 609 1136 671 sonamite
1158 610 1230 670 lem-

117 726 196 780 mate
222 715 381 789 nonaria,
407 714 460 776 sed
489 713 531 775 ibi
559 713 701 778 scribitur
730 714 870 795 κρεῖσσον
898 711 935 775 τὰ
964 714 1063 778 οἰκεῖα
1092 715 1229 800 ἐλέγχειν

117 824 322 908 ἁμαρτήματα
351 820 370 904 ἡ
398 819 435 882 τὰ
465 819 621 905 ἀλλότρια.
674 823 759 884 Bene
789 820 853 899 jam
883 821 999 884 monuit
1026 825 1229 903 Bnrcbardus,

117 934 175 995 boc
196 931 309 994 dictum
332 949 349 992 e
370 928 546 1008 Democriti,
568 931 709 992 Isocratis
728 935 759 992 et
779 929 910 1010 Epicteti
930 931 1085 994 sententiis
1105 932 1177 994 oiim
1199 933 1230 994 in

115 1061 208 1102 nuum
232 1059 347 1120 corpus
369 1037 498 1098 redactis
520 1037 711 1118 depromtum
737 1037 842 1101 videri.

199 1150 250 1211 96.
295 1151 381 1230 Quae
403 1146 433 1208 in
456 1146 503 1208 bis
521 1145 624 1207 verbis
643 1146 836 1209 Democritea
858 1147 926 1224 sint,
943 1165 1019 1229 qnae
1043 1147 1229 1224 Plutarcbea,

115 1256 208 1318 nolim
228 1254 362 1318 definire.

200 1366 251 1428 97.
293 1367 380 1445 Quae
409 1363 508 1442 turpia
537 1362 617 1423 iactu
649 1369 728 1437 sunt,
757 1381 793 1424 eo
824 1361 906 1424 dictu
930 1381 1051 1444 qnoque
1074 1362 1231 1425 inhonesta

117 1491 185 1534 esse
212 1477 315 1534 censet
338 1472 540 1534 Democritus.
595 1470 677 1530 Idem
707 1469 797 1550 igitur
819 1471 892 1534 dicit
911 1469 1122 1551 philosophus
1148 1470 1232 1551 qnod

116 1582 266 1642 isocrates
299 1580 330 1639 in
365 1597 400 1638 ea
433 1599 510 1660 quae
542 1579 581 1641 ad
612 1579 813 1641 Demouicum
847 1577 990 1658 inscripta
1021 1584 1066 1640 est
1094 1577 1232 1640 oratione

116 1708 184 1769 pag.
205 1691 223 1751 5
245 1686 291 1748 ed.
316 1685 420 1767 Stepb.
441 1689 522 1767 (pag.
546 1689 565 1748 6
587 1687 633 1749 cd.
652 1688 776 1764 Bekk.):
791 1683 836 1749 “A
857 1687 955 1748 ποιεῖν
979 1680 1117 1770 αἰσχρόν,
1136 1688 1232 1748 ταῦτα

115 1793 221 1876 νόμιζε
246 1793 325 1876 μηδὲ
348 1792 446 1875 λέγειν
470 1791 548 1856 εἶναι
569 1792 675 1856 καλόν.

201 1903 253 1966 98.
296 1902 386 1965 Edidi
413 1923 483 1966 cum
509 1903 687 1965 Burchnrdo
718 1898 844 1985 ἐργάσῃ.
889 1899 1022 1963 Orellius
1043 1899 1164 1981 scripsit
1185 1898 1231 1984 ἑρ-

115 2009 214 2092 γόογς
241 2009 325 2092 quod
356 2011 534 2074 Burcbardo
563 2011 721 2073 soloecum
757 2011 890 2086 videtur,
918 2010 972 2072 sed
999 2007 1157 2089 probabile
1185 2017 1233 2072 est

116 2119 194 2180 banc
216 2118 342 2180 sormam
372 2119 403 2180 in
431 2119 559 2201 antiquis
589 2118 713 2180 Stobaci
743 2117 927 2180 editionibus
948 2116 1085 2196 reperiri,
1107 2135 1145 2178 ex
1167 2117 1233 2198 qui-

115 2227 173 2289 bus
201 2231 337 2306 praeter*
359 2225 508 2288 Orellium
544 2225 764 2289 Scbueiderum
795 2244 918 2307 quoquc
952 2224 1034 2286 dicas
1065 2223 1097 2284 in
1131 2225 1231 2286 lexico

117 2354 228 2416 graeco
252 2353 318 2395 cnm
340 2333 484 2396 transisse.
528 2336 638 2416 Neque
662 2333 840 2410 mirandum,
859 2333 942 2412 quod
963 2329 1231 2394 inDindoriianam

118 2442 265 2504 Tiresuuri
297 2441 471 2523 Stephanici
495 2443 657 2506 editionem
686 2441 747 2504 vol.
769 2443 808 2504 111
841 2439 900 2502 col.
924 2442 1005 2504 1968
1033 2446 1155 2520 recepta
1176 2449 1231 2520 est,

118 2549 294 2630 praesertim
329 2571 421 2632 qunm
457 2550 586 2613 activum
622 2551 711 2629 hujus
747 2549 832 2612 verbi
865 2548 1009 2628 Hesycbii
1042 2567 1163 2629 quoque
1200 2556 1231 2611 et

118 2659 273 2720 Theodori
305 2658 468 2722 Prodromi
497 2657 677 2721 auctoritate
707 2659 837 2733 nitatur,
869 2675 1000 2739 quorum
1030 2655 1118 2718 iocos
1150 2656 1233 2738 aprnl

117 2767 309 2828 Dindortium
331 2767 410 2829 vide.
462 2767 572 2830 Tutius
604 2773 703 2829 tamen
729 2765 787 2827 fnit
813 2785 881 2828 cum
909 2765 1001 2827 Henr.
1024 2765 1178 2844 Stephano
1201 2766 1232 2826 in

116 2875 205 2938 Pecs.
236 2875 409 2954 philosoph.
438 2895 468 2954 p.
493 2877 552 2938 169
583 2883 613 2936 et
638 2872 815 2936 melioribus
844 2872 969 2935 Stobaei
994 2871 1084 2934 codd.
1115 2869 1230 2955 ἑργοὶσγγ

118 3001 251 3046 exarare.
303 2984 466 3046 Praeterea
495 2983 525 3044 in
558 2983 618 3044 boc
652 2984 820 3063 fragmento
851 2981 985 3044 σεαυτόν
1015 2999 1072 3062 pro
1103 2980 1231 3041 σεαυτόν

116 3089 245 3169 ungavi.

202 3201 252 3262 99.
295 3197 597 3279 Pseudcplutarebns
615 3197 694 3260 libro
718 3199 756 3260 dc
778 3217 943 3280 puerorum
964 3197 1144 3260 educatione
1164 3218 1232 3279 pag.

117 3307 147 3368 9.
160 3307 209 3368 F.:
239 3306 289 3368 καὶ
317 3305 421 3388 μέντοι
444 3307 495 3369 καὶ
523 3310 577 3388 τῆς
608 3306 825 3390 αἰαγροὶογίυς
854 3303 1006 3368 ἀπακτέον
1041 3304 1112 3374 τοὺς
1140 3305 1232 3374 υἱεῖς·

117 3411 209 3494 λόγος
229 3412 286 3497 γὰρ
317 3411 408 3497 ἔργου
431 3415 511 3497 σκιή,
539 3413 617 3476 κατὰ
639 3411 838 3498 Δημόκριτον.
882 3414 965 3477 idem
986 3414 1100 3476 dictum
1122 3417 1234 3476 Demo-

118 3521 197 3583 crito
225 3543 243 3584 α
267 3522 438 3584 Scholiaste
465 3523 699 3584 Rhetoricorum
729 3521 902 3584 Aristotelis
929 3521 1106 3584 vindicabit.
1157 3522 1235 3584 Gor·

119 3637 208 3710 rupte
228 3637 326 3692 nutem
352 3631 425 3692 olim
439 3631 520 3710 apud
534 3631 657 3694 Suidam
675 3631 833 3712 legebatur
848 3629 863 3691 ό
883 3627 1102 3712 Δγγιόκριτοςό
1122 3625 1234 3712 Ἀβδη-

119 3735 203 3819 ρίτης
223 3759 250 3798 κ.
274 3757 300 3797 τ.
321 3738 349 3798 λ.
381 3735 489 3800 τούτου
523 3737 585 3800 ἐστὶ
612 3739 720 3801 καὶτὸ
743 3735 841 3818 Λόγος
863 3736 959 3819 ἑρροῦ
984 3735 1077 3816 οἰκίη,
1100 3736 1152 3798 ubi
1171 3737 1235 3798 Me-

117 3844 226 3924 nagius
247 3845 286 3907 ad
307 3847 405 3908 baert.
427 3845 479 3908 lib.
502 3847 558 3924 IX,
580 3849 619 3910 37
643 3855 674 3909 et
692 3847 846 3924 Bantlejns
866 3867 971 3928 opusc
994 3843 1098 3928 philol.
1119 3863 1148 3923 p.
1171 3845 1234 3906 966

118 3950 165 4012 ed.
189 3953 271 4032 Lips.
303 3953 516 4033 corrigendum
549 3975 616 4018 esse
646 3955 787 4016 viderunt
816 3952 914 4036 Λόγος
943 3951 1033 4038 ἔργου
1058 3950 1136 4033 σκιή.
1179 3951 1236 4012 Mi-

118 4060 204 4122 cbael
225 4059 343 4124 Pseltns
372 4061 403 4122 in
425 4060 530 4126 libello
557 4063 626 4146 capi
655 4063 809 4145 ἐνεργείας
831 4061 986 4146 δαιμόνων
1006 4078 1068 4124 non
1087 4059 1178 4139 longe
1196 4058 1234 4120 ab

117 4165 205 4228 initio
228 4167 377 4230 Simonidi
397 4169 493 4232 simile
523 4171 637 4233 dictum
664 4171 799 4236 attribuit
819 4171 864 4234 bis
883 4169 999 4233 verbist
1026 4167 1054 4230 εἰ
1080 4165 1137 4251 γὰρ
1158 4163 1236 4228 κατὰ

117 4271 169 4336 τὸν
191 4269 345 4358 Σιρυνόόγ
369 4275 384 4337 b
409 4274 500 4359 λόγος
521 4283 580 4340 τῶν
604 4279 791 4363 πραγμάτων
814 4279 904 4344 εἰκών
933 4277 1022 4358 ἐστιν,
1056 4294 1236 4358 qunnrqnnnr
