2892 4872
277 319 361 376 Liber
377 319 425 375 lll.
460 317 614 375 Democriti
633 335 742 391 operum
764 322 924 394 fragmenta.
1100 323 1158 388 161

9 479 11 540 l
60 486 226 564 excusanda,
256 505 360 550 verum
388 486 478 550 etiam
506 487 664 570 probanda
684 488 772 564 toret,
801 489 827 550 si
849 490 946 552 virum
968 491 1158 571 praeclarum

9 597 10 624 ³
59 598 119 671 post
136 593 284 658 illustrata
304 596 425 658 demum
445 595 612 660 litterarum
633 594 835 658 monumentis
863 594 1016 659 individua
1046 617 1154 680 corpu-

9 673 11 720 ἦ
58 700 132 762 scula
149 701 188 763 ad
209 704 373 766 ornandam
395 703 662 786 explicandumque
675 723 793 766 morum
816 701 1004 783 disciplinam
1025 707 1156 768 animum

58 805 197 887 adjecisse,
221 810 300 874 iuter
323 818 464 875 auctores
491 812 673 876 conveniret
718 815 820 893 Quare
846 812 1012 874 cavendum
1040 820 1094 892 est,
1116 833 1155 877 ne

57 935 123 996 quiae
144 917 174 978 iu
192 920 393 982 Democriteis
414 921 452 982 de
471 918 580 982 morali
599 917 793 999 philosophia
810 919 1008 999 fragminibus
1030 942 1067 983 ac
1087 941 1155 985 sen-

58 1023 146 1086 tentiis
165 1027 317 1090 contraria
337 1027 496 1090 videantur
515 1027 687 1108 philosophi
707 1025 745 1088 de
766 1025 893 1088 deorum
910 1030 1159 1108 naturajudicia·

58 1149 87 1190 ea
101 1151 239 1211 germana
262 1136 327 1214 ejus
347 1134 440 1196 verba
460 1153 527 1198 esse
547 1153 700 1215 negemus.
740 1134 774 1194 lu
796 1152 857 1216 quo
876 1133 993 1215 lapsum
1014 1155 1082 1198 esse
1103 1159 1155 1218 ap-

58 1245 131 1315 paret
149 1239 345 1306 Meinersium
367 1247 419 1326 qui
441 1243 473 1303 in
491 1241 602 1305 Gesch.
623 1241 679 1304 der
696 1240 884 1305 Wissensch.
907 1243 969 1322 lp.
991 1244 1053 1305 729
1070 1263 1153 1327 seqq.

9 1341 11 1468 p
58 1344 133 1424 plura
156 1349 337 1414 Democrito
365 1350 517 1429 abjudicat
539 1351 706 1432 fragmenta
723 1355 896 1430 propterea,
925 1350 1009 1432 quod
1029 1357 1151 1415 aeterna

9 1469 10 1526 ξ
58 1461 81 1514 et
98 1456 235 1536 peritura,
267 1458 368 1521 divina
398 1463 428 1520 et
446 1459 575 1522 humana
590 1463 760 1521 atomorum
791 1457 958 1537 explicator
984 1458 1153 1540 distinguat

58 1560 89 1621 ht
105 1565 310 1628 Democritum
327 1566 486 1629 verisimile
505 1572 551 1630 est
569 1587 607 1630 eo
624 1567 751 1628 maxime
772 1565 900 1628 consilio
918 1585 1012 1646 opera
1031 1569 1157 1632 moralia

9 1641 10 1672 a
59 1670 183 1749 emisisse,
203 1679 240 1736 ut
261 1674 459 1754 popularibus
481 1674 545 1737 suis
562 1674 731 1755 prodesset.
775 1673 926 1735 Prodesse
945 1679 1043 1736 eutem
1062 1673 1156 1755 pluri-

58 1777 103 1840 mis
121 1785 242 1860 poterat
269 1786 321 1842 aut
349 1782 500 1845 narrando
525 1801 602 1864 quae
630 1783 696 1863 ipse
724 1781 755 1842 in
774 1779 930 1842 itineribus
948 1783 1156 1846 memorabilia

60 1883 167 1949 vidisset
186 1887 360 1950 audissetve
388 1895 441 1951 aut
465 1889 503 1950 de
530 1889 591 1951 vita
620 1890 786 1970 prudenter
811 1886 1000 1964 instituenda,
1019 1890 1057 1951 de
1076 1891 1156 1954 vitiis

9 2013 10 2062 l
59 1991 248 2056 etrirtutibus
269 1995 454 2060 disserendo.
482 1999 643 2080 Utramque
665 1997 766 2058 dotem
787 1993 947 2056 moralium
968 1997 1156 2079 ejusdispu-

59 2099 187 2164 alionum
213 2101 310 2166 luisse
338 2105 410 2166 satis
437 2102 586 2187 liquet2).
634 2103 779 2187 Quamvis
807 2102 897 2183 igitur
922 2103 988 2183 ipse
1008 2104 1154 2168 derebus

9 2285 10 2296 ἵ
59 2205 150 2272 divinis
171 2210 263 2273 aliter
284 2210 408 2272 sentiret
429 2217 519 2294 atque
547 2213 656 2293 vulgus
677 2213 878 2286 Graecorum,
906 2214 1006 2272 umen
1025 2212 1055 2274 in
1074 2211 1153 2275 libro

59 2317 211 2381 emdieudis
235 2316 353 2379 civibus
376 2317 524 2382 destinato
546 2337 672 2382 necesse
697 2325 762 2380 erat
784 2337 852 2380 eum
872 2317 909 2379 de
932 2317 989 2380 diis
1008 2319 1047 2381 ad
1071 2319 1154 2401 vulgi

59 2431 161 2503 ceptum
181 2426 413 2490 accommodate
440 2425 534 2508 loqui.
580 2431 667 2509 Quae
694 2446 787 2507 quum
815 2425 945 2503 basiat,
968 2427 1153 2488 omniafere

9 2541 11 2604 l
58 2529 210 2613 fragmenta,
227 2553 248 2596 a
263 2533 426 2596 llloiuersio
448 2553 506 2613 pro
529 2533 640 2615 spuriis
666 2534 773 2611 habita,
796 2533 989 2596 Democritea
1011 2553 1079 2596 esse
1098 2553 1153 2597 no
1180 2612 1184 2618 Ι

9 2661 10 2664 ’
58 2633 94 2700 b‘s
110 2661 288 2720 persuasum
317 2647 370 2703 est
420 2641 530 2723 Neque
558 2646 657 2702 tamen
684 2640 856 2717 diffitemur,
881 2639 1008 2702 inveniri
1035 2642 1066 2702 in
1093 2641 1152 2705 illis

59 2749 185 2825 quaedam
198 2747 379 2812 Democrito
396 2749 561 2830 supposita.
591 2747 646 2809 Est
667 2747 746 2808 euim
758 2747 870 2827 duplex
888 2765 982 2826 genus
1003 2748 1153 2829 fragmen-

59 2857 150 2934 torum,
171 2858 202 2920 iu
223 2856 335 2941 quibus
358 2855 502 2920 coelestia
529 2861 559 2917 et
585 2854 766 2935 sempiterna
788 2861 1001 2931 memorantur,
1024 2855 1153 2918 alterum

59 2955 320 3045 inseparatum,
347 2972 383 3028 ut
408 2963 534 3028 servatis
561 2963 645 3043 vulgi
673 2962 711 3024 de
734 2963 859 3025 deorum
882 2962 1017 3043 potentia
1043 2983 1079 3024 ac
1099 2981 1153 3025 vo-

9 3077 10 3102 ³
59 3062 155 3133 lunate
185 3072 383 3154 opinionibus
411 3073 484 3135 utile
512 3071 552 3133 ad
576 3070 666 3132 vitam
690 3075 772 3132 recte
793 3071 938 3151 agendam
957 3075 1154 3150 praeceptum

60 3177 222 3256 contineant,
243 3179 372 3241 alterum
394 3179 438 3243 sic
453 3179 664 3260 compositum,
680 3182 714 3238 ut
727 3177 900 3256 proiectum
922 3197 989 3240 esse
1008 3184 1152 3258 appareat

60 3279 88 3340 ab
110 3283 225 3349 homine
262 3287 313 3370 qui
338 3287 405 3366 ipse
431 3287 576 3348 mnndum
597 3291 723 3346 aeroma
745 3283 794 3345 dei
820 3285 966 3364 sapientia
994 3306 1031 3347 ac
1052 3285 1153 3365 provi-

60 3383 143 3454 dentia
180 3393 344 3476 gubernari
375 3394 567 3456 existimaret.
623 3391 777 3454 Posterius
803 3409 899 3470 genus
928 3391 1153 3472 supposititium

61 3500 158 3561 anseri
187 3506 319 3582 oportet
374 3502 409 3563 ln
439 3519 502 3583 quo
530 3519 594 3562 non
622 3498 709 3561 valde
743 3495 888 3559 dissentio
920 3517 939 3559 a
966 3499 1152 3561 Burchardo.

61 3600 146 3678 Quum
166 3608 258 3688 igitur
284 3607 477 3671 Democritus
505 3609 562 3671 ait:
589 3607 638 3669 dr'a'
664 3603 837 3668 horninibus
862 3603 942 3668 bona
969 3605 1154 3686 largiemur

61 3705 103 3782 (ei.
122 3712 224 3795 fragm.
250 3713 311 3792 13),
338 3714 412 3777 nihil
441 3715 521 3793 dicit,
550 3713 633 3798 quod
658 3712 795 3794 aplebis
819 3712 964 3793 opinione
985 3715 1154 3792 abhorreat,

59 3819 134 3895 atque
159 3819 205 3882 his
235 3823 310 3904 ipsis
344 3822 444 3886 verbis
472 3821 566 3886 utitur
596 3821 635 3883 ad
658 3819 814 3884 hominum
835 3820 1008 3882 eaecitatem
1030 3821 1153 3883 demon-

60 3923 203 4004 strandam,
227 3929 280 4010 qni
301 3929 379 3991 mala
403 3949 459 3992 sua
476 3928 515 3991 ad
536 3929 611 3990 deos
631 3929 746 3990 referre
761 3933 902 3990 auctores
924 3933 1154 3990 consueverunt.

60 4023 160 4094 Contra
180 4034 254 4096 nihil
272 4037 367 4118 magis
387 4055 480 4117 supra
505 4037 590 4118 vulgi
609 4043 744 4118 captum,
769 4034 844 4098 nihil
865 4055 883 4097 e
902 4035 1096 4098 Democritea
1118 4037 1156 4098 de

61 4167 242 4196 ‘'Q——

119 4265 141 4326 ¹)
157 4267 214 4320 vid
233 4283 292 4335 pag.
313 4267 368 4322 101.

874 4361 910 4420 11
