2984 4876
260 303 325 372 Μ
582 304 778 370 uenationum
807 305 1041 362 Damwritaarnar

260 470 314 555 τἠν
335 469 445 556 ἀρετὴν
468 467 599 554 Ευνέχει,
618 469 652 532 τὸ
677 469 852 534 elidendae·
883 468 968 554 μάλα
992 467 1050 553 γὰρ
1079 467 1115 532 ἐκ
1135 467 1247 533 τούτων
1267 467 1358 554 φιλέει

259 579 396 664 γίνεσθαι
416 579 435 662 ἡ
460 578 564 646 αἰδώς.
610 579 683 641 lbid.
705 599 736 659 p.
758 581 829 642 405.

345 689 413 752 336.
459 681 506 748 Τά
528 684 582 768 μέν
602 683 683 748 καλὰ
696 685 841 770 χρήματα
860 688 940 748 τοῖσι
958 685 1078 748 πόνοισι
1096 683 1116 767 ἡ
1138 683 1266 768 μάθησις
1288 683 1359 767 ἐξερ-

260 795 400 880 γάζεται,
428 789 467 856 τά
492 790 519 854 δ’
550 791 663 876 αἰσχρὰ
690 791 763 856 άνειι
787 791 890 857 πόνων
917 789 1077 876 αὐτόματα
1106 796 1287 876 καρποῦται·
1316 791 1362 854 καὶ

259 902 318 988 γὰρ
341 905 383 970 ὡς
401 901 453 964 τὸν
473 897 531 963 οὐκ
554 898 703 962 aueum
722 899 870 969 πολλάκις
885 898 1000 984 έξέργει
1017 903 1155 963 τοιοῦτον
1176 898 1266 963 εἷναι·
1288 898 1361 961 οὕτω

262 1009 399 1094 μεγάλης
415 1005 540 1091 πρήξιος
564 1007 580 1070 ὁ
602 1006 726 1091 α’μαίλὴς
748 1007 883 1076 σπανίως
902 1006 1100 1092 πρωτουργός
1121 1030 1154 1070 τε
1176 1005 1363 1088 solacensis

262 1114 335 1180 ἐστι.
374 1115 448 1178 lbid.
473 1138 503 1198 p.
523 1117 594 1179 406.

344 1223 416 1288 237.
459 1218 565 1305 Τι’μισν
590 1222 675 1306 ὀλίγη
697 1221 790 1307 σοφίη
815 1222 891 1308 ὑπὲρ
914 1220 1005 1292 δόξαν
1029 1221 1207 1307 ἀφροσύνης
1229 1218 1362 1304 μεγάλης.

260 1332 547 1396 Pseudodemocrat
568 1351 598 1396 n.
617 1333 668 1394 86.

327 1439 415 1502 ¹238.
456 1435 665 1522 Ἀνέλμώπαισι
683 1439 758 1501 πᾶσι
790 1437 925 1522 σεβαστά
946 1436 1008 1500 ἐστι
1032 1436 1067 1500 τὸ
1089 1435 1207 1518 ἀγαθὸν
1231 1437 1279 1502 καὶ
1299 1435 1363 1516 ἀλη-

258 1543 328 1614 θές·
351 1543 411 1628 ἡδὺ
438 1544 473 1606 δὲ
496 1543 582 1629 άλλιμ
605 1543 692 1610 ἄλλα.
734 1546 1022 1609 Pseudodemocrat.
1041 1563 1071 1608 n.
1093 1545 1143 1609 34.

342 1654 414 1716 239.
458 1647 520 1734 Τήν
541 1673 577 1734 γε
608 1651 756 1736 ἀληθινὴν
785 1653 872 1736 τιμὴν
900 1654 950 1717 καὶ
970 1653 1059 1737 χάριν
1086 1651 1249 1737 ἱδρυμένην
1271 1650 1300 1713 έν
1323 1647 1364 1711 εὐ·

258 1759 328 1844 acta
348 1760 400 1823 καὶ
427 1755 567 1822 διαθέσει
593 1763 653 1823 τῶν
686 1758 889 1843 μεμνημένων
921 1758 982 1845 οὐχ
1011 1759 1202 1844 ὑπερόψεται
1225 1756 1366 1822 πολιτικὸς

260 1865 348 1951 ἀνήρ,
371 1865 446 1930 οὐδέ
462 1887 499 1948 γε
529 1863 619 1936 δόξαν
647 1866 788 1950 ἀτιμάσει
815 1865 973 1951 φεύγων
995 1867 1036 1929 τὸ
1062 1871 1148 1936 τοῖς
1170 1867 1289 1934 πέλας
1309 1865 1364 1926 ἁν-

261 1973 409 2052 δάνειν,
439 1976 482 2042 ὡς
506 1971 592 2056 ἠξίου
617 1972 817 2058 Δημόκριτος.
863 1974 1015 2038 Plutarch.
1038 1975 1113 2057 relpr
1137 1997 1202 2058 ger.
1224 1995 1319 2058 praec.
1338 1993 1363 2052 p.

259 2083 330 2146 821.
355 2081 431 2162 (vol.
451 2081 498 2144 lX
520 2101 549 2162 p.
571 2083 632 2146 266
659 2083 705 2145 ed.
730 2083 847 2164 Reisk.)

346 2192 417 2254 240.
456 2183 508 2250 Ἐν
537 2187 616 2273 ξυνῷ
649 2188 732 2273 ἰχλλὺϊ
763 2189 894 2253 ἄκανθαι
925 2189 982 2253 οὐκ
1014 2187 1140 2266 ἔνεισιν,
1172 2193 1216 2260 ὥς
1241 2187 1363 2274 φησινὸ
1415 2257 1421 2270 ,

260 2295 459 2381 Δημόκριτος.
510 2297 660 2360 Plutarch.
689 2297 834 2362 convival.
864 2298 990 2380 disputt.
1013 2299 1065 2362 lib.
1086 2301 1120 2376 ll,
1152 2303 1192 2364 ltl
1223 2319 1288 2380 pag.
1308 2295 1363 2360 643

259 2404 333 2490 (vol.
352 2406 420 2468 Vlll
442 2425 511 2486 pag.
533 2406 594 2468 549
612 2404 658 2466 ed.
679 2406 796 2487 Reisk.)

260 2622 346 2704 (cum
366 2623 541 2704 aequalibus
568 2624 709 2704 honeste)
736 2629 869 2703 certare,
891 2646 998 2709 neque,
1024 2626 1107 2710 quod
1132 2625 1262 2688 maximo
1281 2623 1363 2684 virtu-

260 2737 322 2792 tem
354 2731 497 2808 continet,
527 2731 605 2794 alios
638 2735 786 2808 revereri;
818 2752 887 2796 nam
917 2755 954 2799 ex
981 2737 1026 2798 his
1056 2735 1150 2798 rebus
1169 2733 1269 2816 pudor
1288 2728 1364 2792 nasci

260 2837 407 2920 imprimis
426 2837 512 2902 solet.

344 2949 417 3012 236.
458 2947 520 3009 Res
552 2946 694 3012 honestas
719 2950 875 3015 laboribus
911 2953 1071 3034 disciplina
1103 2953 1233 3034 perficit,
1268 2957 1364 3028 mrpes

258 3058 360 3116 autem
389 3052 501 3117 nullius
528 3053 642 3118 laboris
673 3058 766 3134 nativi
800 3067 881 3123 sunt·
899 3061 1032 3124 fructus:
1062 3081 1131 3125 nam
1159 3070 1195 3126 ut
1222 3059 1363 3122 nolentem

260 3159 448 3241 (disciplina)
467 3181 558 3243 saepe
579 3165 669 3245 cogit,
690 3172 724 3228 ut
744 3167 880 3247 (qualem
895 3189 929 3231 se
944 3168 1084 3249 praebet)
1097 3169 1165 3232 talis
1186 3170 1226 3232 sit
1243 3161 1364 3248 (homo),

260 3265 301 3329 ita
323 3268 421 3329 omnis
442 3269 617 3349 disciplinae
638 3291 748 3354 expers
773 3293 842 3337 raro
866 3283 912 3338 est
928 3277 1077 3356 praeclari
1094 3277 1240 3340 facinoris
1257 3277 1362 3336 auctor.

344 3374 415 3437 237.
457 3376 607 3440 Nonnihil
625 3380 789 3459 sapientiae
810 3383 907 3463 pluris
929 3384 1100 3447 laciendum
1120 3392 1176 3462 est,
1194 3401 1283 3467 quam
1303 3393 1363 3456 spc-

261 3479 345 3543 ciosa
364 3481 494 3564 quidem,
516 3485 570 3546 sed
591 3485 668 3549 lalsa
692 3507 818 3570 magnae
839 3490 1006 3553 dementiae
1025 3491 1139 3574 opinio.

346 3591 417 3654 938.
460 3591 552 3672 Apud
572 3612 676 3658 omnes
693 3597 815 3679 quidem
828 3599 964 3662 homines
980 3599 1011 3662 in
1032 3600 1149 3664 honore
1174 3601 1244 3662 sunt
1259 3595 1363 3656 bonum

260 3715 297 3760 ac
319 3717 440 3762 verum:
463 3705 581 3780 gratum
602 3710 701 3766 tamm
722 3705 773 3768 alii
795 3706 884 3770 aliud.

346 3806 418 3870 239.
462 3809 553 3870 Certe
574 3829 679 3874 verum
708 3814 857 3876 honorem
884 3815 1068 3897 gratiamque
1090 3813 1222 3876 mnixam
1244 3810 1364 3871 beneuo-

261 3913 354 3977 lentia
371 3915 523 3998 animique
542 3937 711 3982 memorum
739 3921 897 3985 allectione
927 3941 989 3985 non
1018 3921 1166 4002 despiciet
1191 3920 1239 3980 vir
1270 3910 1364 3996 quiin

262 4023 495 4086 administranda
516 4026 674 4106 republica
694 4035 840 4108 versatur,
860 4049 958 4112 neque
978 4030 1106 4111 gloriam
1128 4027 1303 4096 contemnet
1323 4018 1364 4076 su·

263 4128 348 4209 giens
370 4131 500 4195 aliorum
518 4135 781 4215 approbationem,
807 4144 842 4200 ut
861 4137 983 4200 volebat
1002 4135 1204 4200 Democritus.

343 4237 414 4302 240.
442 4240 635 4308 Incommuni
646 4245 731 4325 pisca
745 4263 808 4309 uon
818 4245 919 4310 bisunt
930 4246 1045 4328 spinae,
1052 4252 1086 4308 ut
1094 4243 1165 4307 dicit
1172 4233 1362 4304 Dammana
