2938 4864
330 312 415 370 Liber
432 313 481 370 ΙΙΙ.
514 311 585 369 Adur.
601 311 637 368 ad
656 311 737 368 ileu.
759 329 803 384 op.
824 313 922 387 ungu.
1122 313 1186 380 339

63 491 216 566 oportere
237 480 419 546 existimans.
462 479 544 542 idern
565 486 657 543 notet
680 481 805 543 eTurn.
825 485 855 542 et
875 480 979 545 Volo:
999 483 1059 544 τῶν
1081 483 1184 566 σωμά·

62 613 130 654 των
157 590 291 673 σίδηρος,
314 586 441 671 χαλκός,
469 585 611 670 ἄργυρος,
637 584 762 671 χρυσός,
785 606 843 668 pro
863 588 973 680 quibus
994 589 1096 654 verbis
1115 591 1183 671 Xy.
1312 671 1315 680 Α

61 700 177 762 lauder
198 698 298 760 solum
325 696 416 759 babet
443 697 503 757 τῶν
530 695 680 778 σωμάτιον
706 692 833 779 χαλκός,
862 693 1002 779 ἄργυρος.
1046 696 1095 758 Ad
1119 715 1183 760 rem

63 808 167 887 ipsam
190 805 273 888 quod
296 803 409 879 attinet,
436 821 498 864 nou
526 802 583 865 erit
604 802 709 866 inutile
729 822 906 884 comparare
927 805 1062 866 Senecae
1080 803 1184 866 locum

64 917 194 995 Quaest.
238 911 362 974 namrai.
394 909 446 972 lib.
474 910 534 987 IV,
563 911 600 974 9:
645 911 792 988 „Accedit
822 911 868 974 his
900 911 977 974 ratio
1009 911 1185 976 Democriti.

64 1021 169 1083 Omne
192 1037 306 1100 corpus
326 1036 388 1100 quo
408 1016 537 1080 solidius
559 1023 613 1096 est,
640 1019 701 1082 hoc
727 1017 860 1082 calorem
882 1017 970 1082 citius
991 1021 1132 1101 concipit,
1154 1028 1184 1083 et

66 1127 182 1189 diutins
210 1131 318 1190 servat
360 1125 464 1209 ltaque
492 1125 519 1188 si
546 1125 578 1187 iu
606 1125 673 1188 soie
701 1126 842 1207 posueris
866 1145 993 1190 aeneum
1013 1147 1066 1191 vas
1085 1135 1117 1191 ct
1141 1129 1184 1191 vi-

64 1240 169 1296 treum
190 1239 221 1296 et
242 1239 425 1314 argenteum,
457 1251 554 1297 aeneo
575 1233 663 1296 citius
686 1231 772 1296 calor
792 1232 926 1311 accedet,
947 1234 1060 1298 diutius
1081 1236 1171 1298 haere

66 1341 122 1404 bit.
165 1339 272 1420 Adjice
291 1341 410 1419 deiude,
429 1359 523 1424 quare
543 1342 603 1404 hoc
622 1341 771 1404 existimet
790 1340 864 1403 tieri.
907 1341 970 1419 His,
993 1341 1096 1425 inquit,
1115 1363 1182 1406 cor-

66 1447 207 1529 poribus,
239 1468 317 1532 quae
343 1449 467 1512 duriora
480 1453 524 1510 'et
553 1449 708 1528 pressiora
735 1449 937 1532 densioraque
956 1457 1034 1527 suut,
1056 1469 1183 1514 necesse

67 1563 116 1618 est
144 1557 262 1618 minora
289 1557 436 1620 foramina
463 1575 529 1618 esse
554 1563 585 1618 et
616 1556 784 1620 tenuiorem
810 1557 841 1618 in
870 1557 996 1638 siugulis
1035 1557 1182 1638 spiritum.

67 1664 222 1746 Sequitur,
251 1671 286 1727 ut
308 1661 562 1746 quemadmodum
583 1662 701 1725 minora
721 1662 873 1727 balnearia
894 1671 924 1728 et
951 1664 1068 1728 minora
1089 1666 1183 1728 milia-

67 1771 115 1832 ria
134 1770 222 1833 citius
247 1769 403 1848 calefiunt,
434 1771 480 1834 sic
506 1772 581 1834 baec
610 1770 759 1833 foramina
788 1771 907 1834 occulta
928 1780 959 1835 et
979 1773 1087 1836 oeulos
1107 1775 1182 1835 eitu-

68 1877 188 1959 gieutia,
208 1885 238 1940 et
258 1877 388 1940 celerius
415 1878 564 1942 fervorem
587 1877 725 1954 sentient,
754 1885 784 1940 et
805 1885 932 1960 propter
951 1879 1072 1942 easdem
1090 1899 1183 1960 angn-

67 1987 141 2048 stias
163 1985 307 2068 quidquid
332 1994 520 2066 receperunt,
538 1985 652 2048 tardius
671 1983 830 2048 reddant.”

155 2096 203 2155 12.
246 2094 278 2155 iu
310 2093 409 2156 verbis
440 2088 463 2176 ᾗ
499 2092 553 2175 μὲν
586 2089 643 2174 γὰρ
674 2095 718 2174 τῷ
752 2089 956 2154 ἀλλοιοῦσθαι
997 2095 1181 2157 servavimus

70 2201 247 2262 Schneider-i
263 2203 478 2280 conjecturam,
499 2219 588 2282 quam
612 2205 642 2260 et
656 2198 881 2278 Philippsonius
904 2202 1027 2280 recepit.
1059 2202 1181 2264 Priores

69 2308 174 2388 legunt
195 2307 223 2368 ei
251 2307 305 2390 μὲν
330 2305 388 2390 γὰρ
411 2305 614 2369 ἀλλοιοῦσθαι
634 2311 755 2384 praeter
781 2304 987 2370 Cumotinnam
1009 2307 1182 2386 editionem,

71 2415 101 2474 in
123 2420 246 2496 quaest
267 2413 298 2476 ἓν
323 2413 377 2496 μὲν
400 2413 457 2497 γάρ
475 2416 520 2498 τῷ
540 2411 609 2476 ἀλλ.
650 2413 683 2473 in
704 2413 900 2493 sequentibus
920 2433 979 2493 pro
1001 2413 1052 2476 καὶ
1075 2413 1181 2482 ἁπλῶς

74 2519 286 2598 ἀλλοιοῦσθαι,
313 2521 442 2605 πάσχειν
469 2521 672 2583 Schneiderus
699 2520 792 2582 scribi
815 2520 909 2599 jussit
937 2520 987 2582 κοιλ
1007 2519 1114 2588 ἁπλῶς
1145 2519 1179 2582 τὸ

70 2628 139 2692 ἀλλ.
159 2627 242 2710 λέγει
261 2629 368 2714 πάσχ,
396 2648 459 2693 ιιοιι
484 2628 572 2704 maie,
598 2626 652 2690 sed
686 2646 744 2706 pro
774 2625 857 2708 λέγει
879 2647 947 2689 enm
971 2626 1179 2707 Plrilippsouio

70 2737 244 2818 ponendum
265 2737 385 2800 videtur
403 2740 448 2822 τῷ
472 2737 511 2798 ad
534 2736 620 2797 ποιεῖ
646 2735 782 2801 relatum.
828 2736 987 2798 Praeterea
1007 2733 1080 2797 olim
1100 2733 1181 2814 lego-

69 2846 158 2907 brtur
179 2841 328 2906 ἀδύνατον
351 2842 397 2922 δέ,
420 2863 506 2928 φησι,
526 2840 561 2904 τὸ
585 2840 627 2924 μὴ
644 2845 740 2905 ταῦτα
759 2841 899 2927 πάσχειν,
918 2838 999 2904 ἀλλὰ
1019 2840 1070 2903 καὶ
1091 2839 1181 2925 ἕτερα

71 2949 143 3014 ὄντα
163 2953 261 3012 ποιεῖν
289 2948 350 3034 οὐχ
373 2949 474 3033 ἕτεροι,
497 2946 567 3011 ἀλλ’
599 2946 748 3032 ἢτιιὺτόν
771 2973 799 3012 ιι.
822 2969 848 3011 τ.
870 2950 898 3011 λ.
921 2967 997 3033 quae
1018 2947 1181 3012 Schneide-

70 3077 122 3122 rus
144 3057 188 3120 sic
211 3058 325 3138 corrigi
347 3056 445 3120 voluit
475 3053 622 3118 ἀδάνατον
643 3053 678 3118 δέ
698 3077 773 3140 φησι
794 3055 828 3119 τὸ
852 3055 894 3140 μὴ
916 3054 1011 3119 ταύτὰ
1033 3053 1104 3117 ὄντα
1124 3055 1179 3118 πά·

73 3185 165 3250 σχειν,
195 3163 276 3228 ἀλλὰ
304 3163 356 3228 aci
382 3161 473 3245 ἕτερα
502 3160 574 3224 ὄντα
602 3165 700 3226 ποιεῖν
730 3161 789 3248 οὐχ
814 3161 921 3246 ἔτερα,
950 3161 1031 3226 ἀλλὰ
1051 3185 1079 3226 κ.
1101 3183 1126 3226 τ.
1150 3163 1178 3224 λ.

71 3273 133 3337 Sed
152 3272 264 3336 omisso
286 3270 367 3334 ἀλλὰ
389 3277 458 3334 aute
488 3268 539 3332 aui
562 3269 663 3354 ἕτεροι,
687 3277 718 3334 et
747 3269 807 3354 οὐχ
831 3277 901 3333 ente
925 3269 1025 3354 ἕτεροι,
1049 3277 1080 3334 et
1102 3265 1177 3332 ἀλλ’

70 3379 175 3463 ῆιιιῖο
197 3377 306 3442 ταύτόν
328 3378 359 3440 iu
384 3375 465 3440 ἀλλὰ
487 3381 601 3440 mutato
616 3377 841 3459 Philippsonius
861 3377 963 3440 iocum
983 3377 1181 3459 probabiliter

71 3485 236 3550 restituisse
259 3485 386 3549 videtur.
435 3485 628 3548 Burchardus
660 3492 834 3567 comparato
859 3485 1032 3548 Aristotelis
1050 3485 1122 3548 loco
1142 3485 1180 3547 de

71 3613 137 3676 gen.
157 3600 187 3656 et
208 3612 287 3656 corr.
307 3593 330 3670 1,
351 3595 370 3656 7
381 3616 389 3654 ι
422 3593 612 3678 Δημόκριτος
630 3594 667 3656 δὲ
690 3592 774 3677 παρὰ
795 3591 866 3660 τοὺς
884 3591 998 3661 ἄλλους
1017 3589 1103 3661 ἔλεξε
1127 3591 1178 3674 μά-

71 3721 123 3768 νοτ
141 3699 233 3768 ἰδίως.
278 3699 362 3783 Φησὶ
385 3697 443 3782 γάρ
469 3701 503 3763 τὸ
532 3699 606 3764 αὐτὸ
632 3701 684 3764 καὶ
713 3699 820 3782 ὅμοιον
847 3696 925 3762 εἶναι
951 3696 986 3762 τά
1015 3721 1048 3762 τε
1072 3699 1178 3760 ποιοῦν

72 3806 123 3870 καὶ
142 3805 175 3869 τὸ
194 3807 324 3892 πάσχον.
367 3803 481 3890 οὐγὰρ
506 3805 653 3891 ἐγχωρεῖν
673 3805 710 3870 τά
732 3805 822 3890 ἕτερα
845 3806 896 3868 καὶ
917 3805 1104 3890 διαφέροντα
1124 3803 1178 3867 πά·

73 3933 154 3998 σχειν
177 3911 231 3976 ὑπ’
255 3911 420 3996 ἀλλήλοιν·
440 3912 521 3977 ἀλλὰ
549 3911 604 3976 κᾶν
627 3912 718 3996 ἕτερον
742 3909 815 3998 ὄντα
836 3917 913 3996 ποιῇ
935 3934 963 3974 τι
983 3912 1027 3981 εἰς
1047 3911 1178 3995 ἄλληλα,

74 4018 133 4104 οὐχ
152 4015 175 4104 ἦ
191 4019 292 4104 ἕτερα,
314 4017 386 4083 ἀλλ’
410 4015 432 4103 ᾖ
452 4018 562 4083 ταύτόν
583 4041 611 4083 τι
627 4019 768 4104 ὑπάρχει,
782 4019 877 4103 ταύτῃ
892 4022 981 4082 τοῦτο
1005 4016 1178 4104 συμβαίνειν

75 4125 175 4195 αὐτοῖς
196 4127 347 4208 vulgatam
371 4127 440 4190 inde
462 4147 481 4190 ε
501 4125 602 4190 verbis
620 4125 710 4188 πάλιν
735 4126 770 4188 δὲ
789 4127 823 4189 τὸ
847 4125 901 4209 μὲν
926 4125 1128 4190 αἰσθάνεσθαι
1148 4126 1180 4186 in

73 4235 151 4298 brurc
171 4235 295 4298 moduni
318 4233 478 4298 emendare
504 4233 632 4298 studuit:
675 4229 770 4296 Πάλιν
791 4231 826 4296 δὲ
845 4231 880 4295 τὸ
903 4232 958 4316 μὲν
979 4231 1180 4298 αἰσθάνεσθαι

896 4342 937 4402 22
959 4339 980 4384 *
