2938 4864
310 311 375 376 336
645 311 840 376 Quaestionum
865 313 1099 372 Damocritoaro·

398 482 427 546 3.
470 479 694 562 Rescripsimus
727 499 765 542 ex
794 479 944 548 Plutarch.
973 481 1012 546 de
1044 501 1125 547 orac.
1151 482 1260 548 dcccc
1295 503 1323 564 p.
1348 483 1407 544 tta.

313 591 349 655 A.
371 599 402 653 et
422 589 473 654 vit
496 589 602 652 Aemil.
625 589 708 652 Paul.
727 609 757 670 p.
780 591 842 652 955
855 592 893 651 D.
915 586 1074 674 εὐλόγχων
1095 611 1152 674 ρτο
1176 589 1323 674 εὐλόγων.
1359 590 1408 652 Ne·

313 719 372 783 qne
394 699 474 761 enim
496 697 621 761 dubiurn
647 704 708 774 est,
738 697 810 780 quin
836 699 918 779 apud
938 697 1064 760 Sextum
1090 698 1176 779 prior
1201 718 1265 762 vox
1287 719 1343 762 usu
1360 717 1409 760 non

313 807 386 870 satis
421 807 491 869 trita
522 805 716 868 librariorum
753 806 869 868 incuria
903 807 934 868 in
965 807 1167 886 posteriorem
1203 815 1346 888 corrupto
1372 805 1407 868 sit

312 917 474 979 Praeterea
495 934 552 996 pro
575 911 769 996 ὑπερμεγέθη
796 913 988 994 reposuimus
1018 913 1169 999 ὑπερφυῆ,
1193 915 1277 997 quod
1294 935 1351 976 nou
1371 933 1408 974 so·

312 1023 376 1086 lum
410 1020 580 1084 simillimus
608 1021 693 1085 Sexti
722 1020 810 1084 locus
835 1021 902 1085 adv.
928 1023 1020 1085 Matb.
1041 1021 1093 1084 lib.
1111 1023 1158 1084 lX
1180 1020 1210 1106 ς.
1233 1025 1274 1085 ta
1294 1021 1408 1104 praebet,

314 1132 369 1194 sed
390 1131 479 1194 etiam
504 1130 533 1191 in
555 1129 633 1192 Cod
653 1131 827 1192 Monacens.
871 1131 927 1194 Νι.
952 1131 1012 1194 159
1038 1129 1148 1210 legisse
1174 1151 1209 1195 se
1227 1137 1351 1196 testatur
1368 1131 1408 1192 Ρι-

311 1237 508 1320 pcncordtius
526 1259 556 1318 p.
575 1238 625 1300 70.

396 1348 423 1411 d.
467 1345 557 1408 Edidi
580 1343 720 1428 ὁρέοντες
738 1365 796 1426 pro
821 1343 960 1427 ὁρῶντες,
985 1347 1063 1407 τοῖοι
1084 1347 1267 1430 μετεώροισι
1289 1366 1342 1426 pro
1360 1347 1408 1407 τοῖς

312 1455 494 1538 μετεώροις,
520 1430 739 1534 κατάπερ’ρι·ο
769 1450 923 1534 καθάπερ,
955 1451 1109 1536 eatstan<
1137 1474 1197 1534 pro
1226 1453 1369 1537 ἐκλείψεις
1385 1459 1405 1510 et

312 1561 525 1644 ἐδειματέοντο
549 1581 606 1640 pro
631 1559 856 1642 ἐδειροιτοῦντο.

396 1673 425 1734 5.
469 1670 501 1730 lu
523 1669 583 1728 Ιιοο
608 1669 755 1748 Diogenis
777 1669 848 1730 loco
872 1665 1002 1749 ἀληθείη
1026 1667 1136 1748 scripsi
1155 1689 1216 1749 pro
1240 1667 1365 1751 ἀλήθεια
1384 1675 1405 1726 et

310 1777 356 1838 bis
378 1775 450 1858 ἐτεῇ
469 1795 527 1854 pro
551 1775 641 1856 αἰτίῃ.
689 1776 755 1838 ΙΙοο
782 1775 949 1837 Democriti
972 1774 1009 1835 de
1027 1775 1137 1838 latente
1154 1779 1282 1840 veritate
1301 1778 1404 1838 cliatnn

310 1885 484 1964 frequenter
500 1883 538 1944 ab
561 1883 689 1966 antiquis
711 1890 902 1945 memoratur.
947 1883 1127 1946 Aristoteles
1149 1885 1283 1966 Metaplt.
1302 1881 1403 1954 libili,

309 2011 375 2071 cap.
399 1994 431 2052 5:
458 1989 504 2052 διὸ
534 1987 723 2072 Δημόκριτος
747 1988 782 2071 γέ
805 2011 908 2074 φησιν,
936 1987 1004 2073 ἤτοι
1031 1989 1123 2053 citer
1152 1989 1233 2053 εἶναι
1255 1987 1401 2073 ἀληθές,ἧ

307 2097 379 2181 ἡμῖν
401 2095 430 2179 γ’
454 2095 579 2180 ἄδηλον.
605 2097 716 2160 Cicero
737 2097 880 2160 academ.
901 2102 1024 2179 Quaest.
1038 2098 1059 2174 l,
1073 2097 1110 2160 13
1126 2099 1330 2174 Democritus,
1341 2097 1403 2160 Αιιι-

307 2223 445 2288 rogaras,
457 2206 667 2285 Empedocles,
683 2225 788 2270 omues
801 2223 896 2286 paene
909 2211 1036 2282 veteres,
1062 2205 1134 2268 nihil
1162 2208 1319 2284 cognosci,
1344 2201 1401 2266 nibil

308 2314 436 2396 percipi,
457 2315 529 2377 uibil
556 2313 627 2376 sciri
659 2333 762 2394 possa,
789 2323 933 2394 angustos
958 2334 1074 2392 sensns,
1105 2314 1275 2378 imbecillos
1296 2316 1400 2380 aninos,

306 2423 412 2486 brevia
430 2419 582 2485 curricula
598 2421 677 2484 vitae
698 2428 737 2497 et,
765 2427 798 2482 ut
818 2421 1017 2498 Democritus,
1042 2423 1071 2484 in
1092 2425 1248 2504 profundo
1266 2423 1399 2485 veritatem

306 2551 373 2594 esse
402 2531 586 2602 demersam
621 2528 816 2610 opinionibus
853 2534 882 2590 et
907 2529 1048 2592 institutis
1076 2533 1177 2594 omitia
1206 2533 1314 2603 toneri;
1341 2523 1399 2589 nihil

304 2639 423 2702 veritati
445 2637 584 2720 relinqui,
608 2637 751 2718 deinceps
773 2635 874 2699 omnia
894 2637 1026 2700 tenebris
1048 2639 1232 2704 circumfusa
1252 2659 1316 2702 esse
1336 2636 1397 2696 dixe·

304 2754 382 2810 runt.
424 2747 467 2812 ld.
490 2747 585 2810 Acad.
607 2750 731 2827 Quaest.
751 2745 784 2823 lt,
808 2747 862 2808 10:
881 2745 998 2808 Natura
1018 2746 1046 2807 in
1072 2749 1229 2826 profundo
1252 2747 1396 2812 veritatem,

303 2856 396 2917 nteit
418 2855 620 2930 Democritus,
651 2853 772 2934 penitus
803 2853 954 2915 obstrusit.
1003 2857 1174 2919 Lactantius
1197 2857 1247 2920 lib.
1264 2857 1302 2918 ΙΙΙ
1330 2849 1399 2914 lusti·

303 2963 451 3026 tutionem
475 2984 540 3043 cap.
561 2965 617 3024 28:
662 2962 879 3041 „Anaxagoras
914 2945 1103 3042 pronuntiat,
1134 2965 1314 3028 circumfusa
1343 2973 1397 3018 cac

302 3071 435 3134 tenebris
465 3071 574 3134 omitia.
627 3067 829 3149 Empedocles
857 3077 997 3149 augustas
1028 3091 1095 3134 esse
1126 3093 1270 3138 sensuum
1295 3065 1396 3130 seniles

302 3177 447 3259 queritur,
470 3185 609 3260 tanquam
637 3177 681 3239 illi
707 3177 747 3239 ad
770 3177 961 3257 cogitandum
989 3179 1082 3242 rheda
1112 3187 1141 3242 et
1163 3177 1313 3264 quadrigis
1332 3187 1395 3252 opus

300 3291 395 3346 esset:
429 3286 621 3348 Democritus
651 3285 736 3366 quasi
766 3284 797 3346 iri
818 3291 910 3364 puteo
935 3287 1066 3367 quodam
1089 3289 1133 3351 sic
1157 3290 1230 3366 alto,
1251 3294 1283 3350 ιιι
1302 3279 1394 3345 fundus

299 3391 338 3454 sit
359 3391 470 3466 nullus,
492 3393 648 3455 veritatem
664 3395 770 3472 jacere
792 3391 973 3454 demersam:
997 3395 1137 3458 nimirum
1160 3397 1259 3472 stulte,
1285 3399 1316 3454 ut
1340 3401 1392 3448 aar

298 3505 371 3562 tera.
409 3500 481 3562 Non
510 3499 590 3562 enim
619 3508 759 3583 tanquam
789 3499 819 3560 in
844 3506 938 3578 puteo
970 3501 1107 3565 demersa
1134 3509 1180 3566 est
1209 3502 1392 3574 veritasque

297 3607 344 3668 vel
372 3607 556 3671 descendere
587 3607 635 3670 vel
662 3607 751 3670 etiam
781 3607 890 3670 cadere
915 3606 959 3668 illi
983 3609 1107 3688 licebat,
1143 3611 1198 3674 sed
1224 3619 1352 3689 tauquam
1369 3598 1391 3656 in

297 3734 415 3778 sunuuo
437 3715 549 3778 montis
575 3715 686 3778 excelsi
714 3715 844 3792 vertice,
873 3715 922 3778 vel
948 3717 1050 3796 potius
1075 3719 1104 3780 iu
1126 3719 1232 3792 coelo;
1264 3711 1339 3797 quod
1355 3709 1390 3766 til

297 3823 496 3888 verissimum.
548 3822 630 3905 Quid
657 3823 737 3885 etnim
759 3831 814 3900 est,
835 3841 890 3884 cur
911 3843 976 3886 earn
999 3825 1101 3904 potius
1125 3826 1154 3888 in
1177 3828 1266 3888 imum
1287 3822 1390 3898 depres-

295 3949 358 3992 saur
385 3933 516 4009 diceret,
545 3951 635 4015 quarn
663 3930 693 3992 in
724 3951 872 3994 summum
900 3931 1048 3995 levatam?
1083 3933 1141 3995 nisi
1177 3935 1254 3996 lorte
1280 3931 1388 3989 meuteu

295 4057 417 4120 quoque
440 4039 468 4100 in
500 4039 630 4120 pedibus
660 4045 712 4101 aut
749 4039 778 4100 in
808 4039 875 4101 imis
908 4039 1042 4102 calcibus
1072 4041 1254 4104 coustituere
1279 4027 1387 4096 malebat

294 4145 407 4223 potina,
434 4167 524 4229 quarn
555 4149 586 4210 in
615 4154 742 4228 pectore
770 4153 822 4210 aut
848 4147 879 4208 iu
912 4146 1046 4228 capite.''
1094 4150 1177 4212 llaec
1202 4145 1250 4208 ille
1283 4147 1310 4203 et
1341 4129 1386 4194 no

293 4251 386 4312 ιιιιιΙιο
406 4255 552 4319 adversus
572 4265 689 4320 veteres
701 4253 911 4336 philosophos.
940 4257 1058 4320 Seneca
1079 4265 1192 4340 quaest.
1208 4261 1262 4317 uat.
1274 4237 1384 4311 libl'tb

1327 4363 1381 4424 cap·
