2984 4876
302 338 387 394 Liber
404 338 453 394 iii.
486 340 637 396 Democriti
656 355 766 412 operum
784 341 946 414 fragmenta.
1120 347 1181 413 195

156 508 224 570 196.
269 501 334 570 Ota
366 505 402 570 ἀν
433 505 569 570 ἐκώλυον
600 507 629 569 οἱ
656 503 745 589 νόμοι
776 504 831 592 [fir
861 508 987 572 ἕκαστον
1009 513 1076 576 κατ’
1103 513 1179 601 ἰδίην

68 613 221 698 ἐξουσίην,
245 615 272 676 εἰ
296 616 336 698 μὴ
360 615 464 699 ἕτερος
487 615 591 699 ἕτερον
623 614 820 698 ἐλυμαίνετο·
846 613 962 699 odoror
981 617 1038 702 ηάρ
1061 622 1182 692 στάσιος

67 721 169 806 ἀρχὴν
197 722 410 806 ἀπεργάζεται.
465 724 551 787 Stob.
582 726 608 787 F
610 724 665 788 lor.
694 726 882 803 XXXVIII,
913 729 962 788 57.
1008 729 1119 794 Anton.
1150 739 1181 796 et

66 833 147 894 Itiax.
171 851 200 912 p.
222 832 294 894 108.

156 943 225 1004 197.
262 934 302 1002 ’0
324 937 419 1023 νόμος
438 939 582 1025 βούλεται
611 939 665 1024 μὲν
691 938 877 1025 εὐεργετέειν
902 941 966 1024 βίον
990 941 1178 1028 ἀνορώτοιν·

69 1045 196 1110 δύναται
218 1045 264 1124 δέ,
286 1045 356 1110 ὅταν
381 1045 468 1110 αὐτοὶ
495 1047 667 1133 βούλωνται
693 1049 838 1134 πάσχειν·
865 1051 944 1111 τοῖσι
961 1049 1018 1134 γὰρ
1035 1053 1178 1137 neritone-

67 1177 147 1218 νοισι
166 1155 220 1238 τὴν
245 1155 322 1238 ἰδίην
346 1154 456 1238 ἀρετὴν
479 1154 674 1218 ἐνδείκνυται.
719 1157 805 1220 Stob.
827 1157 911 1221 Flor.
932 1159 1040 1235 XLIII,
1065 1161 1114 1225 33.

155 1265 225 1328 198.
268 1260 344 1332 Ταῖς
365 1267 424 1327 τῶν
445 1266 559 1345 καιρῶν
581 1263 766 1346 μεταβολαῖς
784 1263 835 1326 καί
862 1265 891 1326 oi
913 1263 1034 1348 σφόδρα
1056 1267 1179 1334 δυνατοὶ

67 1376 128 1435 τῶν
148 1369 378 1456 ἀσθενεστέρων
400 1370 514 1438 ἐνδεεῖς
534 1369 676 1454 γίνονται.
715 1373 826 1434 Antou.
851 1378 881 1434 et
900 1372 979 1436 Max.
1001 1395 1031 1453 p.
1054 1378 1124 1440 800.

154 1481 224 1542 199.
263 1477 342 1543 'Aah
366 1477 511 1562 δμονοίης
531 1476 570 1539 τὰ
589 1478 707 1560 μεγάλα
728 1475 802 1562 ἔργα
827 1479 877 1543 καὶ
897 1478 968 1562 τῇσι
989 1480 1091 1546 πόλισι
1110 1485 1182 1556 τοὺς

68 1585 225 1670 πολέμους
250 1585 377 1649 δονατδν
408 1584 665 1670 ιιατεργάξεσδαι,
696 1584 800 1655 ἀλλοις
827 1585 858 1648 δ’
886 1585 934 1650 οὔ.
979 1591 1065 1654 Stob.
1097 1595 1180 1660 FIor.

66 1695 247 1772 Χ1.111,10.

152 1804 224 1866 900.
268 1798 377 1869 Στάσις
397 1798 547 1884 ἐμφύλιος
570 1797 602 1868 ἐς
620 1797 751 1884 ἑκάτερα
768 1799 877 1864 κακόν·
895 1803 947 1864 καὶ
965 1802 1023 1887 γὰρ
1046 1804 1180 1870 νικέουσι

67 1912 119 1975 καὶ
139 1907 348 1993 ἡσσωμένοισι
371 1907 462 1991 ὁμοίη
489 1907 603 1992 ροορή.
641 1908 727 1972 Stob.
748 1908 833 1972 Flor.
853 1910 960 1988 XLIII,
981 1914 1030 1976 34.

153 2021 223 2081 901.
268 2015 441 2101 Φρονήσιος
479 2013 567 2100 ἔργον
605 2013 778 2099 μέλλουσαν
818 2017 936 2101 ἀδικίην
971 2020 1177 2103 φυλάξασθαι,

68 2125 254 2210 ἀναληησίης
290 2124 325 2187 δὲ
364 2125 416 2208 τὴν
450 2124 618 2208 γενομένην
653 2124 694 2207 μὴ
733 2123 917 2209 ἀμύνασῦαι.
972 2127 1058 2193 Stob.
1095 2131 1178 2196 FIor.

67 2237 115 2314 III,
139 2237 189 2299 51.

153 2343 224 2407 909.
264 2339 509 2424 Ἀδινιεομένοισι
536 2339 697 2426 τιμωρέειν
724 2339 802 2403 κατὰ
823 2340 948 2425 δύναμιν
980 2341 1040 2425 χρὴ
1064 2342 1177 2428 καὶμὴ

67 2563 167 2624 biioae
188 2559 450 2642 gubernationem,
475 2560 621 2622 amicitias
642 2579 764 2641 rogum:
787 2580 807 2621 a
833 2559 941 2643 quibus
962 2559 1053 2623 rebus
1073 2579 1181 2642 magna

67 2671 148 2733 bona
170 2669 200 2730 in
220 2669 311 2730 vitam
330 2670 488 2730 humanam
507 2667 677 2731 redundare
700 2669 773 2730 d'nrit
794 2667 995 2729 Democritus.

155 2778 224 2841 196.
266 2779 364 2858 Leges
392 2796 454 2839 non
482 2777 679 2856 prohiberent
706 2773 842 2855 singulos
876 2794 934 2855 pro
965 2774 1091 2838 arbitrio
1121 2795 1178 2840 suo

66 2889 178 2963 vivere,
197 2885 254 2947 nisi
282 2885 359 2948 aiter
381 2884 419 2946 ad
441 2884 580 2964 injuriam
605 2885 690 2947 alteri
719 2883 903 2946 inferendam
924 2887 1005 2944 osset
1024 2883 1178 2964 proclivis.

66 2995 186 3058 Etenim
209 2993 320 3056 invidia
342 2991 498 3055 seditionis
517 2995 597 3073 parit
617 2993 752 3068 initium.

156 3103 225 3164 197.
267 3102 331 3162 Lex
350 3101 504 3162 hominum
523 3099 613 3160 vitam
632 3100 787 3164 beneficiis
809 3118 917 3162 ornare
935 3097 1007 3175 vult,
1027 3100 1057 3162 id
1079 3104 1178 3162 autem

64 3215 220 3292 praestare
233 3213 342 3288 potest,
357 3207 383 3270 si
398 3209 456 3288 ipsi
476 3229 510 3270 oa
529 3208 668 3288 aeoipere
680 3208 846 3272 voluerint:
867 3205 1076 3270 obedientibus
1099 3207 1178 3270 eninr

66 3319 125 3380 vim
151 3323 182 3378 et
200 3316 340 3378 virtutem
363 3335 447 3378 suam
473 3316 612 3380 ostendit.

153 3425 223 3487 190.
266 3425 451 3504 Temporum
471 3425 686 3487 mutationibus
708 3424 749 3503 ht,
768 3429 802 3487 ut
821 3423 910 3486 etiam
931 3422 1018 3485 valde
1038 3431 1179 3505 potentes

65 3531 264 3596 infirmiorum
283 3531 396 3595 auxilio
421 3531 581 3613 indigeant.

152 3641 222 3703 199.
266 3639 440 3703 Concordia
462 3661 530 3703 eum
551 3639 628 3705 diae
651 3659 698 3704 res
719 3659 844 3722 magnae
866 3638 938 3719 geri,
958 3643 1022 3702 tum
1043 3661 1060 3704 a
1078 3641 1180 3704 civito-

63 3751 146 3812 tibus
165 3745 246 3808 belia
264 3747 373 3810 ooniiei
388 3754 532 3829 possunt:
554 3767 651 3826 secus,
672 3750 908 3832 haudquaquam.

149 3855 221 3918 900.
266 3853 384 3918 Seditio
409 3857 577 3919 domestica
604 3857 724 3940 utrique
746 3858 823 3938 parti
845 3859 952 3929 nocet;
973 3873 1042 3916 nam
1065 3861 1096 3918 et
1116 3854 1180 3917 vin·

64 3971 169 4026 centes
188 3969 219 4024 et
239 3961 337 4024 victos
358 3963 463 4026 eadem
483 3967 647 4046 pessundat
668 3965 827 4046 pernicies.

151 4071 223 4134 901.
267 4070 445 4133 Prudentiae
470 4079 516 4134 est
544 4073 674 4134 futuram
701 4073 838 4154 injuriam
868 4090 1066 4154 praecavere,
1095 4069 1180 4132 indo-

62 4177 175 4241 lentiae
199 4195 274 4239 vero
295 4177 406 4240 iliatam
427 4197 488 4242 non
508 4179 622 4244 uioisoi.

149 4285 223 4348 909.
267 4285 409 4364 injuriam
438 4287 585 4368 patientes
614 4309 672 4369 pro
704 4289 819 4352 viribus
851 4294 921 4350 suut
951 4285 1130 4350 defendendi
1152 4291 1182 4348 et

896 4395 935 4457 13
958 4393 979 4436 ⁴*
