2938 4864
316 316 402 372 Liber
418 315 466 376 ill.
502 313 572 371 ada.
590 315 624 370 od
646 315 723 372 Deua.
742 332 786 387 cp.
805 316 900 388 fragm.
1098 317 1163 380 319

51 482 297 564 ἐπαίνουζάξισν,
320 491 351 547 ει
372 482 573 566 Levesquius:
599 483 646 560 „si
667 490 699 546 tu
722 503 761 545 ne
779 485 904 546 connais
926 504 982 565 pas
1002 485 1047 548 les
1068 486 1163 568 qnali-

49 605 97 660 tes
115 596 204 680 qu'ils
234 590 389 657 eelebrent
415 611 453 654 en
480 591 532 669 toi,
564 591 627 654 sois
655 590 833 668 cenveinen,
864 611 923 674 que
951 612 986 655 ee
1011 601 1081 666 sont
1108 595 1162 657 des

49 701 210 768 flatteurs.’'

135 814 206 876 est.
252 807 383 892 συνεχὴς
410 809 590 871 mutavimus
629 807 661 869 in
691 806 828 891 ίυνεχής.
883 809 971 870 ltlens
1003 809 1162 889 scriptoris

49 929 112 982 est:
131 920 330 1001 „Quicunque
354 916 543 978 continenter
564 937 634 978 cum
662 916 808 997 improbis
829 918 1044 980 commercium
1064 919 1162 996 habet,

50 1029 75 1090 is
106 1049 212 1090 eonrm
245 1025 325 1088 vitiis
357 1023 512 1105 paullatim
543 1024 624 1087 solet
651 1023 861 1086 assuescere.'’
915 1027 1074 1088 Caeterum
1104 1028 1163 1089 hoe

50 1139 251 1216 fragmentum
284 1153 352 1196 eum
389 1132 509 1195 duobus
539 1131 737 1215 sequentibus
775 1151 837 1194 uon
870 1140 918 1195 est
950 1135 1164 1215 interpretatus

49 1243 253 1306 Burehardus.

136 1351 209 1415 235.
253 1348 414 1429 Vulgatam
445 1345 605 1423 ἐξωτικῶς,
634 1367 712 1430 quae
738 1349 809 1410 terri
835 1350 947 1430 nequit,
977 1349 1112 1412 converti
1135 1351 1165 1412 in

52 1459 214 1526 ἑκουσίως.
260 1457 351 1520 Certe
381 1459 458 1518 hanc
487 1475 595 1519 vocem
623 1477 641 1518 a
666 1457 859 1518 Democriteo
882 1459 1034 1520 scribendi
1053 1479 1165 1539 genere

50 1589 115 1631 non
137 1568 264 1629 alienam
289 1585 357 1628 esse
387 1564 500 1626 indicio
530 1569 576 1626 est
606 1566 804 1644 fragmentum
830 1568 880 1628 86.
924 1567 1021 1628 Porro
1043 1565 1163 1628 πονέειν

51 1675 240 1738 exaravimus
263 1693 320 1755 pre
338 1674 452 1746 πονεῖν,
477 1669 596 1755 ίυνέχει
625 1693 682 1751 pro
704 1670 836 1756 συνέχει,
861 1671 1021 1735 οιίόέεσθάι
1040 1693 1098 1755 pro
1122 1675 1164 1737 αἰ-

52 1781 186 1858 δεῖσθαι,
214 1779 314 1866 φιλέει
341 1799 398 1860 pro
428 1780 520 1862 φιλεῖ,
549 1779 686 1861 pessum
711 1798 768 1860 pro
796 1778 961 1862 γίγνεσθαι.
1005 1784 1064 1844 Vix
1085 1803 1164 1862 opus

51 1899 101 1954 est
122 1891 248 1966 moneri,
264 1886 395 1955 ἀνιέντες
414 1887 621 1951 aDemocrito
643 1907 680 1951 eo
702 1887 869 1966 significatu
892 1889 974 1969 poni,
996 1910 1057 1972 qno
1073 1891 1165 1972 vulgo

49 2005 219 2079 usurpatur
235 1997 365 2058 medium
388 1996 476 2072 lnrjus
497 1995 583 2056 verbi
603 2015 706 2075 genoe,
719 2002 808 2076 atque
826 1996 857 2055 in
876 1997 988 2060 ultimis
1009 1999 1167 2079 fragmenti

50 2108 157 2171 verbis
181 2105 264 2189 μάλα
285 2103 393 2166 referri
416 2103 455 2164 ad
477 2099 587 2186 φιλέει.
633 2105 679 2164 lle
701 2104 836 2184 optativo
857 2103 985 2184 μάθοιεν
1004 2108 1042 2169 ei.
1064 2109 1165 2171 adnot.

50 2219 88 2278 ad
115 2217 220 2294 irogm.
240 2215 288 2275 le.

140 2325 211 2384 ι236.
234 2317 532 2382 Ειλίιλίτοῖσιπόνοισι
548 2319 677 2397 μεστοῖς
688 2314 838 2392 cerotem
855 2317 970 2402 καὶγὰρ
987 2322 1029 2388 ὡς
1041 2322 1091 2384 τὸν
1109 2322 1165 2386 οὐκ

52 2407 204 2494 ἐλιέλοντα
214 2427 393 2512 pronai-‚dp
404 2425 457 2489 οὖν
474 2424 529 2488 οὐκ
544 2423 699 2502 ἐθέλοντα,
707 2426 764 2486 etsi
778 2426 843 2487 scio
857 2427 968 2490 rectius
983 2429 1032 2490 hie
1047 2431 1105 2494 diei
1124 2431 1164 2515 μὴ

55 2539 222 2612 ἐλιέλοντα;
245 2535 359 2620 disp-fe.
378 2535 529 2617 rescripsi,
551 2541 585 2597 ut
603 2540 649 2596 est
668 2532 751 2612 apud
778 2534 923 2598 llerodot.
946 2535 997 2598 lib.
1020 2539 1083 2614 Vll,
1105 2541 1164 2602 139

56 2648 124 2729 (nbi
152 2647 255 2708 eadem
285 2651 434 2726 potestate
467 2643 646 2723 usurpatur)
677 2659 735 2719 pro
769 2639 904 2726 ἐξείργει.
953 2648 1109 2707 Postrema
1136 2646 1167 2707 in

55 2755 133 2818 Gnd.
153 2753 237 2815 Flor.
259 2753 303 2816 sic
325 2759 445 2815 exarata
464 2757 548 2814 sunt:
580 2747 661 2810 οὕτω
693 2747 827 2831 μεγάλης
848 2797 1006 2816 ......
1028 2774 1061 2814 τε
1085 2774 1165 2838 φυτι-

54 2869 110 2946 κῆς
133 2860 206 2940 ἐστι,
234 2861 265 2921 in
287 2860 397 2943 quibus
419 2859 521 2921 verbis
540 2857 679 2920 lacunam
694 2859 834 2936 supplevi
857 2867 1044 2943 coeteraque,
1067 2881 1168 2944 quem-

55 2969 222 3034 admodum
242 2969 389 3030 seutentia
415 2968 549 3048 flagitare
576 2965 704 3042 videtur,
723 2969 887 3031 emendavi.
929 2971 1007 3031 Nam
1031 2975 1168 3049 apertum

55 3088 103 3141 est
122 3077 183 3138 tale
205 3076 277 3158 quid
299 3073 508 3137 aDemoerito
530 3073 676 3153 scriptum
700 3073 808 3136 luisse:
832 3074 913 3137 edre
937 3076 1072 3159 μεγάλης
1095 3078 1168 3160 πρή-

57 3185 119 3254 ξιος
141 3184 158 3246 ὁ
183 3181 307 3266 άμαῦὴς
328 3181 462 3249 σπανίως
483 3179 734 3264 apmreeppdaca
753 3182 950 3268 valeamini<
971 3182 1043 3245 ἐστι.
1079 3183 1168 3246 lnitio

57 3291 217 3372 fragmenti
248 3289 380 3373 μάθησις
406 3309 469 3352 non
497 3295 544 3351 est
571 3289 637 3368 ipsa
665 3289 800 3352 discendi
825 3291 914 3366 actio,
941 3292 995 3352 sed
1021 3297 1054 3353 ιιι
1078 3311 1169 3372 saepe

55 3401 140 3481 apud
164 3398 383 3479 philosophos,
412 3417 514 3460 rerum
541 3403 753 3478 perceptarum
782 3399 1001 3478 comprehensa
1027 3399 1170 3480 cogniti0,

57 3529 137 3592 ηιιοσ
164 3527 212 3569 res
235 3527 294 3569 usu
322 3512 352 3568 et
379 3505 597 3568 consuetudine
626 3505 656 3566 iu
686 3515 822 3568 naturam
848 3513 1012 3582 verterunt,
1039 3516 1073 3570 nt
1093 3509 1171 3570 bene

58 3616 205 3678 reddatur
224 3613 406 3695 dt'rcr'plinae
427 3613 586 3674 vocabulo.
620 3614 652 3674 ln
675 3613 870 3694 sequentibus
891 3615 1084 3698 καρποῦσθαι
1104 3636 1171 3696 pas-

58 3727 124 3786 sive
148 3721 267 3799 dicitur,
289 3721 330 3784 ita
351 3729 385 3784 ut
404 3721 443 3784 sit
454 3721 608 3802 fructum
630 3742 690 3783 esre
711 3728 762 3783 aut
772 3722 859 3802 fieri.

145 3833 217 3894 237.
260 3830 421 3892 Posuimus
446 3827 537 3912 σοφίη
562 3847 620 3908 pro
644 3828 748 3912 σοφία.
792 3829 925 3891 Orellius
946 3829 1084 3890 adnotet:
1119 3830 1172 3906 „Si

59 3960 134 4002 sana
151 3945 198 4002 est
218 3939 319 4014 lentie,
349 3957 457 4000 sensus
483 3939 531 3999 hie
560 3936 630 3998 erit:
655 3939 825 4018 saptentiae
854 3939 904 3998 vel
921 3939 1052 3998 minima
1068 3939 1174 4016 portio

53 4049 161 4128 pluris
180 4053 225 4108 est
244 4047 438 4108 acemanda
463 4065 556 4125 quam
585 4046 751 4125 stupiditas
778 4063 906 4125 magna,
931 4051 1083 4124 quantum
1103 4043 1176 4105 licet

58 4156 214 4216 honorata
236 4157 280 4216 cit
298 4153 353 4238 (ob
373 4173 449 4234 opes
469 4154 533 4216 scil.
563 4160 592 4214 et
622 4153 810 4234 potentiam).
854 4154 907 4216 Sic
929 4152 1007 4214 enim
1029 4153 1175 4232 interpre-

59 4269 111 4324 tor
130 4281 158 4324 v.
189 4260 290 4334 δόξαν.
345 4261 386 4323 At
413 4261 643 4326 convenientior
668 4261 764 4324 mullo
791 4269 821 4326 et
850 4261 1033 4343 philosopho
1055 4259 1175 4341 dignior
