2932 4862
361 292 445 348 nna
463 292 512 350 ιν.
553 293 596 348 ιιι
615 293 765 350 nanuum
785 294 902 366 placitis.
1125 297 1187 362 ιιι

75 468 109 524 nt
127 462 225 524 anima
245 462 494 542 perceptionibus
515 461 694 524 immutetur.
738 461 830 543 Quod
849 460 890 522 ita
912 461 1053 541 exprimit
1070 462 1185 530 Aristo-

75 569 148 632 tcles
168 571 300 650 Metapb.
323 589 353 650 p.
377 572 417 632 77
440 569 486 631 ed.
507 569 634 631 Brend:
660 565 741 636 ditur
769 567 805 629 δὲ
826 565 876 628 διὰ
898 566 931 630 τὸ
956 567 1183 655 ὑπολαμβάνειν

73 675 218 760 φρόνησιν
241 677 296 760 μὲν
317 677 370 759 τὴν
393 675 546 760 αἴσθησιν,
569 673 682 757 ταύτην
709 671 739 736 δ’
763 671 841 736 εἶναι
862 671 1038 753 ἀλλοίωσιν,
1056 677 1090 740 τὸ
1114 700 1181 764 φαι-

71 781 196 866 νόμενον
226 783 303 848 κατὰ
322 783 377 866 τὴν
406 781 546 866 αἴσθησιν
580 779 612 852 ἐξ
636 780 768 864 ἀνάγκης
795 777 911 864 ἀληθὲς
932 779 1131 867 εἶναίφασιν,
1152 793 1182 850 et

71 891 107 954 dc
126 911 206 955 scus.
229 895 290 955 lV:
328 889 518 974 Δημόκριτος
540 889 576 951 δὲ
605 889 655 952 καὶ
683 888 712 952 οἱ
744 891 881 952 πλεῖστοι
903 891 962 950 τῶν
986 889 1180 976 φυσιολόγων

69 996 135 1060 ὅσοι
155 996 280 1081 λέγουσι
298 996 368 1080 περὶ
389 996 565 1081 αἰσθήσεως
583 994 778 1061 ἀτοπώτατόν
799 1019 827 1059 τι
844 998 983 1059 ποιοῦσι·
1004 998 1178 1086 πάνταγὰρ

66 1103 102 1166 τὰ
132 1103 265 1188 αἰσθητὰ
292 1102 373 1166 ἁπτὰ
405 1107 538 1165 ποιοῦσι.
591 1104 736 1166 Similiter
755 1105 983 1185 Theophrastus
1014 1106 1052 1168 de
1085 1127 1178 1172 sensu

65 1209 91 1294 ξ.
115 1213 172 1275 49ε
197 1215 241 1295 τῷ
264 1207 467 1274 ἀλλοιοῦσθαι
487 1213 572 1272 ποιεῖ
589 1211 622 1292 (ὁ
645 1208 849 1294 Δημόκριτος)
868 1211 902 1274 τὸ
924 1209 1135 1277 αἰσθάνεσθαι.

146 1319 266 1384 Similia
288 1325 404 1381 tantum
430 1318 579 1382 similibus
603 1318 748 1399 cognosci
770 1338 839 1380 cum
859 1318 997 1382 omnibus
1019 1321 1177 1400 physiolo-

63 1428 107 1507 gis
141 1433 277 1508 excepto
311 1430 492 1508 Anaxagora
520 1425 715 1489 Democritus
747 1425 854 1488 docuit
869 1424 950 1505 ¹⁰⁵),
978 1427 1063 1510 quod
1088 1448 1176 1508 prae-

65 1543 186 1616 ceptum
216 1534 346 1598 tortasse
374 1553 434 1596 non
464 1533 565 1615 exigui
592 1534 647 1596 luit
675 1533 704 1594 in
727 1533 865 1596 univorsa
887 1535 953 1612 ejus
975 1535 1013 1597 de
1036 1537 1175 1600 sensibus

64 1643 203 1706 doctrina
223 1643 375 1706 maurenti.
420 1644 467 1703 De
489 1642 535 1704 bis
558 1641 649 1722 igitur
671 1647 813 1722 qnantum
828 1659 845 1703 e
860 1642 1033 1722 fragmentis
1045 1663 1063 1705 a
1075 1645 1174 1706 Theo-

62 1753 185 1831 phrasto
208 1750 335 1814 servatis
365 1750 475 1830 conjici
501 1749 573 1811 licet
602 1756 632 1810 et
652 1755 795 1829 qnantum
822 1748 948 1813 instituti
976 1751 1073 1812 nostri
1096 1753 1173 1815 ratio

61 1861 171 1939 patitur
200 1858 306 1939 paucis
331 1877 527 1938 exponamus.
576 1856 770 1918 Democritus
802 1856 840 1917 de
866 1875 959 1920 sensu
978 1877 1040 1920 non
1060 1859 1172 1937 delinit,

60 1975 159 2031 utrum
181 1966 343 2031 contrariis
361 1986 399 2028 an
419 1965 567 2028 similibus
587 1965 646 2026 tint
691 1969 847 2045 Quatenus
868 1965 947 2026 enim
968 1984 1089 2028 sensnm
1108 1985 1171 2030 mu·

61 2075 172 2138 tatione
193 2075 258 2137 lieri
280 2075 366 2152 dicit,
384 2073 522 2136 videatur
544 2072 679 2148 diversis,
702 2090 796 2152 quum
816 2071 925 2138 similia
944 2071 1090 2135 similibus
1110 2093 1172 2137 non

60 2191 221 2246 mutentur.
264 2182 381 2243 Rursus
413 2186 513 2242 autem
537 2199 596 2242 nos
622 2178 734 2241 sentire
762 2178 946 2262 omninoque
968 2179 1078 2242 mutari
1099 2200 1172 2242 con-

60 2291 163 2366 tendit,
185 2288 258 2349 dum
288 2286 452 2366 patiamur,
487 2286 642 2350 dissimilia
668 2304 743 2348 vero
765 2285 827 2366 pati
857 2291 888 2347 et
911 2285 1030 2350 diversa
1051 2287 1172 2372 quidem

60 2397 179 2460 diversa
202 2395 303 2456 iecere
325 2411 417 2471 posse
436 2400 535 2474 negat,
555 2395 609 2456 sed
630 2392 728 2455 simile
747 2392 860 2474 aliquid
878 2393 920 2455 ait
939 2393 1088 2457 similibus
1100 2395 1170 2474 pali.

60 2507 255 2587 Quapropter
281 2501 355 2562 baec
377 2505 507 2582 utroque
529 2501 620 2563 modo
647 2499 770 2580 intelligi
791 2499 862 2562 licet
877 2498 958 2579 ¹⁰⁶).

141 2610 255 2672 Videre
277 2627 334 2670 nos
355 2607 397 2669 ait
410 2606 604 2670 Democritus
628 2606 789 2686 imaginum
808 2604 1058 2687 incursioue'⁰⁷)
1080 2627 1170 2688 quam

60 2717 251 2796 peculiariter
279 2714 435 2788 describit;
468 2713 627 2794 imaginem
656 2713 735 2775 enim
764 2734 825 2776 non
852 2714 951 2776 statim
973 2715 1001 2776 in
1024 2715 1169 2796 pupillam

60 2827 222 2898 incurrere,
249 2822 303 2886 sed
331 2827 432 2884 aiirem
453 2820 531 2883 inter
555 2822 677 2884 oculum
698 2831 728 2884 et
749 2821 823 2884 illud
846 2822 929 2904 quod
948 2822 1082 2884 cernitur
1108 2843 1170 2886 me-

59 2933 149 3008 dium,
169 2935 357 2994 contractum
379 2929 417 2990 ab
440 2929 492 2991 illo
510 2931 593 3011 quod
615 2929 749 2992 cernitur
771 2936 801 2992 et
826 2929 878 3012 qui
898 2931 1001 3006 cernit,
1028 2932 1167 3008 iormari;

59 3039 95 3100 ab
120 3037 203 3101 omni
224 3035 301 3097 enim
323 3055 355 3098 re
377 3035 441 3097 lieri
463 3055 582 3114 semper
601 3037 752 3099 effluvium
774 3037 939 3119 quoddam;
961 3037 1068 3101 deinde
1089 3040 1169 3101 bunc

58 3153 157 3210 adrem
177 3145 308 3210 solidum
327 3150 357 3206 et
379 3142 561 3205 discolorem
584 3143 682 3206 oculis
699 3143 827 3206 humidis
846 3151 880 3208 ut
899 3145 1057 3228 imaginem
1078 3145 1168 3224 illabi,

60 3277 258 3290 ——n—

127 3345 182 3407 ¹⁰⁵)
201 3345 308 3394 Aristoi.
327 3343 360 3395 de
381 3343 460 3392 anim.
481 3341 497 3402 i,
519 3337 543 3393 2.
581 3341 638 3394 Vid.
658 3341 749 3406 irugm.
769 3341 844 3406 pbys.
863 3339 880 3392 Ξ
900 3347 928 3394 et
948 3341 987 3396 13.
1023 3345 1060 3396 (il.
1075 3349 1168 3396 elsu-

58 3439 105 3487 pra
124 3425 215 3477 adnot.
233 3419 275 3472 ll.

127 3515 184 3579 ¹⁰⁸)
204 3515 243 3567 Ci.
263 3513 354 3575 fragm.
373 3511 450 3575 phys.
475 3510 511 3562 12.

129 3605 184 3669 ¹⁹²)
204 3602 315 3674 ἔμφασιν
341 3603 374 3654 de
400 3615 453 3668 qua
480 3603 597 3669 loquitur
624 3604 794 3654 Democritus
819 3605 941 3668 imaginis
969 3607 994 3655 in
1019 3607 1112 3657 oculos
1132 3605 1168 3656 ii-

60 3681 156 3750 lopsum
177 3686 219 3735 vel
246 3682 417 3732 incurrionem
443 3683 505 3734 licei
528 3685 705 3747 interpretari.
748 3685 822 3734 idem
847 3687 890 3734 est
906 3684 982 3736 verbi
1001 3683 1169 3756 ἐμφαίνεσθαι

60 3776 130 3826 usus,
150 3765 224 3830 qnod
243 3761 367 3813 illudendi
387 3764 426 3814 ret
443 3761 592 3813 incurrendi
613 3765 745 3816 vocabulo
763 3766 838 3815 reddi
858 3767 991 3817 convenii.
1029 3767 1169 3817 Posterio-

60 3857 114 3894 rem
135 3846 298 3896 locutionem
323 3845 416 3895 Cicero
445 3858 576 3908 usurpare
596 3845 672 3904 sciet,
701 3857 789 3909 neque
810 3846 859 3896 uiis
881 3845 994 3898 tortasse
1014 3847 1168 3910 aptiorem,

60 3935 140 3985 orrum
160 3937 174 3976 e
197 3925 315 3974 Romane
333 3925 441 3976 dicendi
462 3925 658 3976 consuetudine
677 3937 721 3975 res
740 3926 879 3978 incurrere
900 3928 925 3978 in
944 3929 1037 3978 oculos
1056 3926 1169 3976 dicutur.

59 4005 105 4062 Qui
124 4005 204 4068 igitur
219 4001 389 4074 inprimatur
416 4006 477 4055 nibil
505 4019 566 4057 esse
591 4006 685 4056 voiirnt
706 4005 756 4055 nisi
775 4007 966 4072 repraesentari
990 4010 1170 4074 stepponem,

60 4083 159 4146 rotgeri
179 4098 228 4136 usn
250 4085 356 4149 decepti
379 4087 577 4137 Democriteum
602 4087 678 4138 vocis
705 4086 927 4149 significationem
945 4101 999 4138 non
1018 4102 1171 4152 perspexe-

59 4169 128 4214 runt.
158 4165 211 4216 Sed
235 4167 366 4217 adversus
385 4166 433 4217 bos
455 4167 593 4229 disputare
613 4179 845 4230 supervacaneum
867 4173 916 4228 est,
932 4183 1015 4234 quum
1036 4170 1171 4235 quomodo

58 4245 184 4295 sariendo
203 4259 255 4294 ros
277 4251 358 4308 esset,
377 4247 408 4298 bi.
430 4247 528 4298 Tullius
549 4247 672 4311 pluribus
689 4248 754 4298 iocis
777 4249 932 4300 ostenderit

881 4343 921 4404 ⁴26
