2932 4862
344 299 430 353 Liber
447 297 496 352 lll.
529 297 600 355 Ado.
618 297 653 353 ad
673 299 753 355 llam.
769 315 813 372 cp.
832 300 926 372 fragm
1147 305 1212 370 363

98 465 238 549 μεγίστας
257 465 428 547 cogendum
448 483 486 528 ex
508 465 680 543 Aristotele,
704 466 755 549 qui
777 465 882 528 eadem
904 474 994 550 atque
1017 443 1209 537 Democritus

96 575 134 636 de
161 573 208 638 his
233 573 325 636 rebus
349 573 539 656 praecipiens
569 575 696 637 Meteor.
719 575 742 652 l,
767 574 823 638 13:
858 574 1076 656 calamiscos,
1105 580 1209 663 inquit,

96 681 150 743 καὶ
170 679 306 764 μέγιστοι
333 680 467 764 ποταμοί
490 677 611 764 ῥέουσιν
641 679 676 744 ἐκ
704 685 764 744 τῶν
795 681 943 765 μεγίστων
967 681 1047 767 ὑμῶν
1068 694 1099 748 et
1117 690 1209 769 paulo

95 795 181 869 post:
217 786 324 872 ὑίουει
345 785 373 850 δ’
402 785 456 852 οὑν
487 788 517 850 oi
535 789 672 852 πλεῖστοι
697 787 748 852 καλ
772 787 906 872 μέγιστοι
928 790 1006 874 μετὰ
1025 791 1077 855 τὸν
1093 790 1208 880 Ἷοτρυν
1341 873 1346 882 ¹

93 899 155 958 τῶν
179 893 282 958 ἄλλων
306 899 465 978 ποταμῶν,
488 894 640 976 ἐντεῦθεν,
662 895 705 965 ὥς
728 917 830 980 φασιν.
854 931 891 944 -
935 894 964 982 5.
978 900 1007 961 9.
1043 900 1208 968 Salmasius

92 1003 200 1066 Exere.
217 1002 305 1084 Plio.
333 1025 363 1084 p.
383 1003 446 1068 833
477 1004 618 1066 observat
648 1001 769 1087 ὑδρεῖον
805 1021 872 1066 esse
898 1001 1002 1068 locum
1030 1010 1207 1090 aquationis,

93 1107 234 1193 ὑδρευμα
259 1111 356 1192 ipsam
385 1111 576 1194 aquationem
605 1109 670 1172 sive
698 1109 828 1193 aquandi
845 1117 953 1190 ectum,
982 1113 1108 1180 Graccis
1133 1137 1207 1182 vero

90 1217 314 1298 posterioribus
344 1217 433 1280 etiam
454 1219 573 1296 locum,
600 1218 631 1280 in
659 1238 720 1301 quo
750 1218 789 1280 sit
817 1218 947 1300 aquatio.
998 1221 1045 1285 Cf.
1068 1229 1099 1286 et
1122 1227 1208 1289 Wes·

90 1325 199 1407 seling.
228 1325 269 1389 ad
300 1325 412 1390 Antan.
443 1328 506 1391 ltin.
537 1348 566 1408 p.
589 1328 658 1391 173.
708 1326 814 1390 Nolim
835 1326 956 1389 diffiteri
978 1329 1115 1409 plurimis
1135 1335 1208 1396 scri-

89 1439 217 1514 ptorum
240 1434 318 1498 locis
337 1435 377 1510 id,
408 1435 446 1498 de
470 1454 532 1517 quo
557 1434 693 1517 loquitur
716 1433 892 1510 Salmasius,
919 1435 1080 1500 discrimen
1099 1442 1207 1503 muniri

88 1559 194 1620 posse,
223 1543 277 1604 sed
306 1543 333 1603 si
355 1543 517 1606 Cassianus
541 1561 649 1604 vocem
675 1542 897 1606 Democriteam
917 1543 966 1606 hic
984 1545 1122 1622 servavit,
1143 1549 1207 1627 plri-

88 1647 243 1728 losophns
271 1649 475 1712 Abderitanus
497 1651 560 1727 jam
588 1648 697 1712 eodem
725 1649 817 1712 modo
837 1669 899 1732 quc
921 1653 1109 1731 posteriores
1131 1655 1207 1720 hanc

87 1757 278 1820 locutionem
310 1775 473 1838 usurpasse
493 1757 663 1820 censendus
685 1764 738 1820 cst
781 1758 940 1820 Praeterea
960 1759 1109 1822 neminem
1132 1763 1208 1843 fugit

86 1863 121 1925 in
143 1863 238 1926 latino
260 1883 409 1942 sermone,
439 1866 617 1945 aquationis
645 1864 795 1928 vocabulo
825 1871 986 1948 utrumque
1007 1868 1207 1948 significatum

86 1972 250 2036 contineri.
294 1973 363 2035 Vid.
392 1973 520 2054 interpp.
548 1973 586 2034 ad
609 1972 672 2036 Cic.
700 1975 739 2035 de
761 1975 815 2036 oli.
838 1973 886 2048 111,
909 1975 957 2035 14.
997 1977 1044 2037 ί)ε
1060 1974 1131 2038 ίοοο
1154 1978 1207 2059 qui

87 2085 158 2141 erat
178 2099 276 2160 prope
301 2079 437 2143 Aradum
458 2081 643 2144 Phoenicum
672 2081 813 2158 insulam,
842 2081 894 2142 nbi
917 2080 1016 2144 dulcis
1036 2103 1115 2165 aqua
1136 2085 1207 2148 lau·

85 2185 226 2250 aiebatur
248 2187 414 2252 audiendus
434 2188 546 2250 Strabo
569 2189 729 2264 lib.XV1,
756 2209 786 2269 p.
809 2190 870 2254 753
893 2189 940 2250 ed.
964 2190 1108 2254 eamus:
1142 2189 1205 2274 Τὴν

86 2291 119 2356 δ’
155 2295 277 2378 ὑδρείαν
307 2295 360 2379 τὴν
390 2295 445 2380 μὲν
477 2293 512 2358 ἐκ
540 2293 773 2379 τῶν·ὑμβρίιυν
807 2294 859 2356 καί
891 2295 1047 2360 λακκαίιυν
1086 2298 1205 2362 ὑδάτων

86 2399 213 2487 ἔχουσι,
232 2401 285 2485 τὴν
310 2399 338 2464 δ’
363 2401 398 2466 ἐκ
419 2407 473 2487 τῆς
493 2404 639 2487 περαίας·
663 2399 694 2463 ἐν
719 2399 754 2462 δὲ
773 2403 836 2469 τοῖς
854 2401 1003 2492 πολέμοις
1024 2403 1059 2467 ἐκ
1077 2407 1132 2468 τοὺ
1152 2405 1205 2469 nd.

87 2530 151 2594 ρου
178 2509 283 2594 μικρὸν
305 2510 366 2595 πρὸ
387 2513 441 2595 τῆς
458 2509 582 2579 πόλεως
596 2507 783 2593 ὑδρεύονται,
797 2509 897 2592 πηγὴν
921 2506 1046 2594 ἔχοντος
1064 2509 1204 2598 άφθὺνυυ

85 2615 214 2692 ὕδατος,
238 2617 281 2686 είς
312 2617 349 2700 ἣν
377 2617 689 2703 περικαταυτρέρεται
716 2616 867 2701 κλίβανος,
899 2616 1043 2687 καθεθεὶς
1065 2619 1126 2682 ἀπὸ
1149 2621 1204 2684 τοὺ

83 2723 300 2807 ὑδρευομένου
333 2727 479 2811 σκάφους,
501 2723 668 2810 μολυβοὺς,
691 2721 888 2806 εὑράστυμος,
912 2721 956 2792 εἰς
975 2722 1116 2806 πυθμένα
1138 2747 1205 2788 ουν-

83 2829 225 2916 ηγμένυς
257 2832 379 2916 στενόν,
409 2832 520 2919 ἔχοντα
545 2835 647 2916 τρῆμα
678 2829 809 2914 μέτριον.
862 2827 916 2916 Τῷ
937 2830 972 2894 δὲ
995 2829 1127 2914 πυθμένι
1153 2853 1204 2895 πε·
1302 2866 1307 2878 ·

83 2937 281 3026 ριάτφιγκται
304 2941 408 3023 σωλὴν
439 2939 585 3016 οκὺτινος,
618 2938 679 3001 εἴτε
710 2938 842 3024 άοκιυμα
870 2939 919 3001 δεῖ
944 2937 1053 3020 λέγειν,
1078 2939 1095 3000 ὑ
1118 2938 1205 3024 aepl-

82 3069 183 3132 μενος
204 3048 239 3111 τὸ
261 3046 504 3133 ἀναθλιβὺμενον
536 3045 571 3110 ἐκ
599 3050 652 3130 τῆς
673 3049 773 3129 πηγῆς
795 3045 845 3109 διὰ
868 3048 923 3108 τοὺ
943 3045 1088 3130 κλιβάνου
1111 3045 1205 3130 ὕδωρ.

81 3153 134 3220 Τὸ
157 3157 212 3240 μὲν
235 3153 289 3219 οὑν
318 3155 482 3240 ιίναθλιβὲν
504 3160 626 3239 πρῶτον
657 3155 691 3217 τὸ
713 3157 767 3237 τῆς
791 3153 952 3235 θαλάσσης
973 3151 1051 3215 ἐστί·
1073 3153 1205 3238 περιμεί-

81 3283 195 3330 ναντες
218 3263 253 3325 δὲ
277 3263 330 3347 τὴν
353 3266 407 3326 τοὺ
425 3263 566 3347 καθαροῦ
585 3263 636 3326 καλ
655 3261 785 3344 ποτίμου
810 3261 921 3329 ὕδατος
944 3260 1044 3345 'paeon
1069 3261 1204 3343 ὑπολαμ·

81 3371 234 3458 βάνουοτν
257 3369 301 3440 εἰς
319 3371 426 3454 ἀγγεῖα
438 3367 714 3455 παρεσκευασμένα
736 3367 808 3432 θεον
833 3367 869 3431 ἂν
892 3367 961 3452 δέῃ,
981 3371 1032 3432 καὶ
1051 3367 1205 3453 πορθμεὺ·

81 3497 177 3542 ουσιν
208 3478 252 3546 είς
278 3478 332 3561 τὴν
360 3476 459 3542 πόλιν.
508 3477 624 3541 Plinius
653 3477 743 3540 etiam
764 3476 822 3542 lib.
846 3478 884 3548 V,
905 3477 964 3540 31:
986 3515 1054 3528 -
1075 3476 1204 3553 Aradus,

80 3589 169 3652 inter
192 3605 283 3667 quam
308 3593 338 3648 et
363 3586 566 3650 continentem
594 3583 809 3668 quinquaginta
837 3584 939 3647 cubita
968 3585 1030 3646 alto
1056 3581 1131 3646 mari
1159 3584 1208 3661 (ut

82 3699 202 3758 auctor
232 3699 278 3756 cst
299 3695 472 3776 Mucianus)
501 3715 518 3757 e
547 3696 632 3758 fonte
657 3693 752 3756 dulcis
780 3712 872 3775 aqua,
900 3691 974 3754 tubo
1006 3690 1098 3753 coriis
1116 3691 1207 3766 iacto,

82 3820 193 3882 usque
214 3820 232 3861 a
252 3801 331 3864 vado
358 3803 492 3866 trahitur.
544 3803 633 3865 Adde
654 3804 773 3864 Lucret.
797 3801 847 3863 lib.
869 3802 919 3878 Vl,
944 3801 1006 3863 888
1017 3818 1101 3879 seqq.
1145 3797 1207 3860 Sed

79 3927 191 3992 prope
221 3908 397 3972 Heracleam
426 3911 581 3974 Ponticam
609 3911 703 3974 luisse
730 3911 844 3972 iontem
870 3907 966 3970 dulcis
995 3907 1118 3968 linuatus
1143 3905 1206 3966 slve

81 4015 285 4098 aquationem
307 4035 397 4086 nemo
424 4025 546 4098 praeter
575 4017 784 4081 Democritum
812 4017 931 4080 videtur
952 4012 1114 4076 memoriae
1136 4031 1208 4092 pro-

82 4128 176 4188 dere.
221 4125 282 4205 Qui
303 4123 383 4186 enim
406 4124 599 4188 inveniuntur
619 4125 681 4189 loci
710 4125 748 4186 de
769 4126 925 4188 Soonante
948 4123 1011 4186 sive
1035 4121 1208 4183 Acheronte

78 4231 186 4296 fluvio
213 4232 413 4294 subterraneo
446 4233 528 4296 circa
556 4233 733 4295 Heracleam
757 4253 774 4295 e
799 4251 895 4312 specu
922 4229 1089 4294 Acherusia
1110 4247 1209 4290 cruru-
