2932 4862
301 321 364 386 did
624 321 820 385 timentium
847 321 1078 378 marcentem·

302 491 465 568 videretur,
487 491 599 570 ttguras
618 495 652 550 ut
672 491 843 550 atomorum
862 487 1013 568 proprias,
1032 485 1163 566 ejrudem
1182 477 1311 550 veritatis
1325 509 1383 568 par-

303 600 412 680 ticipes
435 619 503 662 esse
527 597 586 660 sibi
617 601 824 677 persuaserat:
851 603 882 658 at
910 595 1041 672 colores,
1069 615 1192 676 sapores
1213 604 1242 660 et
1260 597 1386 678 quidquid

303 707 441 770 sensibus
465 705 650 790 percipimus
669 722 731 766 non
753 721 820 765 esse
841 703 899 766 nisi
918 711 1065 786 quotenus
1085 705 1124 766 ad
1145 703 1201 766 alia
1224 706 1386 766 referrentur

303 821 392 896 atque
422 815 454 876 in
488 813 555 876 aliis
583 818 686 876 essent
714 809 963 892 praecepit'⁴⁸).
1015 811 1217 893 Quamobrem
1248 813 1387 874 obscuram

303 921 425 986 vomuit
448 941 549 984 rerum
581 919 784 1000 cognitionem
811 937 889 1000 quae
910 919 1050 981 sensibus
1070 926 1232 999 pararetur,
1252 920 1387 1000 genuinum

303 1049 394 1112 quam
414 1026 523 1090 mentis
545 1045 606 1107 opo
634 1045 906 1108 consequeremur;
934 1026 1065 1109 ideoque
1084 1024 1135 1089 ubi
1157 1028 1291 1107 corporis
1309 1027 1388 1088 nostri

304 1155 410 1200 sensus
423 1153 484 1198 non
500 1135 683 1210 striiiccrent,
702 1134 741 1196 ad
760 1134 907 1197 rationem
927 1153 995 1198 esse
1009 1134 1242 1215 confugiendum
1261 1136 1388 1198 existima-

302 1241 439 1322 vit¹⁴’).
480 1242 549 1304 Nec
570 1241 686 1304 mirum.
727 1239 831 1305 Atcmi
858 1242 936 1304 enim
964 1243 1062 1304 omnis
1083 1242 1281 1308 concretionis
1302 1263 1388 1322 exper-

302 1359 349 1414 tes
371 1359 401 1412 et
423 1349 489 1412 scin
515 1348 623 1412 mentis
647 1347 713 1411 acic
743 1348 991 1429 contemplandae
1018 1357 1052 1412 ut
1079 1369 1187 1412 omncs
1208 1351 1331 1413 veritatis
1348 1369 1389 1411 nu-

302 1478 404 1520 meros
426 1457 588 1533 continent,
611 1456 651 1517 ita
673 1456 819 1539 quidquid
845 1475 951 1519 verum
973 1473 1041 1518 esse
1060 1458 1236 1535 perhibetur
1253 1459 1289 1520 ad
1308 1475 1388 1519 carun

303 1563 526 1628 similitudinem
547 1563 692 1626 accedere
712 1581 770 1627 nec
790 1564 848 1626 nisi
868 1570 967 1624 mente
985 1563 1173 1626 considerari
1195 1573 1317 1647 oportet
1343 1565 1389 1626 Ne

302 1691 363 1754 qno
384 1672 463 1734 enim
490 1673 631 1752 corporis
657 1689 764 1732 seusus
792 1670 905 1734 auxilio
936 1669 1066 1732 vocandi
1096 1679 1169 1734 sunt
1196 1674 1252 1736 nisi
1272 1673 1300 1734 in
1318 1671 1389 1732 rebus

301 1779 459 1859 corporeis
480 1785 570 1859 atque
584 1778 699 1840 idcirco
716 1776 856 1840 obscuris
868 1777 876 1811 ¹
888 1775 949 1858 ⁵⁰).
991 1779 1100 1861 Neque
1122 1781 1221 1844 oculis
1242 1789 1271 1844 ct
1289 1779 1389 1842 nuribus

302 1886 406 1954 ridere
426 1893 457 1948 et
478 1887 583 1948 andire
604 1903 773 1966 possemus,
794 1884 852 1947 uisi
872 1905 973 1948 rerum
995 1905 1216 1967 corporesnrm
1234 1888 1344 1950 effluvia
1361 1885 1389 1946 ad

301 1999 430 2056 mentem
443 1999 645 2074 penetrarent
688 1993 750 2056 Sed
771 2013 863 2076 quum
885 1993 1030 2075 quidquid
1049 1995 1164 2059 scimus
1183 2002 1214 2058 et
1232 1995 1390 2059 somniamus

301 2101 462 2182 muginum
484 2111 515 2163 et
537 2101 728 2165 effluviorurn
749 2101 922 2164 incursione
944 2102 1121 2166 inanimum
1141 2111 1278 2167 nostrum
1297 2103 1389 2165 illatum

301 2211 351 2286 sit,
372 2209 494 2272 effluvia
516 2221 615 2272 autem
636 2215 667 2270 et
685 2208 829 2288 imagines
853 2227 891 2270 ex
917 2211 1025 2273 atomis
1045 2217 1198 2288 constent,
1223 2213 1313 2293 ipsam
1330 2209 1390 2270 veri

300 2325 391 2382 tatem
413 2317 524 2380 intueri
551 2335 718 2396 possemus,
749 2317 776 2378 si
803 2317 963 2380 simulacre
985 2319 1070 2380 nullo
1101 2321 1245 2400 corporis
1272 2335 1388 2383 sensuum

301 2428 471 2490 interventu
495 2425 615 2486 turbata
642 2423 672 2484 in
699 2424 831 2486 animum
860 2425 1102 2490 esubtilissimis
1123 2431 1286 2491 confictum
1304 2425 1388 2488 atomis

300 2535 504 2598 iilnberentnr.
548 2533 626 2594 Tum
656 2531 735 2594 enim
763 2533 897 2595 venetis
926 2534 1060 2614 cognitio
1088 2541 1260 2600 atomorum
1280 2535 1389 2598 similitu
1417 2585 1418 2612 ,

301 2641 370 2704 dine
392 2641 546 2704 niteretur.
590 2639 704 2702 Sensus
731 2639 830 2720 igitur,
853 2661 931 2722 quos
959 2641 1169 2706 tenebricosos
1199 2645 1327 2708 nominat
1344 2645 1389 2702 Dc
1417 2631 1418 2724 i

301 2748 447 2811 mocritus
468 2767 516 2828 ap.
538 2747 602 2810 Cic.
623 2747 718 2810 Acad.
739 2752 833 2826 prior.
851 2750 886 2826 11,
910 2770 935 2812 c.
958 2751 998 2813 23
1022 2749 1112 2811 adid
1135 2753 1221 2831 quod
1241 2771 1338 2814 verum
1356 2755 1388 2810 est

300 2855 484 2919 cernendum
503 2873 566 2916 non
588 2855 682 2935 magis
701 2863 839 2935 prosunt,
859 2877 948 2939 quem
967 2859 1088 2920 obsunt
1131 2858 1191 2921 Hic
1209 2879 1269 2923 non
1290 2877 1387 2927 vereor,

299 2983 337 3026 nc
360 2963 428 3045 quis
451 2961 532 3024 dicct
546 2963 675 3024 animum
707 2981 723 3024 e
750 2965 918 3027 Democriti
940 2965 1060 3045 placitis
1080 2973 1115 3030 ut
1134 2973 1305 3031 atomorum
1325 2985 1389 3028 cout-

298 3090 405 3152 pagem
426 3089 487 3132 non
509 3089 576 3132 esse
608 3070 664 3132 nisi
687 3089 800 3151 corpus
825 3071 956 3154 ideoque
981 3073 1021 3135 ad
1049 3093 1154 3138 verum
1182 3075 1388 3157 percipiendum

298 3197 360 3240 non
381 3179 529 3258 aptiorem
551 3198 640 3260 quam
670 3197 799 3259 corpus;
821 3179 967 3261 siquidem
995 3181 1153 3266 utriusque
1184 3185 1339 3247 discrimen
1361 3197 1388 3241 cx

369 3373 425 3437 Μ)
446 3375 547 3439 Frogm.
564 3376 640 3441 phys.
658 3373 699 3427 Ἃ

369 3466 425 3528 ¹⁴⁹)
446 3465 547 3532 Frugm.
565 3469 641 3533 phys.
664 3468 686 3530 t,
707 3483 732 3533 p.
751 3466 808 3519 ι206.

370 3555 425 3622 ¹⁵⁰)
444 3559 488 3608 Sic
508 3561 610 3623 explico
634 3561 742 3611 Dictimi
770 3561 804 3612 dc
827 3559 982 3610 Democrito
1000 3563 1183 3613 testiinonium
1205 3565 1277 3628 apud
1296 3565 1387 3614 sertum

297 3638 459 3703 Empiricum
476 3641 535 3690 ndu.
555 3641 635 3691 math.
655 3639 698 3692 lib.
720 3643 774 3704 vlt,
794 3643 817 3705 g.
836 3637 892 3703 tto,
917 3653 975 3705 pag.
995 3637 1046 3692 400
1064 3643 1105 3694 ed.
1126 3643 1215 3696 Febr:
1239 3639 1351 3708 Διότιμος
1367 3635 1387 3684 δὲ

297 3717 353 3790 τρία
371 3716 431 3770 κατ’
454 3715 532 3770 αὐτὸν
552 3717 637 3789 ἔλεγεν
658 3719 722 3773 εἶναι
747 3721 872 3792 κριτήρια,
897 3723 943 3791 τῆς
966 3720 1013 3788 μὲν
1031 3727 1084 3774 τῶν
1104 3721 1210 3794 ἀδήλων
1231 3720 1387 3792 arrd-sidtu:

297 3798 329 3850 nd
351 3797 504 3869 φαινόμινα,
526 3797 562 3857 ὥς
581 3817 658 3871 φησιν
676 3799 862 3872 Ἀναξαγόρας,
892 3799 920 3853 ὃν
950 3800 991 3854 ἐπὶ
1014 3801 1100 3872 rodrcp
1118 3799 1280 3874 Δημόκριτας
1299 3800 1387 3852 inritet
1417 3807 1418 3812 ¹

297 3881 405 3944 Reliqua
426 3895 494 3946 quae
515 3882 607 3946 adjicit
634 3883 685 3933 huc
709 3897 762 3934 non
789 3884 930 3947 pertinent.
970 3885 1038 3934 Sunt
1057 3888 1148 3934 autem
1165 3885 1244 3936 haec:
1271 3880 1387 3951 insisto:

297 3956 324 4009 bi
347 3959 393 4030 τὴν
422 3959 521 4011 tructas
553 3961 619 4031 (napi
641 3960 735 4019 παντὸς
758 3963 806 4034 γὰρ
827 3961 849 4014 ὦ
875 3967 923 4013 παῖ
948 3963 992 4030 μία
1012 3961 1079 4035 cip-sip
1098 3962 1126 4014 τὸ
1147 3961 1249 4024 εἰδέναι,
1268 3963 1323 4032 περὶ
1339 3956 1386 4008 dt‘e't

296 4037 363 4088 ἐστὶν
380 4039 396 4110 ἡ
417 4039 543 4110 diremti·
564 4040 686 4112 αἱρέσεως
705 4042 732 4094 δὲ
749 4044 794 4094 aui
813 4047 894 4114 φυγῆς
914 4042 947 4093 τὰ
964 4025 1105 4112 nddps'l'd
1120 4043 1167 4111 piu
1185 4044 1243 4114 γάρ,
1263 4037 1285 4113 api
1302 4055 1385 4110 npetu·

294 4117 445 4185 arto-iptio,
458 4124 535 4172 τοῦτο
551 4119 649 4192 αἱρετόν
671 4123 752 4175 ἐστιν·
769 4122 798 4176 τὸ
815 4123 851 4187 δὲ,
870 4119 892 4194 qi
909 4120 1187 4194 rporaidorprodpedu,
1201 4128 1276 4176 τοῦτο
1293 4115 1384 4194 φευκτόν

295 4195 372 4248 ἐστιν.
409 4203 437 4250 ln
456 4200 497 4250 bis
516 4203 606 4254 verbis
626 4219 657 4255 en
678 4219 748 4268 quoe
766 4208 843 4257 trucis
862 4207 1018 4256 inclusimus
1045 4207 1127 4270 petita
1145 4207 1269 4256 ridentur
1288 4219 1319 4255 en
1334 4201 1384 4251 Ptnt

294 4275 405 4326 Phaedr.
424 4292 450 4340 p.
471 4276 529 4330 237.
539 4281 563 4331 b.
584 4285 624 4334 cd.
645 4285 734 4348 steph.
774 4286 898 4338 Extrema
917 4287 951 4338 ed
969 4300 1059 4339 mores
1078 4287 1219 4338 referende
1236 4289 1305 4338 sunt.
