<?xml version="1.0" encoding="UTF-8"?>
<!DOCTYPE html PUBLIC "-//W3C//DTD XHTML 1.0 Transitional//EN"
    "http://www.w3.org/TR/xhtml1/DTD/xhtml1-transitional.dtd">
<html xmlns="http://www.w3.org/1999/xhtml" xml:lang="en" lang="en">
 <head>
  <title>
</title>
<meta http-equiv="Content-Type" content="text/html;charset=utf-8" />
  <meta name='ocr-system' content='tesseract 3.04.00' />
  <meta name='ocr-capabilities' content='ocr_page ocr_carea ocr_par ocr_line ocrx_word'/>
</head>
<body>
  <div class='ocr_page' id='page_1' title='image "./democritiabderi00mullgoog_0377.png"; bbox 0 0 2932 4862; ppageno 0'>
   <div class='ocr_carea' id='block_1_1' title="bbox 320 265 1103 374">
    <p class='ocr_par' dir='ltr' id='par_1_1' title="bbox 320 265 1103 374">
     <span class='ocr_line' id='line_1_1' title="bbox 320 265 1103 374; baseline 0.006 -8"><span class='ocrx_word' id='word_1_1' title='bbox 320 265 385 372; x_wconf 57' lang='grc'>356</span> <span class='ocrx_word' id='word_1_2' title='bbox 653 309 851 374; x_wconf 67' lang='lat' dir='ltr'><strong>(lunationum</strong></span> <span class='ocrx_word' id='word_1_3' title='bbox 869 311 1103 370; x_wconf 76' lang='grc' dir='ltr'>Βσιιοσιὶιαιτυιι</span> 
     </span>
    </p>
   </div>
   <div class='ocr_carea' id='block_1_2' title="bbox 323 475 1429 4314">
    <p class='ocr_par' dir='ltr' id='par_1_2' title="bbox 323 475 1429 4314">
     <span class='ocr_line' id='line_1_2' title="bbox 323 475 1396 566; baseline 0.005 -28"><span class='ocrx_word' id='word_1_4' title='bbox 323 476 438 557; x_wconf 76' lang='lat' dir='ltr'><strong>pinasti</strong></span> <span class='ocrx_word' id='word_1_5' title='bbox 459 477 532 542; x_wconf 82' lang='lat' dir='ltr'><strong>loco</strong></span> <span class='ocrx_word' id='word_1_6' title='bbox 556 495 573 539; x_wconf 86' lang='grc' dir='ltr'>ε</span> <span class='ocrx_word' id='word_1_7' title='bbox 599 475 651 540; x_wconf 90' lang='lat' dir='ltr'><strong>lib.</strong></span> <span class='ocrx_word' id='word_1_8' title='bbox 679 479 718 542; x_wconf 82' lang='lat' dir='ltr'>de</span> <span class='ocrx_word' id='word_1_9' title='bbox 733 477 880 542; x_wconf 86' lang='lat' dir='ltr'><strong>odoribus</strong></span> <span class='ocrx_word' id='word_1_10' title='bbox 901 499 967 560; x_wconf 79' lang='grc' dir='ltr'>ουρ.</span> <span class='ocrx_word' id='word_1_11' title='bbox 988 482 1046 546; x_wconf 77' lang='grc' dir='ltr'>64ε</span> <span class='ocrx_word' id='word_1_12' title='bbox 1079 480 1110 542; x_wconf 91' lang='grc' dir='ltr'>τί</span> <span class='ocrx_word' id='word_1_13' title='bbox 1125 480 1162 565; x_wconf 83' lang='grc' dir='ltr'>δή</span> <span class='ocrx_word' id='word_1_14' title='bbox 1187 503 1258 545; x_wconf 85' lang='grc' dir='ltr'>ποτε</span> <span class='ocrx_word' id='word_1_15' title='bbox 1279 479 1396 566; x_wconf 80' lang='grc' dir='ltr'>Δημύιρι·</span> 
     </span>
     <span class='ocr_line' id='line_1_3' title="bbox 324 582 1398 672; baseline 0.006 -27"><span class='ocrx_word' id='word_1_16' title='bbox 324 605 376 652; x_wconf 90' lang='grc' dir='ltr'>τος</span> <span class='ocrx_word' id='word_1_17' title='bbox 391 582 465 652; x_wconf 84' lang='grc' dir='ltr'>τούς</span> <span class='ocrx_word' id='word_1_18' title='bbox 485 583 539 669; x_wconf 81' lang='grc' dir='ltr'>μέν</span> <span class='ocrx_word' id='word_1_19' title='bbox 560 584 676 671; x_wconf 79' lang='grc' dir='ltr'><strong>χυλοὺς</strong></span> <span class='ocrx_word' id='word_1_20' title='bbox 697 585 775 672; x_wconf 77' lang='grc' dir='ltr'>πρὸς</span> <span class='ocrx_word' id='word_1_21' title='bbox 800 586 854 669; x_wconf 72' lang='grc' dir='ltr'>τὴν</span> <span class='ocrx_word' id='word_1_22' title='bbox 876 590 979 669; x_wconf 81' lang='grc' dir='ltr'>γεῦσιν</span> <span class='ocrx_word' id='word_1_23' title='bbox 1002 587 1182 667; x_wconf 81' lang='grc' dir='ltr'>ἀποδίδωσι,</span> <span class='ocrx_word' id='word_1_24' title='bbox 1210 589 1262 659; x_wconf 77' lang='grc' dir='ltr'>τὰς</span> <span class='ocrx_word' id='word_1_25' title='bbox 1285 589 1310 653; x_wconf 83' lang='grc' dir='ltr'>δ’</span> <span class='ocrx_word' id='word_1_26' title='bbox 1326 589 1398 671; x_wconf 75' lang='grc' dir='ltr'>ίισμλς</span> 
     </span>
     <span class='ocr_line' id='line_1_4' title="bbox 324 689 1399 780; baseline 0.003 -26"><span class='ocrx_word' id='word_1_27' title='bbox 324 689 456 759; x_wconf 78' lang='grc' dir='ltr'>καὶτὰς</span> <span class='ocrx_word' id='word_1_28' title='bbox 482 689 581 776; x_wconf 86' lang='grc' dir='ltr'>χρύας</span> <span class='ocrx_word' id='word_1_29' title='bbox 609 691 669 776; x_wconf 84' lang='grc' dir='ltr'>οὐχ</span> <span class='ocrx_word' id='word_1_30' title='bbox 695 691 811 775; x_wconf 81' lang='grc' dir='ltr'>ὁμοίως</span> <span class='ocrx_word' id='word_1_31' title='bbox 839 695 916 778; x_wconf 80' lang='grc' dir='ltr'>πρὸς</span> <span class='ocrx_word' id='word_1_32' title='bbox 945 693 1148 779; x_wconf 76' lang='grc' dir='ltr'>ὑποκειμένας</span> <span class='ocrx_word' id='word_1_33' title='bbox 1170 696 1330 780; x_wconf 71' lang='grc' dir='ltr'>αἰσθήσειςς</span> <span class='ocrx_word' id='word_1_34' title='bbox 1354 695 1399 758; x_wconf 77' lang='grc' dir='ltr'>ἔδει</span> 
     </span>
     <span class='ocr_line' id='line_1_5' title="bbox 325 795 1399 888; baseline 0.005 -29"><span class='ocrx_word' id='word_1_35' title='bbox 325 796 382 880; x_wconf 79' lang='grc' dir='ltr'>γὰρ</span> <span class='ocrx_word' id='word_1_36' title='bbox 403 795 517 862; x_wconf 81' lang='grc' dir='ltr'>ἐκτῶν</span> <span class='ocrx_word' id='word_1_37' title='bbox 539 799 706 883; x_wconf 81' lang='grc' dir='ltr'>σχημάτων</span> <span class='ocrx_word' id='word_1_38' title='bbox 728 799 774 863; x_wconf 83' lang='lat' dir='ltr'>sie</span> <span class='ocrx_word' id='word_1_39' title='bbox 794 801 888 864; x_wconf 80' lang='lat' dir='ltr'><strong>scribi</strong></span> <span class='ocrx_word' id='word_1_40' title='bbox 907 802 987 866; x_wconf 85' lang='lat' dir='ltr'><strong>vult:</strong></span> <span class='ocrx_word' id='word_1_41' title='bbox 1007 799 1083 885; x_wconf 82' lang='grc' dir='ltr'>Περὶ</span> <span class='ocrx_word' id='word_1_42' title='bbox 1102 803 1138 865; x_wconf 82' lang='grc' dir='ltr'>δέ</span> <span class='ocrx_word' id='word_1_43' title='bbox 1161 803 1256 888; x_wconf 73' lang='grc' dir='ltr'>ὀδμῆς</span> <span class='ocrx_word' id='word_1_44' title='bbox 1274 826 1399 888; x_wconf 84' lang='grc' dir='ltr'>προσαρι-</span> 
     </span>
     <span class='ocr_line' id='line_1_6' title="bbox 326 903 1400 994; baseline 0.002 -24"><span class='ocrx_word' id='word_1_45' title='bbox 326 908 411 993; x_wconf 75' lang='grc' dir='ltr'>ρίίει,</span> <span class='ocrx_word' id='word_1_46' title='bbox 435 903 516 970; x_wconf 77' lang='grc' dir='ltr'>ἀλλὰ</span> <span class='ocrx_word' id='word_1_47' title='bbox 536 906 606 990; x_wconf 78' lang='grc' dir='ltr'>περὶ</span> <span class='ocrx_word' id='word_1_48' title='bbox 628 905 744 970; x_wconf 85' lang='grc' dir='ltr'>τούτων</span> <span class='ocrx_word' id='word_1_49' title='bbox 766 907 821 990; x_wconf 79' lang='grc' dir='ltr'>μὲν</span> <span class='ocrx_word' id='word_1_50' title='bbox 845 906 906 994; x_wconf 88' lang='grc' dir='ltr'>ούχ</span> <span class='ocrx_word' id='word_1_51' title='bbox 929 911 1033 994; x_wconf 83' lang='grc' dir='ltr'>ὥσπερ</span> <span class='ocrx_word' id='word_1_52' title='bbox 1052 910 1121 993; x_wconf 82' lang='grc' dir='ltr'>περὶ</span> <span class='ocrx_word' id='word_1_53' title='bbox 1143 916 1203 974; x_wconf 82' lang='grc' dir='ltr'>τῖον</span> <span class='ocrx_word' id='word_1_54' title='bbox 1222 909 1327 988; x_wconf 78' lang='grc' dir='ltr'>ἄλλων,</span> <span class='ocrx_word' id='word_1_55' title='bbox 1342 911 1400 992; x_wconf 78' lang='grc' dir='ltr'>πλὴν</span> 
     </span>
     <span class='ocr_line' id='line_1_7' title="bbox 325 1013 1429 1098; baseline 0.001 -21"><span class='ocrx_word' id='word_1_56' title='bbox 325 1014 470 1078; x_wconf 80' lang='grc' dir='ltr'>ποσοῖτύν</span> <span class='ocrx_word' id='word_1_57' title='bbox 498 1035 533 1097; x_wconf 86' lang='grc' dir='ltr'>γε</span> <span class='ocrx_word' id='word_1_58' title='bbox 562 1013 700 1098; x_wconf 81' lang='grc' dir='ltr'>εἴρηκεν,</span> <span class='ocrx_word' id='word_1_59' title='bbox 734 1013 779 1076; x_wconf 80' lang='grc' dir='ltr'>ὅτι</span> <span class='ocrx_word' id='word_1_60' title='bbox 808 1015 842 1078; x_wconf 82' lang='grc' dir='ltr'>τὸ</span> <span class='ocrx_word' id='word_1_61' title='bbox 867 1017 977 1079; x_wconf 83' lang='grc' dir='ltr'>λεπτὸν</span> <span class='ocrx_word' id='word_1_62' title='bbox 999 1037 1027 1078; x_wconf 85' lang='grc' dir='ltr'>κ.</span> <span class='ocrx_word' id='word_1_63' title='bbox 1052 1037 1078 1080; x_wconf 91' lang='grc' dir='ltr'>τ.</span> <span class='ocrx_word' id='word_1_64' title='bbox 1100 1018 1129 1079; x_wconf 91' lang='grc' dir='ltr'>λ.</span> <span class='ocrx_word' id='word_1_65' title='bbox 1167 1018 1274 1082; x_wconf 76' lang='grc' dir='ltr'>Μελίαν</span> <span class='ocrx_word' id='word_1_66' title='bbox 1294 1019 1401 1081; x_wconf 76' lang='lat' dir='ltr'><strong>lacunam</strong></span> <span class='ocrx_word' id='word_1_67' title='bbox 1428 1091 1429 1094; x_wconf 8' lang='grc' dir='ltr'><strong>Ἴ</strong></span> 
     </span>
     <span class='ocr_line' id='line_1_8' title="bbox 326 1121 1400 1206; baseline -0.002 -20"><span class='ocrx_word' id='word_1_68' title='bbox 326 1123 552 1206; x_wconf 82' lang='lat' dir='ltr'><strong>Phiiippsonius</strong></span> <span class='ocrx_word' id='word_1_69' title='bbox 583 1121 729 1204; x_wconf 81' lang='lat' dir='ltr'><strong>explevit,</strong></span> <span class='ocrx_word' id='word_1_70' title='bbox 758 1121 811 1204; x_wconf 90' lang='lat' dir='ltr'>qui</span> <span class='ocrx_word' id='word_1_71' title='bbox 839 1125 1021 1205; x_wconf 74' lang='lat' dir='ltr'><strong>comparatis</strong></span> <span class='ocrx_word' id='word_1_72' title='bbox 1046 1125 1249 1206; x_wconf 72' lang='lat' dir='ltr'><strong>Theophrasti</strong></span> <span class='ocrx_word' id='word_1_73' title='bbox 1274 1125 1361 1189; x_wconf 82' lang='lat' dir='ltr'><strong>verbis</strong></span> <span class='ocrx_word' id='word_1_74' title='bbox 1376 1144 1400 1185; x_wconf 84' lang='lat' dir='ltr'><strong>u</strong></span> 
     </span>
     <span class='ocr_line' id='line_1_9' title="bbox 325 1228 1402 1315; baseline -0.006 -19"><span class='ocrx_word' id='word_1_75' title='bbox 325 1231 434 1296; x_wconf 84' lang='lat' dir='ltr'><strong>eodem</strong></span> <span class='ocrx_word' id='word_1_76' title='bbox 454 1231 493 1292; x_wconf 83' lang='lat' dir='ltr'>de</span> <span class='ocrx_word' id='word_1_77' title='bbox 512 1249 603 1294; x_wconf 84' lang='lat' dir='ltr'><strong>sensu</strong></span> <span class='ocrx_word' id='word_1_78' title='bbox 618 1237 649 1292; x_wconf 80' lang='lat' dir='ltr'>et</span> <span class='ocrx_word' id='word_1_79' title='bbox 668 1230 829 1293; x_wconf 82' lang='lat' dir='ltr'><strong>sensilibus</strong></span> <span class='ocrx_word' id='word_1_80' title='bbox 850 1229 931 1292; x_wconf 90' lang='lat' dir='ltr'><strong>libro</strong></span> <span class='ocrx_word' id='word_1_81' title='bbox 954 1228 982 1315; x_wconf 69' lang='lat'>§-</span> <span class='ocrx_word' id='word_1_82' title='bbox 1006 1233 1045 1294; x_wconf 80' lang='lat'>57</span> <span class='ocrx_word' id='word_1_83' title='bbox 1065 1231 1185 1313; x_wconf 79' lang='lat' dir='ltr'><strong>(fragm</strong></span> <span class='ocrx_word' id='word_1_84' title='bbox 1209 1234 1275 1312; x_wconf 79' lang='lat'>18):</span> <span class='ocrx_word' id='word_1_85' title='bbox 1294 1231 1402 1312; x_wconf 72' lang='grc' dir='ltr'>καὶπερὶ</span> 
     </span>
     <span class='ocr_line' id='line_1_10' title="bbox 326 1335 1401 1424; baseline -0.005 -21"><span class='ocrx_word' id='word_1_86' title='bbox 326 1340 381 1423; x_wconf 75' lang='grc' dir='ltr'>μὲν</span> <span class='ocrx_word' id='word_1_87' title='bbox 405 1335 579 1424; x_wconf 76' lang='grc' dir='ltr'>ὄψεωςκαὶ</span> <span class='ocrx_word' id='word_1_88' title='bbox 600 1335 696 1420; x_wconf 79' lang='grc' dir='ltr'>ἀκοῆς</span> <span class='ocrx_word' id='word_1_89' title='bbox 716 1335 814 1405; x_wconf 79' lang='grc' dir='ltr'>οὕτως</span> <span class='ocrx_word' id='word_1_90' title='bbox 835 1337 1022 1402; x_wconf 79' lang='grc' dir='ltr'>ἀποδίδωσι·</span> <span class='ocrx_word' id='word_1_91' title='bbox 1044 1337 1097 1406; x_wconf 82' lang='grc' dir='ltr'>τὰς</span> <span class='ocrx_word' id='word_1_92' title='bbox 1119 1335 1150 1400; x_wconf 85' lang='grc' dir='ltr'>δ’</span> <span class='ocrx_word' id='word_1_93' title='bbox 1170 1337 1265 1407; x_wconf 78' lang='grc' dir='ltr'>ἄλλας</span> <span class='ocrx_word' id='word_1_94' title='bbox 1278 1337 1401 1420; x_wconf 72' lang='grc' dir='ltr'>αἰσθήσεις</span> 
     </span>
     <span class='ocr_line' id='line_1_11' title="bbox 326 1443 1402 1533; baseline -0.004 -23"><span class='ocrx_word' id='word_1_95' title='bbox 326 1447 436 1533; x_wconf 72' lang='grc' dir='ltr'>σχεδὸν</span> <span class='ocrx_word' id='word_1_96' title='bbox 460 1443 569 1526; x_wconf 82' lang='grc' dir='ltr'>ὁμοίας</span> <span class='ocrx_word' id='word_1_97' title='bbox 593 1443 645 1526; x_wconf 80' lang='lat' dir='ltr'>(al.</span> <span class='ocrx_word' id='word_1_98' title='bbox 669 1443 799 1527; x_wconf 84' lang='grc' dir='ltr'>ὁμοίως)</span> <span class='ocrx_word' id='word_1_99' title='bbox 820 1448 906 1508; x_wconf 89' lang='grc' dir='ltr'>ποιεῖ</span> <span class='ocrx_word' id='word_1_100' title='bbox 924 1449 987 1514; x_wconf 90' lang='grc' dir='ltr'>τοῖς</span> <span class='ocrx_word' id='word_1_101' title='bbox 1002 1445 1157 1514; x_wconf 73' lang='grc' dir='ltr'>πλείστοις</span> <span class='ocrx_word' id='word_1_102' title='bbox 1177 1448 1226 1509; x_wconf 82' lang='lat' dir='ltr'>hic</span> <span class='ocrx_word' id='word_1_103' title='bbox 1245 1447 1402 1511; x_wconf 69' lang='lat' dir='ltr'><strong>sementum</strong></span> 
     </span>
     <span class='ocr_line' id='line_1_12' title="bbox 326 1549 1403 1636; baseline -0.002 -18"><span class='ocrx_word' id='word_1_104' title='bbox 326 1575 394 1620; x_wconf 84' lang='lat' dir='ltr'>esse</span> <span class='ocrx_word' id='word_1_105' title='bbox 413 1553 544 1634; x_wconf 78' lang='lat' dir='ltr'><strong>conjecit</strong></span> <span class='ocrx_word' id='word_1_106' title='bbox 572 1549 648 1635; x_wconf 82' lang='grc' dir='ltr'>Περὶ</span> <span class='ocrx_word' id='word_1_107' title='bbox 671 1551 706 1614; x_wconf 80' lang='grc' dir='ltr'>δὲ</span> <span class='ocrx_word' id='word_1_108' title='bbox 734 1551 831 1636; x_wconf 76' lang='grc' dir='ltr'>ὀσμῆς</span> <span class='ocrx_word' id='word_1_109' title='bbox 858 1553 1082 1636; x_wconf 76' lang='grc' dir='ltr'>προσαρορίζει</span> <span class='ocrx_word' id='word_1_110' title='bbox 1103 1551 1216 1636; x_wconf 83' lang='grc' dir='ltr'>σχεδὸν</span> <span class='ocrx_word' id='word_1_111' title='bbox 1239 1553 1344 1636; x_wconf 80' lang='grc' dir='ltr'>ὁμοίως</span> <span class='ocrx_word' id='word_1_112' title='bbox 1359 1555 1403 1616; x_wconf 75' lang='grc' dir='ltr'>τοῖς</span> 
     </span>
     <span class='ocr_line' id='line_1_13' title="bbox 324 1656 1401 1743; baseline -0.006 -19"><span class='ocrx_word' id='word_1_113' title='bbox 324 1663 494 1728; x_wconf 77' lang='grc' dir='ltr'>πλείστοις·</span> <span class='ocrx_word' id='word_1_114' title='bbox 522 1657 611 1720; x_wconf 79' lang='grc' dir='ltr'>οὐδὲν</span> <span class='ocrx_word' id='word_1_115' title='bbox 637 1656 696 1740; x_wconf 83' lang='grc' dir='ltr'>γὰρ</span> <span class='ocrx_word' id='word_1_116' title='bbox 728 1657 803 1722; x_wconf 82' lang='grc' dir='ltr'>’ίόιον</span> <span class='ocrx_word' id='word_1_117' title='bbox 835 1657 939 1742; x_wconf 79' lang='grc' dir='ltr'>εἴρηκέ</span> <span class='ocrx_word' id='word_1_118' title='bbox 964 1681 1010 1741; x_wconf 84' lang='grc' dir='ltr'>γε,</span> <span class='ocrx_word' id='word_1_119' title='bbox 1037 1680 1128 1743; x_wconf 78' lang='lat' dir='ltr'><strong>quam</strong></span> <span class='ocrx_word' id='word_1_120' title='bbox 1149 1662 1368 1724; x_wconf 81' lang='lat' dir='ltr'><strong>emendationem</strong></span> <span class='ocrx_word' id='word_1_121' title='bbox 1382 1660 1401 1718; x_wconf 90' lang='lat' dir='ltr'>in</span> 
     </span>
     <span class='ocr_line' id='line_1_14' title="bbox 326 1765 1401 1844; baseline -0.007 -13"><span class='ocrx_word' id='word_1_122' title='bbox 326 1777 438 1832; x_wconf 81' lang='lat' dir='ltr'><strong>textum</strong></span> <span class='ocrx_word' id='word_1_123' title='bbox 459 1765 596 1844; x_wconf 83' lang='lat' dir='ltr'><strong>recipere</strong></span> <span class='ocrx_word' id='word_1_124' title='bbox 618 1783 680 1826; x_wconf 88' lang='lat' dir='ltr'>non</span> <span class='ocrx_word' id='word_1_125' title='bbox 695 1765 904 1830; x_wconf 78' lang='lat' dir='ltr'><strong>dubitavimus,</strong></span> <span class='ocrx_word' id='word_1_126' title='bbox 934 1768 1033 1830; x_wconf 83' lang='lat' dir='ltr'><strong>Porro</strong></span> <span class='ocrx_word' id='word_1_127' title='bbox 1049 1769 1079 1830; x_wconf 94' lang='lat' dir='ltr'>in</span> <span class='ocrx_word' id='word_1_128' title='bbox 1102 1769 1205 1831; x_wconf 82' lang='lat' dir='ltr'><strong>verbis</strong></span> <span class='ocrx_word' id='word_1_129' title='bbox 1223 1767 1266 1832; x_wconf 82' lang='grc' dir='ltr'>ύτι</span> <span class='ocrx_word' id='word_1_130' title='bbox 1278 1769 1309 1832; x_wconf 82' lang='grc' dir='ltr'>τὸ</span> <span class='ocrx_word' id='word_1_131' title='bbox 1322 1767 1401 1830; x_wconf 69' lang='grc' dir='ltr'>λεπτὸν</span> 
     </span>
     <span class='ocr_line' id='line_1_15' title="bbox 326 1871 1402 1957; baseline -0.005 -20"><span class='ocrx_word' id='word_1_132' title='bbox 326 1871 478 1956; x_wconf 78' lang='grc' dir='ltr'>ἀποββέον</span> <span class='ocrx_word' id='word_1_133' title='bbox 501 1871 561 1933; x_wconf 76' lang='grc' dir='ltr'>ἀπὸ</span> <span class='ocrx_word' id='word_1_134' title='bbox 583 1875 642 1933; x_wconf 85' lang='grc' dir='ltr'>τῶν</span> <span class='ocrx_word' id='word_1_135' title='bbox 669 1871 801 1956; x_wconf 85' lang='grc' dir='ltr'>βαρέων,</span> <span class='ocrx_word' id='word_1_136' title='bbox 819 1895 897 1957; x_wconf 82' lang='lat' dir='ltr'><strong>quae</strong></span> <span class='ocrx_word' id='word_1_137' title='bbox 914 1874 1116 1938; x_wconf 79' lang='lat' dir='ltr'><strong>toleraverant</strong></span> <span class='ocrx_word' id='word_1_138' title='bbox 1131 1877 1189 1938; x_wconf 91' lang='lat' dir='ltr'><strong>viri</strong></span> <span class='ocrx_word' id='word_1_139' title='bbox 1211 1877 1298 1954; x_wconf 85' lang='lat' dir='ltr'><strong>docti,</strong></span> <span class='ocrx_word' id='word_1_140' title='bbox 1315 1881 1402 1956; x_wconf 70' lang='lat' dir='ltr'><strong>postu</strong></span> 
     </span>
     <span class='ocr_line' id='line_1_16' title="bbox 325 1977 1401 2066; baseline -0.006 -22"><span class='ocrx_word' id='word_1_141' title='bbox 325 2003 402 2044; x_wconf 78' lang='lat' dir='ltr'>mam</span> <span class='ocrx_word' id='word_1_142' title='bbox 421 1999 528 2042; x_wconf 82' lang='lat' dir='ltr'><strong>vocem</strong></span> <span class='ocrx_word' id='word_1_143' title='bbox 551 1979 663 2040; x_wconf 81' lang='lat' dir='ltr'><strong>mutavi</strong></span> <span class='ocrx_word' id='word_1_144' title='bbox 683 1977 713 2041; x_wconf 92' lang='lat' dir='ltr'>in</span> <span class='ocrx_word' id='word_1_145' title='bbox 735 1979 878 2065; x_wconf 84' lang='grc' dir='ltr'>παχέων;</span> <span class='ocrx_word' id='word_1_146' title='bbox 897 1981 1056 2044; x_wconf 85' lang='lat' dir='ltr'><strong>nonenim</strong></span> <span class='ocrx_word' id='word_1_147' title='bbox 1080 1991 1166 2045; x_wconf 81' lang='lat' dir='ltr'><strong>recte</strong></span> <span class='ocrx_word' id='word_1_148' title='bbox 1185 1991 1364 2066; x_wconf 90' lang='lat' dir='ltr'><strong>opponuntur</strong></span> <span class='ocrx_word' id='word_1_149' title='bbox 1379 1977 1401 2038; x_wconf 82' lang='grc' dir='ltr'>τί</span> 
     </span>
     <span class='ocr_line' id='line_1_17' title="bbox 326 2084 1401 2171; baseline -0.007 -19"><span class='ocrx_word' id='word_1_150' title='bbox 326 2089 421 2153; x_wconf 85' lang='grc' dir='ltr'>λεπτὰ</span> <span class='ocrx_word' id='word_1_151' title='bbox 443 2095 474 2148; x_wconf 83' lang='lat' dir='ltr'>et</span> <span class='ocrx_word' id='word_1_152' title='bbox 493 2084 529 2148; x_wconf 78' lang='grc' dir='ltr'>τὰ</span> <span class='ocrx_word' id='word_1_153' title='bbox 550 2084 659 2170; x_wconf 87' lang='grc' dir='ltr'>βαρέα.</span> <span class='ocrx_word' id='word_1_154' title='bbox 702 2089 863 2150; x_wconf 80' lang='lat' dir='ltr'><strong>Caeterum</strong></span> <span class='ocrx_word' id='word_1_155' title='bbox 883 2109 944 2152; x_wconf 92' lang='lat' dir='ltr'>non</span> <span class='ocrx_word' id='word_1_156' title='bbox 966 2107 1091 2170; x_wconf 87' lang='lat' dir='ltr'><strong>possum</strong></span> <span class='ocrx_word' id='word_1_157' title='bbox 1111 2093 1186 2171; x_wconf 90' lang='lat' dir='ltr'><strong>quin</strong></span> <span class='ocrx_word' id='word_1_158' title='bbox 1201 2091 1343 2154; x_wconf 85' lang='lat' dir='ltr'><strong>coronidis</strong></span> <span class='ocrx_word' id='word_1_159' title='bbox 1354 2089 1401 2149; x_wconf 83' lang='lat' dir='ltr'>lom</span> 
     </span>
     <span class='ocr_line' id='line_1_18' title="bbox 326 2195 1401 2278; baseline -0.003 -19"><span class='ocrx_word' id='word_1_160' title='bbox 326 2200 375 2260; x_wconf 88' lang='lat' dir='ltr'>hic</span> <span class='ocrx_word' id='word_1_161' title='bbox 404 2215 515 2278; x_wconf 82' lang='lat' dir='ltr'><strong>ponam</strong></span> <span class='ocrx_word' id='word_1_162' title='bbox 536 2213 614 2276; x_wconf 81' lang='lat' dir='ltr'><strong>qnae</strong></span> <span class='ocrx_word' id='word_1_163' title='bbox 636 2215 684 2274; x_wconf 83' lang='grc' dir='ltr'>ορ.</span> <span class='ocrx_word' id='word_1_164' title='bbox 707 2195 950 2275; x_wconf 67' lang='lat' dir='ltr'><strong>Theophrastum</strong></span> <span class='ocrx_word' id='word_1_165' title='bbox 972 2198 1009 2258; x_wconf 89' lang='lat' dir='ltr'>de</span> <span class='ocrx_word' id='word_1_166' title='bbox 1033 2216 1114 2258; x_wconf 77' lang='lat' dir='ltr'><strong>caus,</strong></span> <span class='ocrx_word' id='word_1_167' title='bbox 1138 2200 1232 2278; x_wconf 74' lang='lat' dir='ltr'><strong>piant</strong></span> <span class='ocrx_word' id='word_1_168' title='bbox 1252 2201 1333 2276; x_wconf 82' lang='lat' dir='ltr'><strong>vt,5</strong></span> <span class='ocrx_word' id='word_1_169' title='bbox 1355 2195 1401 2256; x_wconf 78' lang='lat' dir='ltr'>ltu</span> 
     </span>
     <span class='ocr_line' id='line_1_19' title="bbox 326 2299 1401 2388; baseline -0.009 -18"><span class='ocrx_word' id='word_1_170' title='bbox 326 2307 441 2370; x_wconf 84' lang='lat' dir='ltr'><strong>omisso</strong></span> <span class='ocrx_word' id='word_1_171' title='bbox 473 2303 601 2366; x_wconf 73' lang='lat' dir='ltr'><strong>nominu</strong></span> <span class='ocrx_word' id='word_1_172' title='bbox 629 2303 669 2363; x_wconf 77' lang='lat' dir='ltr'>ad</span> <span class='ocrx_word' id='word_1_173' title='bbox 698 2303 921 2380; x_wconf 81' lang='lat' dir='ltr'><strong>Democritum,</strong></span> <span class='ocrx_word' id='word_1_174' title='bbox 953 2311 987 2366; x_wconf 89' lang='lat' dir='ltr'>nt</span> <span class='ocrx_word' id='word_1_175' title='bbox 1012 2305 1146 2380; x_wconf 82' lang='lat' dir='ltr'><strong>videtur,</strong></span> <span class='ocrx_word' id='word_1_176' title='bbox 1184 2304 1350 2388; x_wconf 76' lang='lat' dir='ltr'><strong>pertinentia</strong></span> <span class='ocrx_word' id='word_1_177' title='bbox 1373 2299 1401 2360; x_wconf 80' lang='lat' dir='ltr'>nis</span> 
     </span>
     <span class='ocr_line' id='line_1_20' title="bbox 326 2401 1400 2496; baseline -0.01 -20"><span class='ocrx_word' id='word_1_178' title='bbox 326 2415 426 2477; x_wconf 79' lang='lat' dir='ltr'><strong>vorbis</strong></span> <span class='ocrx_word' id='word_1_179' title='bbox 446 2414 602 2493; x_wconf 82' lang='lat' dir='ltr'><strong>leguntur:</strong></span> <span class='ocrx_word' id='word_1_180' title='bbox 616 2407 659 2473; x_wconf 69' lang='lat'>‘¹0</span> <span class='ocrx_word' id='word_1_181' title='bbox 682 2408 711 2471; x_wconf 84' lang='grc' dir='ltr'>δ’</span> <span class='ocrx_word' id='word_1_182' title='bbox 728 2409 764 2473; x_wconf 87' lang='grc' dir='ltr'>οῖν</span> <span class='ocrx_word' id='word_1_183' title='bbox 787 2433 831 2496; x_wconf 77' lang='lat' dir='ltr'>up</span> <span class='ocrx_word' id='word_1_184' title='bbox 853 2412 910 2491; x_wconf 82' lang='lat' dir='ltr'><strong>(ita</strong></span> <span class='ocrx_word' id='word_1_185' title='bbox 933 2411 1001 2472; x_wconf 84' lang='lat' dir='ltr'><strong>cod.</strong></span> <span class='ocrx_word' id='word_1_186' title='bbox 1022 2409 1093 2472; x_wconf 87' lang='lat' dir='ltr'><strong>Urb.</strong></span> <span class='ocrx_word' id='word_1_187' title='bbox 1115 2431 1176 2490; x_wconf 84' lang='lat' dir='ltr'>pro</span> <span class='ocrx_word' id='word_1_188' title='bbox 1199 2414 1278 2496; x_wconf 85' lang='lat' dir='ltr'><strong>vulg.</strong></span> <span class='ocrx_word' id='word_1_189' title='bbox 1300 2411 1314 2474; x_wconf 77' lang='lat' dir='ltr'><strong>i</strong></span> <span class='ocrx_word' id='word_1_190' title='bbox 1340 2406 1362 2471; x_wconf 81' lang='grc' dir='ltr'>δ’</span> <span class='ocrx_word' id='word_1_191' title='bbox 1376 2401 1400 2466; x_wconf 78' lang='grc' dir='ltr'>τί</span> 
     </span>
     <span class='ocr_line' id='line_1_21' title="bbox 325 2515 1401 2607; baseline -0.007 -24"><span class='ocrx_word' id='word_1_192' title='bbox 325 2525 384 2607; x_wconf 62' lang='lat' dir='ltr'><strong>uqi)</strong></span> <span class='ocrx_word' id='word_1_193' title='bbox 415 2518 528 2588; x_wconf 79' lang='grc' dir='ltr'>δύξειεν</span> <span class='ocrx_word' id='word_1_194' title='bbox 558 2517 670 2581; x_wconf 89' lang='grc' dir='ltr'>οῖτοπον</span> <span class='ocrx_word' id='word_1_195' title='bbox 703 2515 791 2598; x_wconf 80' lang='grc' dir='ltr'>εἶναι,</span> <span class='ocrx_word' id='word_1_196' title='bbox 821 2519 854 2580; x_wconf 83' lang='grc' dir='ltr'>τὸ</span> <span class='ocrx_word' id='word_1_197' title='bbox 886 2515 984 2580; x_wconf 79' lang='grc' dir='ltr'>τᾶλλα</span> <span class='ocrx_word' id='word_1_198' title='bbox 1012 2520 1077 2587; x_wconf 77' lang='grc' dir='ltr'>ζῶα</span> <span class='ocrx_word' id='word_1_199' title='bbox 1108 2520 1298 2606; x_wconf 73' lang='grc' dir='ltr'>σαφεστέραν</span> <span class='ocrx_word' id='word_1_200' title='bbox 1322 2515 1401 2600; x_wconf 75' lang='grc' dir='ltr'>ἔχοντα</span> 
     </span>
     <span class='ocr_line' id='line_1_22' title="bbox 326 2620 1401 2710; baseline -0.01 -18"><span class='ocrx_word' id='word_1_201' title='bbox 326 2636 383 2710; x_wconf 84' lang='lat' dir='ltr'><strong>(sc.</strong></span> <span class='ocrx_word' id='word_1_202' title='bbox 402 2629 489 2710; x_wconf 72' lang='grc' dir='ltr'>ἡμῶν</span> <span class='ocrx_word' id='word_1_203' title='bbox 514 2623 688 2709; x_wconf 78' lang='grc' dir='ltr'>ὄσφρησιν),</span> <span class='ocrx_word' id='word_1_204' title='bbox 719 2621 797 2706; x_wconf 80' lang='grc' dir='ltr'>μηδ’</span> <span class='ocrx_word' id='word_1_205' title='bbox 829 2623 1032 2688; x_wconf 74' lang='grc' dir='ltr'>αἰσθάνεσθαι</span> <span class='ocrx_word' id='word_1_206' title='bbox 1055 2625 1133 2706; x_wconf 72' lang='grc' dir='ltr'>μηδὲ</span> <span class='ocrx_word' id='word_1_207' title='bbox 1153 2627 1263 2710; x_wconf 90' lang='grc' dir='ltr'>κρίνειν</span> <span class='ocrx_word' id='word_1_208' title='bbox 1283 2625 1330 2692; x_wconf 83' lang='grc' dir='ltr'>τὰς</span> <span class='ocrx_word' id='word_1_209' title='bbox 1350 2620 1401 2682; x_wconf 69' lang='lat' dir='ltr'>stu</span> 
     </span>
     <span class='ocr_line' id='line_1_23' title="bbox 327 2725 1403 2817; baseline -0.009 -19"><span class='ocrx_word' id='word_1_210' title='bbox 327 2737 404 2810; x_wconf 84' lang='grc' dir='ltr'>δίας,</span> <span class='ocrx_word' id='word_1_211' title='bbox 423 2733 480 2797; x_wconf 83' lang='grc' dir='ltr'>οὐκ</span> <span class='ocrx_word' id='word_1_212' title='bbox 502 2730 580 2794; x_wconf 80' lang='grc' dir='ltr'>ἔστιν</span> <span class='ocrx_word' id='word_1_213' title='bbox 609 2729 733 2794; x_wconf 81' lang='grc' dir='ltr'>ἄτοπον.</span> <span class='ocrx_word' id='word_1_214' title='bbox 786 2727 875 2817; x_wconf 85' lang='grc' dir='ltr'>Τοὶχα</span> <span class='ocrx_word' id='word_1_215' title='bbox 905 2733 959 2815; x_wconf 82' lang='grc' dir='ltr'>μὲν</span> <span class='ocrx_word' id='word_1_216' title='bbox 982 2731 1039 2814; x_wconf 87' lang='grc' dir='ltr'>γὰρ</span> <span class='ocrx_word' id='word_1_217' title='bbox 1062 2732 1114 2794; x_wconf 88' lang='grc' dir='ltr'>καὶ</span> <span class='ocrx_word' id='word_1_218' title='bbox 1135 2734 1334 2806; x_wconf 79' lang='grc' dir='ltr'>αἰσθάνονται,</span> <span class='ocrx_word' id='word_1_219' title='bbox 1349 2725 1403 2808; x_wconf 73' lang='grc' dir='ltr'>πρὸς</span> 
     </span>
     <span class='ocr_line' id='line_1_24' title="bbox 326 2831 1402 2925; baseline -0.008 -20"><span class='ocrx_word' id='word_1_220' title='bbox 326 2843 433 2924; x_wconf 82' lang='grc' dir='ltr'>δὲτὴν</span> <span class='ocrx_word' id='word_1_221' title='bbox 456 2841 545 2925; x_wconf 89' lang='grc' dir='ltr'>φύσιν</span> <span class='ocrx_word' id='word_1_222' title='bbox 568 2837 668 2900; x_wconf 85' lang='grc' dir='ltr'>αύείίιν</span> <span class='ocrx_word' id='word_1_223' title='bbox 693 2837 753 2924; x_wconf 91' lang='grc' dir='ltr'>ούχ</span> <span class='ocrx_word' id='word_1_224' title='bbox 774 2837 985 2922; x_wconf 80' lang='grc' dir='ltr'>ἁρμόττουσιν,</span> <span class='ocrx_word' id='word_1_225' title='bbox 1009 2839 1089 2902; x_wconf 80' lang='grc' dir='ltr'>ἀλλὰ</span> <span class='ocrx_word' id='word_1_226' title='bbox 1111 2841 1162 2902; x_wconf 81' lang='grc' dir='ltr'>καὶ</span> <span class='ocrx_word' id='word_1_227' title='bbox 1184 2841 1319 2914; x_wconf 84' lang='grc' dir='ltr'>ἐναντίαι,</span> <span class='ocrx_word' id='word_1_228' title='bbox 1334 2831 1402 2897; x_wconf 76' lang='grc' dir='ltr'>καίν’·</span> 
     </span>
     <span class='ocr_line' id='line_1_25' title="bbox 325 2940 1402 3034; baseline -0.006 -22"><span class='ocrx_word' id='word_1_229' title='bbox 325 2972 383 3034; x_wconf 89' lang='grc' dir='ltr'>περ</span> <span class='ocrx_word' id='word_1_230' title='bbox 407 2948 456 3012; x_wconf 78' lang='grc' dir='ltr'>ἐπὶ</span> <span class='ocrx_word' id='word_1_231' title='bbox 477 2951 537 3012; x_wconf 84' lang='grc' dir='ltr'>τῶν</span> <span class='ocrx_word' id='word_1_232' title='bbox 557 2949 661 3028; x_wconf 80' lang='grc' dir='ltr'>γυπῶν</span> <span class='ocrx_word' id='word_1_233' title='bbox 683 2945 810 3031; x_wconf 79' lang='grc' dir='ltr'>ἐλέχθη,</span> <span class='ocrx_word' id='word_1_234' title='bbox 839 2946 889 3008; x_wconf 79' lang='grc' dir='ltr'>καὶ</span> <span class='ocrx_word' id='word_1_235' title='bbox 919 2949 961 3015; x_wconf 86' lang='grc' dir='ltr'>ίυς</span> <span class='ocrx_word' id='word_1_236' title='bbox 981 2945 1019 3009; x_wconf 81' lang='grc' dir='ltr'>τὰ</span> <span class='ocrx_word' id='word_1_237' title='bbox 1045 2944 1159 3030; x_wconf 86' lang='grc' dir='ltr'>ἔντομα</span> <span class='ocrx_word' id='word_1_238' title='bbox 1180 2951 1277 3012; x_wconf 90' lang='grc' dir='ltr'>ποίντα</span> <span class='ocrx_word' id='word_1_239' title='bbox 1299 2946 1348 3008; x_wconf 80' lang='grc' dir='ltr'>ὑπὸ</span> <span class='ocrx_word' id='word_1_240' title='bbox 1366 2940 1402 3000; x_wconf 67' lang='grc' dir='ltr'>τού</span> 
     </span>
     <span class='ocr_line' id='line_1_26' title="bbox 326 3047 1402 3140; baseline -0.008 -20"><span class='ocrx_word' id='word_1_241' title='bbox 326 3056 432 3120; x_wconf 85' lang='grc' dir='ltr'>ἐλαίου</span> <span class='ocrx_word' id='word_1_242' title='bbox 456 3053 628 3140; x_wconf 83' lang='grc' dir='ltr'>βαρύνεται,</span> <span class='ocrx_word' id='word_1_243' title='bbox 650 3051 755 3136; x_wconf 85' lang='grc' dir='ltr'>φεύγει</span> <span class='ocrx_word' id='word_1_244' title='bbox 775 3051 832 3136; x_wconf 83' lang='grc' dir='ltr'>γὰρ</span> <span class='ocrx_word' id='word_1_245' title='bbox 848 3051 925 3115; x_wconf 82' lang='grc' dir='ltr'>αὐτὰ</span> <span class='ocrx_word' id='word_1_246' title='bbox 944 3053 996 3136; x_wconf 76' lang='grc' dir='ltr'>τὴν</span> <span class='ocrx_word' id='word_1_247' title='bbox 1011 3055 1093 3134; x_wconf 79' lang='lat' dir='ltr'>(lege</span> <span class='ocrx_word' id='word_1_248' title='bbox 1106 3055 1217 3139; x_wconf 87' lang='grc' dir='ltr'>ταύτην</span> <span class='ocrx_word' id='word_1_249' title='bbox 1236 3056 1301 3138; x_wconf 75' lang='grc' dir='ltr'>τὴν)</span> <span class='ocrx_word' id='word_1_250' title='bbox 1316 3047 1402 3131; x_wconf 72' lang='grc' dir='ltr'>ὀσμήν·</span> 
     </span>
     <span class='ocr_line' id='line_1_27' title="bbox 326 3157 1402 3247; baseline -0.006 -21"><span class='ocrx_word' id='word_1_251' title='bbox 326 3165 416 3247; x_wconf 82' lang='grc' dir='ltr'>ἕτερα</span> <span class='ocrx_word' id='word_1_252' title='bbox 440 3161 468 3224; x_wconf 87' lang='grc' dir='ltr'>δ’</span> <span class='ocrx_word' id='word_1_253' title='bbox 493 3158 547 3246; x_wconf 84' lang='grc' dir='ltr'>ὑφ’</span> <span class='ocrx_word' id='word_1_254' title='bbox 572 3159 677 3243; x_wconf 76' lang='grc' dir='ltr'>ἑτέρας</span> <span class='ocrx_word' id='word_1_255' title='bbox 707 3161 787 3228; x_wconf 83' lang='grc' dir='ltr'>τινὸς</span> <span class='ocrx_word' id='word_1_256' title='bbox 819 3157 902 3228; x_wconf 81' lang='grc' dir='ltr'>ἴσως.</span> <span class='ocrx_word' id='word_1_257' title='bbox 946 3157 1080 3242; x_wconf 80' lang='grc' dir='ltr'>Ἀλογον</span> <span class='ocrx_word' id='word_1_258' title='bbox 1111 3159 1138 3224; x_wconf 74' lang='grc' dir='ltr'>δ’</span> <span class='ocrx_word' id='word_1_259' title='bbox 1158 3161 1290 3226; x_wconf 76' lang='grc' dir='ltr'>ἐνταῦθα</span> <span class='ocrx_word' id='word_1_260' title='bbox 1317 3157 1402 3226; x_wconf 70' lang='grc' dir='ltr'>δόξειεν</span> 
     </span>
     <span class='ocr_line' id='line_1_28' title="bbox 325 3265 1403 3354; baseline -0.006 -22"><span class='ocrx_word' id='word_1_261' title='bbox 325 3269 361 3333; x_wconf 78' lang='grc' dir='ltr'>ἂν</span> <span class='ocrx_word' id='word_1_262' title='bbox 385 3268 559 3352; x_wconf 82' lang='grc' dir='ltr'>συμβαίνειν</span> <span class='ocrx_word' id='word_1_263' title='bbox 582 3267 658 3350; x_wconf 81' lang='grc' dir='ltr'>πρὸς</span> <span class='ocrx_word' id='word_1_264' title='bbox 680 3265 796 3349; x_wconf 83' lang='grc' dir='ltr'>ἐκείνην</span> <span class='ocrx_word' id='word_1_265' title='bbox 816 3267 869 3349; x_wconf 80' lang='grc' dir='ltr'>πλην</span> <span class='ocrx_word' id='word_1_266' title='bbox 891 3267 1047 3348; x_wconf 85' lang='grc' dir='ltr'>ύπύῦεσιν,</span> <span class='ocrx_word' id='word_1_267' title='bbox 1068 3267 1113 3330; x_wconf 79' lang='grc' dir='ltr'>ὅτι</span> <span class='ocrx_word' id='word_1_268' title='bbox 1134 3269 1150 3330; x_wconf 83' lang='grc' dir='ltr'>ὁ</span> <span class='ocrx_word' id='word_1_269' title='bbox 1173 3271 1300 3354; x_wconf 85' lang='grc' dir='ltr'>λιπαρὸς</span> <span class='ocrx_word' id='word_1_270' title='bbox 1319 3267 1403 3348; x_wconf 78' lang='lat' dir='ltr'><strong>(insert</strong></span> 
     </span>
     <span class='ocr_line' id='line_1_29' title="bbox 325 3371 1401 3460; baseline -0.005 -22"><span class='ocrx_word' id='word_1_271' title='bbox 325 3397 393 3438; x_wconf 89' lang='lat' dir='ltr'>cum</span> <span class='ocrx_word' id='word_1_272' title='bbox 411 3376 587 3438; x_wconf 80' lang='lat' dir='ltr'><strong>Burulmrdo</strong></span> <span class='ocrx_word' id='word_1_273' title='bbox 612 3371 693 3457; x_wconf 87' lang='grc' dir='ltr'>ἔχει)</span> <span class='ocrx_word' id='word_1_274' title='bbox 716 3371 797 3442; x_wconf 81' lang='grc' dir='ltr'>εἶδος</span> <span class='ocrx_word' id='word_1_275' title='bbox 826 3376 880 3436; x_wconf 82' lang='grc' dir='ltr'>τοῦ</span> <span class='ocrx_word' id='word_1_276' title='bbox 903 3373 1032 3455; x_wconf 77' lang='grc' dir='ltr'>γλυκέος</span> <span class='ocrx_word' id='word_1_277' title='bbox 1051 3379 1170 3460; x_wconf 88' lang='grc' dir='ltr'>χυμοιῖ·</span> <span class='ocrx_word' id='word_1_278' title='bbox 1202 3375 1268 3440; x_wconf 82' lang='grc' dir='ltr'>ἔνια</span> <span class='ocrx_word' id='word_1_279' title='bbox 1289 3375 1320 3438; x_wconf 79' lang='grc' dir='ltr'>δὲ</span> <span class='ocrx_word' id='word_1_280' title='bbox 1337 3387 1401 3452; x_wconf 68' lang='grc' dir='ltr'>πρυτ-</span> 
     </span>
     <span class='ocr_line' id='line_1_30' title="bbox 325 3470 1401 3569; baseline -0.007 -25"><span class='ocrx_word' id='word_1_281' title='bbox 325 3482 491 3569; x_wconf 85' lang='grc' dir='ltr'>φιλέστατα</span> <span class='ocrx_word' id='word_1_282' title='bbox 522 3486 568 3566; x_wconf 77' lang='grc' dir='ltr'>τῷ</span> <span class='ocrx_word' id='word_1_283' title='bbox 592 3483 715 3564; x_wconf 88' lang='grc' dir='ltr'>γλυκεῖ,</span> <span class='ocrx_word' id='word_1_284' title='bbox 742 3479 881 3564; x_wconf 80' lang='grc' dir='ltr'>καίλοίπερ</span> <span class='ocrx_word' id='word_1_285' title='bbox 913 3481 943 3542; x_wconf 92' lang='grc' dir='ltr'>οί</span> <span class='ocrx_word' id='word_1_286' title='bbox 973 3485 1089 3550; x_wconf 86' lang='grc' dir='ltr'>κνῖπες·</span> <span class='ocrx_word' id='word_1_287' title='bbox 1119 3481 1211 3546; x_wconf 85' lang='grc' dir='ltr'>οὐδὲν</span> <span class='ocrx_word' id='word_1_288' title='bbox 1232 3484 1288 3567; x_wconf 78' lang='grc' dir='ltr'>γὰρ</span> <span class='ocrx_word' id='word_1_289' title='bbox 1308 3485 1358 3542; x_wconf 80' lang='grc' dir='ltr'>τῶν</span> <span class='ocrx_word' id='word_1_290' title='bbox 1375 3470 1401 3533; x_wconf 80' lang='grc' dir='ltr'>οἱ·</span> 
     </span>
     <span class='ocr_line' id='line_1_31' title="bbox 325 3581 1401 3672; baseline -0.007 -19"><span class='ocrx_word' id='word_1_291' title='bbox 325 3589 415 3653; x_wconf 85' lang='grc' dir='ltr'>κείων</span> <span class='ocrx_word' id='word_1_292' title='bbox 439 3587 616 3672; x_wconf 77' lang='grc' dir='ltr'>φίλαρτικύν,</span> <span class='ocrx_word' id='word_1_293' title='bbox 640 3588 667 3649; x_wconf 84' lang='grc' dir='ltr'>εἰ</span> <span class='ocrx_word' id='word_1_294' title='bbox 689 3588 729 3671; x_wconf 82' lang='grc' dir='ltr'>μὴ</span> <span class='ocrx_word' id='word_1_295' title='bbox 749 3591 815 3654; x_wconf 87' lang='grc' dir='ltr'>ταῖς</span> <span class='ocrx_word' id='word_1_296' title='bbox 836 3587 1030 3672; x_wconf 86' lang='grc' dir='ltr'>ὑπερβολαῖς.</span> <span class='ocrx_word' id='word_1_297' title='bbox 1055 3587 1155 3652; x_wconf 82' lang='grc' dir='ltr'>Ἀλλὰ</span> <span class='ocrx_word' id='word_1_298' title='bbox 1175 3589 1283 3652; x_wconf 88' lang='grc' dir='ltr'>τούτου</span> <span class='ocrx_word' id='word_1_299' title='bbox 1304 3588 1351 3670; x_wconf 80' lang='grc' dir='ltr'>μὲν</span> <span class='ocrx_word' id='word_1_300' title='bbox 1366 3581 1401 3659; x_wconf 64' lang='grc' dir='ltr'>τὴν</span> 
     </span>
     <span class='ocr_line' id='line_1_32' title="bbox 326 3684 1401 3779; baseline -0.011 -19"><span class='ocrx_word' id='word_1_301' title='bbox 326 3698 423 3760; x_wconf 82' lang='grc' dir='ltr'>αἰτίαν</span> <span class='ocrx_word' id='word_1_302' title='bbox 453 3696 484 3758; x_wconf 84' lang='grc' dir='ltr'>ἐν</span> <span class='ocrx_word' id='word_1_303' title='bbox 511 3699 551 3779; x_wconf 73' lang='grc' dir='ltr'>τη</span> <span class='ocrx_word' id='word_1_304' title='bbox 577 3695 733 3778; x_wconf 82' lang='grc' dir='ltr'>δριμύτητι</span> <span class='ocrx_word' id='word_1_305' title='bbox 758 3693 905 3776; x_wconf 80' lang='grc' dir='ltr'>ληπτέον,</span> <span class='ocrx_word' id='word_1_306' title='bbox 933 3695 1037 3777; x_wconf 83' lang='grc' dir='ltr'>ὥσπερ</span> <span class='ocrx_word' id='word_1_307' title='bbox 1065 3695 1115 3757; x_wconf 78' lang='grc' dir='ltr'>καί</span> <span class='ocrx_word' id='word_1_308' title='bbox 1146 3699 1199 3778; x_wconf 78' lang='grc' dir='ltr'>τῆς</span> <span class='ocrx_word' id='word_1_309' title='bbox 1221 3695 1351 3779; x_wconf 82' lang='grc' dir='ltr'>ὀριγάνου</span> <span class='ocrx_word' id='word_1_310' title='bbox 1368 3684 1401 3748; x_wconf 75' lang='grc' dir='ltr'>κοί</span> 
     </span>
     <span class='ocr_line' id='line_1_33' title="bbox 324 3799 1400 3885; baseline -0.01 -18"><span class='ocrx_word' id='word_1_311' title='bbox 324 3802 568 3867; x_wconf 83' lang='grc' dir='ltr'>τῶντοιούτων·</span> <span class='ocrx_word' id='word_1_312' title='bbox 594 3801 713 3864; x_wconf 77' lang='grc' dir='ltr'>ἅπαντα</span> <span class='ocrx_word' id='word_1_313' title='bbox 740 3799 797 3884; x_wconf 81' lang='grc' dir='ltr'>γὰρ</span> <span class='ocrx_word' id='word_1_314' title='bbox 821 3800 943 3885; x_wconf 82' lang='grc' dir='ltr'>φεύγει·</span> <span class='ocrx_word' id='word_1_315' title='bbox 971 3802 1005 3863; x_wconf 83' lang='grc' dir='ltr'>τὸ</span> <span class='ocrx_word' id='word_1_316' title='bbox 1029 3801 1124 3884; x_wconf 80' lang='grc' dir='ltr'>δὲμὴ</span> <span class='ocrx_word' id='word_1_317' title='bbox 1148 3801 1349 3875; x_wconf 74' lang='grc' dir='ltr'>αἰσθάνεσθαι,</span> <span class='ocrx_word' id='word_1_318' title='bbox 1366 3813 1400 3856; x_wconf 79' lang='grc' dir='ltr'>κο·</span> 
     </span>
     <span class='ocr_line' id='line_1_34' title="bbox 324 3903 1401 3994; baseline -0.004 -24"><span class='ocrx_word' id='word_1_319' title='bbox 324 3913 424 3994; x_wconf 82' lang='grc' dir='ltr'>ίλοίπερ</span> <span class='ocrx_word' id='word_1_320' title='bbox 453 3909 603 3992; x_wconf 85' lang='grc' dir='ltr'>λέγουσιν,</span> <span class='ocrx_word' id='word_1_321' title='bbox 628 3907 665 3971; x_wconf 87' lang='grc' dir='ltr'>ού</span> <span class='ocrx_word' id='word_1_322' title='bbox 686 3908 784 3991; x_wconf 80' lang='grc' dir='ltr'>σαφὲς</span> <span class='ocrx_word' id='word_1_323' title='bbox 811 3909 901 3990; x_wconf 78' lang='grc' dir='ltr'>ἡμῖν·</span> <span class='ocrx_word' id='word_1_324' title='bbox 935 3907 963 3969; x_wconf 82' lang='grc' dir='ltr'>εἰ</span> <span class='ocrx_word' id='word_1_325' title='bbox 990 3909 1030 3991; x_wconf 77' lang='grc' dir='ltr'>μη</span> <span class='ocrx_word' id='word_1_326' title='bbox 1061 3906 1121 3991; x_wconf 84' lang='grc' dir='ltr'>ἄρα</span> <span class='ocrx_word' id='word_1_327' title='bbox 1150 3910 1200 3972; x_wconf 85' lang='grc' dir='ltr'>καὶ</span> <span class='ocrx_word' id='word_1_328' title='bbox 1227 3908 1296 3976; x_wconf 83' lang='grc' dir='ltr'>τοὺς</span> <span class='ocrx_word' id='word_1_329' title='bbox 1313 3903 1401 3986; x_wconf 66' lang='grc' dir='ltr'>πόρους</span> 
     </span>
     <span class='ocr_line' id='line_1_35' title="bbox 325 4003 1399 4100; baseline 0.001 -21"><span class='ocrx_word' id='word_1_330' title='bbox 325 4018 459 4081; x_wconf 74' lang='grc' dir='ltr'>ἐνταῦθα</span> <span class='ocrx_word' id='word_1_331' title='bbox 482 4015 518 4080; x_wconf 89' lang='grc' dir='ltr'>οῖν</span> <span class='ocrx_word' id='word_1_332' title='bbox 538 4039 581 4084; x_wconf 89' lang='grc' dir='ltr'>τις</span> <span class='ocrx_word' id='word_1_333' title='bbox 603 4015 782 4090; x_wconf 85' lang='grc' dir='ltr'>αἰτιάσαιτο,</span> <span class='ocrx_word' id='word_1_334' title='bbox 808 4015 948 4098; x_wconf 85' lang='grc' dir='ltr'>καίλοίπερ</span> <span class='ocrx_word' id='word_1_335' title='bbox 971 4013 1046 4077; x_wconf 85' lang='grc' dir='ltr'>ἔνιοι</span> <span class='ocrx_word' id='word_1_336' title='bbox 1067 4021 1126 4078; x_wconf 89' lang='grc' dir='ltr'>τῶν</span> <span class='ocrx_word' id='word_1_337' title='bbox 1151 4020 1295 4100; x_wconf 85' lang='grc' dir='ltr'>φυσικῶν,</span> <span class='ocrx_word' id='word_1_338' title='bbox 1318 4015 1355 4094; x_wconf 72' lang='lat' dir='ltr'>mi</span> <span class='ocrx_word' id='word_1_339' title='bbox 1371 4003 1399 4087; x_wconf 71' lang='lat' dir='ltr'>ti</span> 
     </span>
     <span class='ocr_line' id='line_1_36' title="bbox 324 4111 1398 4212; baseline -0.004 -28"><span class='ocrx_word' id='word_1_340' title='bbox 324 4123 492 4212; x_wconf 63' lang='grc' dir='ltr'>ἁρμύπςειν.</span> <span class='ocrx_word' id='word_1_341' title='bbox 536 4123 591 4186; x_wconf 80' lang='grc' dir='ltr'>Διὸ</span> <span class='ocrx_word' id='word_1_342' title='bbox 611 4122 662 4185; x_wconf 87' lang='grc' dir='ltr'>καὶ</span> <span class='ocrx_word' id='word_1_343' title='bbox 684 4123 836 4205; x_wconf 81' lang='grc' dir='ltr'>διαιροῦσι</span> <span class='ocrx_word' id='word_1_344' title='bbox 861 4125 924 4188; x_wconf 89' lang='grc' dir='ltr'>τοῖς</span> <span class='ocrx_word' id='word_1_345' title='bbox 952 4122 1103 4204; x_wconf 76' lang='grc' dir='ltr'>μεγέθεσι,</span> <span class='ocrx_word' id='word_1_346' title='bbox 1124 4122 1161 4185; x_wconf 81' lang='grc' dir='ltr'>τὰ</span> <span class='ocrx_word' id='word_1_347' title='bbox 1184 4123 1237 4206; x_wconf 82' lang='grc' dir='ltr'>μὲν</span> <span class='ocrx_word' id='word_1_348' title='bbox 1260 4119 1342 4205; x_wconf 81' lang='grc' dir='ltr'>μικρὰ</span> <span class='ocrx_word' id='word_1_349' title='bbox 1360 4111 1398 4197; x_wconf 72' lang='grc' dir='ltr'>ρᾶ·</span> 
     </span>
     <span class='ocr_line' id='line_1_37' title="bbox 324 4219 1398 4314; baseline -0.007 -25"><span class='ocrx_word' id='word_1_350' title='bbox 324 4249 445 4297; x_wconf 88' lang='grc' dir='ltr'>σκοντες</span> <span class='ocrx_word' id='word_1_351' title='bbox 466 4235 526 4293; x_wconf 65' lang='lat' dir='ltr'>tiu</span> <span class='ocrx_word' id='word_1_352' title='bbox 555 4229 682 4293; x_wconf 82' lang='grc' dir='ltr'>τοιῶνδε</span> <span class='ocrx_word' id='word_1_353' title='bbox 714 4226 933 4307; x_wconf 82' lang='grc' dir='ltr'>αἰσίλαίνεσίλαι,</span> <span class='ocrx_word' id='word_1_354' title='bbox 961 4225 998 4292; x_wconf 81' lang='grc' dir='ltr'>τὰ</span> <span class='ocrx_word' id='word_1_355' title='bbox 1025 4229 1059 4291; x_wconf 79' lang='grc' dir='ltr'>δὲ</span> <span class='ocrx_word' id='word_1_356' title='bbox 1087 4229 1182 4314; x_wconf 71' lang='grc' dir='ltr'>μείζω</span> <span class='ocrx_word' id='word_1_357' title='bbox 1213 4235 1270 4294; x_wconf 83' lang='grc' dir='ltr'>τῶν</span> <span class='ocrx_word' id='word_1_358' title='bbox 1298 4219 1398 4290; x_wconf 74' lang='grc' dir='ltr'>τοιῶνδε</span> 
     </span>
    </p>
   </div>
   <div class='ocr_carea' id='block_1_3' title="bbox 0 0 1473 4862">
    <p class='ocr_par' dir='ltr' id='par_1_3' title="bbox 0 0 1473 4862">
     <span class='ocr_line' id='line_1_38' title="bbox 0 0 1473 4862; baseline 0 0"><span class='ocrx_word' id='word_1_359' title='bbox 0 0 1473 4862; x_wconf 95' lang='lat' dir='ltr'> </span> 
     </span>
    </p>
   </div>
  </div>
 </body>
</html>
