2956 4860
258 309 299 375 fit
590 304 787 367 Quaestionum
804 301 1036 358 Democriteum

257 479 339 542 neris
361 473 597 539 narratiunculas
616 478 710 554 prout
721 489 865 552 praesens
885 473 1009 534 materia
1028 463 1182 554 postudar‘e
1202 471 1370 550 videbatur,

259 588 415 649 inmutare
438 588 645 658 consueverat,
666 581 715 643 bic
735 579 848 643 illibata
865 563 932 643 lide
944 581 1059 644 reterre
1081 601 1158 663 qnae
1178 581 1209 643 in
1231 581 1372 664 antiquo-

257 714 325 756 rum
343 691 547 754 voluminibus
570 691 742 771 repererat?
776 689 931 770 Quocirca
948 689 1087 754 existimo
1108 690 1274 754 bacinnum
1294 707 1370 772 quo·

259 822 318 885 qne
342 799 391 864 vel
417 800 448 862 iu
467 798 652 862 Antisthenis
678 797 757 862 libro
785 797 859 861 nibil
882 799 1003 880 legisse,
1031 801 1089 862 nisi
1110 801 1194 883 qnod
1215 798 1395 880 Diogenes

259 910 329 973 inde
355 908 522 990 excerpsit:
559 907 576 970 δ
606 905 795 991 Δημόκριτος
822 904 911 990 ἤσκει
939 905 1087 976 ποικίλως
1115 908 1290 990 δοκιμάζειν
1317 905 1372 974 τὰς

259 1015 428 1104 φαντασίας
474 1013 636 1099 ἐρημάζων
678 1013 775 1077 ἐνίοτε
814 1015 866 1078 καὶ
912 1017 976 1082 τοῖς
1012 1015 1121 1100 τάφοις
1161 1014 1370 1099 ἐνδιατρίβων.

259 1126 379 1209 Quodsi
409 1124 609 1205 philosophus
636 1122 840 1188 Abderitanus
865 1123 897 1186 in
924 1122 1157 1202 cogitationibus
1177 1123 1295 1185 defixus
1316 1121 1371 1183 ali-

258 1234 378 1319 qnando
404 1235 436 1295 in
465 1233 627 1296 solitudine
654 1233 825 1296 arnbndabat
852 1232 961 1294 herbas
986 1231 1130 1308 lecturus,
1155 1231 1205 1294 vel
1226 1250 1277 1294 res
1303 1250 1373 1293 cnr-

197 1329 200 1337 ’
258 1361 368 1424 porcas
391 1341 476 1403 vario
498 1341 590 1404 modo
613 1340 879 1422 contemplaturus,
905 1340 1012 1402 liceret
1031 1339 1163 1422 quidem,
1185 1357 1223 1401 ne
1241 1357 1372 1419 prorsus

257 1451 386 1513 rnendax
406 1450 557 1512 Lucienus
572 1449 771 1528 judicaretur,
792 1449 953 1528 conjicere,
980 1465 1048 1509 eum
1069 1447 1211 1527 sepulcra
1232 1466 1374 1510 nonnun-

258 1577 347 1642 quam
369 1557 537 1638 paullisper
563 1559 706 1637 intrasse,
738 1565 772 1621 ut
796 1575 873 1640 quac
897 1565 985 1618 aratea
1011 1555 1210 1633 observasset,
1235 1556 1277 1617 ibi
1302 1575 1373 1636 per-

258 1667 419 1739 scriberet;
458 1673 653 1729 veruntamen
690 1666 782 1748 longe
819 1665 924 1746 potior
955 1670 1077 1746 praesto
1109 1669 1155 1726 est
1196 1663 1373 1743 conjectum

259 1795 335 1858 qnae
358 1773 430 1835 mibi
447 1774 511 1851 jam
538 1775 657 1854 pridem
682 1775 711 1836 in
734 1781 863 1838 mentem
880 1773 969 1837 venit
1014 1772 1098 1835 Vero
1120 1771 1293 1852 proximum
1314 1792 1372 1852 pu—

256 1883 390 1958 taverim,
423 1871 630 1944 Antisttrenem
662 1881 754 1942 verba
792 1881 843 1945 illa
875 1901 952 1964 quae
988 1887 1057 1944 sunt
1089 1880 1172 1960 apud
1201 1881 1371 1960 Diogenem

257 1989 420 2071 sumpsisse
452 2009 469 2052 e
499 1988 653 2052 volumine
682 1991 814 2072 quodam
838 1991 1050 2068 Democriteo,
1082 2007 1144 2072 quo
1167 1987 1370 2068 philosophus

258 2100 296 2162 du
324 2098 403 2160 uitae
435 2115 507 2159 suae
544 2097 662 2160 ratione
694 2117 793 2178 pauca
820 2099 1004 2179 exposuerit.
1050 2096 1143 2179 Atqui
1176 2097 1372 2159 Democritus

258 2207 357 2271 ionice
392 2189 527 2268 scribens
556 2206 631 2269 haec
661 2205 699 2268 de
728 2225 762 2268 se
791 2206 892 2270 dicere
926 2211 1061 2288 poterat:
1097 2199 1290 2288 Ῥιζοτομέω
1316 2203 1371 2266 καὶ

257 2313 361 2380 neate
383 2311 529 2381 ποικίλως
550 2313 723 2398 δοκιμάζειν
750 2311 804 2382 τάς
822 2314 991 2398 φαντασίας
1012 2313 1175 2397 ἐρημάζων
1200 2309 1297 2374 ἐνίοτε
1317 2311 1371 2373 καὶ

256 2429 335 2488 τοῖσι
356 2423 486 2507 τάρφεσι
509 2419 714 2505 ἐνδιατρίβων.
763 2422 923 2484 Neminem
949 2423 998 2485 liic
1021 2423 1144 2485 offendit
1164 2421 1288 2503 poetica
1308 2439 1371 2484 vox

256 2533 389 2617 τάρφος,
422 2530 475 2614 qui
508 2528 692 2606 meminerit,
721 2529 817 2612 qualis
850 2531 888 2592 sit
917 2531 1085 2594 Democriti
1116 2531 1243 2595 locutio.
1300 2529 1371 2592 Vid.

256 2661 394 2724 prooem.
421 2639 472 2702 lib.
492 2639 526 2700 ll.
565 2636 715 2717 Suspicor
742 2657 816 2718 ergo
840 2637 1048 2701 Autistlrenem
1078 2639 1108 2700 in
1128 2639 1208 2700 libro
1233 2657 1290 2701 suo
1310 2639 1373 2698 De-

218 2738 224 2748 ’
258 2750 376 2813 mocriti
396 2747 489 2836 verba
517 2765 668 2823 servasse,
688 2746 718 2807 in
749 2745 858 2828 quibus
888 2755 995 2828 postea
1015 2748 1166 2828 poeticum
1187 2744 1372 2809 vocabulum

257 2857 387 2939 τάρφεσι
408 2876 426 2918 a
446 2855 576 2917 librariis
596 2854 723 2938 τάφοισι
740 2863 894 2918 exaratum
914 2856 1089 2935 putantibus
1109 2855 1372 2936 dialectorumque

257 2963 415 3025 varietates
434 2963 511 3026 inter
534 2961 765 3025 describendum
786 2962 959 3026 tollentibus
980 2963 1011 3024 in
1034 2962 1142 3046 τάφοις
1157 2963 1196 3025 sit
1215 2969 1372 3027 mutatum
1475 2951 1476 2984 ³

258 3074 327 3151 Quo
350 3071 544 3149 factumest,
572 3076 605 3134 ut
624 3071 818 3134 Democritus
847 3071 900 3154 qui
929 3090 996 3134 mea
1017 3071 1160 3152 opinione
1182 3071 1255 3134 nilril
1276 3071 1314 3132 dc
1338 3092 1373 3135 sc

256 3185 382 3242 testatus
401 3186 465 3241 erat
485 3173 543 3243 nisi
566 3199 600 3243 se
620 3179 770 3241 interdum
793 3177 911 3242 radices
938 3187 1089 3242 sccarrtem
1107 3187 1137 3241 et
1157 3180 1265 3242 herbas
1284 3179 1373 3242 colli-

256 3292 375 3366 gentem
393 3285 622 3370 (ῥιζοτομέοντοι
639 3286 691 3350 καὶ
706 3285 978 3372 βοτανολογέοντα)
997 3288 1046 3351 vel
1067 3307 1116 3350 res
1134 3287 1192 3351 sub
1213 3293 1372 3366 aspectum

256 3392 398 3456 cadentes
421 3397 503 3458 varie
525 3395 732 3476 explorantem
762 3396 792 3457 in
821 3396 983 3458 solitudine
1007 3395 1118 3476 uagari¹
1137 3401 1167 3456 et
1186 3394 1372 3457 densissimis

256 3501 398 3562 silvarum
418 3500 495 3565 locis
518 3503 677 3586 (τάρφεσι)
698 3503 860 3580 immorari,
891 3525 909 3565 a
928 3503 1151 3584 posterioribus
1169 3504 1202 3565 in
1221 3503 1373 3583 sepulcris

256 3628 470 3692 nonnunquam
505 3617 642 3673 versatus
676 3631 743 3674 esse
778 3614 954 3676 crederetur
987 3619 1077 3695 atque
1117 3612 1195 3674 adeo
1234 3611 1373 3675 Lucieno

257 3717 381 3781 diurnae
409 3724 634 3801 nocturnaeque
658 3719 842 3800 scriptionis,
874 3741 965 3803 qnam
989 3721 1019 3782 in
1046 3729 1236 3784 mortuorum
1264 3737 1375 3782 monu-

256 3825 364 3888 mentis
390 3827 438 3888 lric
469 3827 668 3908 philosophus
696 3827 868 3904 factitasset,
889 3829 927 3889 ad
951 3829 1045 3891 risum
1066 3828 1247 3891 nrovcndnm
1270 3847 1377 3890 curen-

257 3933 375 3998 tiendae
394 3935 484 4016 copia
507 3935 637 3998 daretur.
674 3937 737 4000 Sed
757 3936 829 4000 satis
844 3937 882 4001 dc
904 3938 964 4002 boc
985 3935 1171 4000 Antisthenis
1190 3936 1271 3999 loco.
