2892 4872
379 308 463 364 Liber
482 308 517 364 ll.
557 307 600 362 Da
613 307 765 364 Democriti
783 309 902 380 scriptia.
1137 315 1195 378 101

90 479 147 540 sirc
166 485 238 558 post
267 480 331 558 ejus
353 477 469 540 obitum
498 475 536 536 ab
565 475 631 538 aliis
661 474 837 538 hbderitmri
858 478 1031 560 philosophi
1055 481 1196 545 lucubra-

89 586 181 648 tiones
213 587 244 646 iu
280 585 436 648 codicibus
472 584 587 646 calaum
625 584 784 664 descriptis
819 585 983 666 dispositae
1009 588 1194 669 legebantur.

90 694 163 756 Nem
193 713 287 775 quum
318 691 458 754 traditum
485 691 525 753 sit
550 692 588 753 ab
615 690 771 754 Athenaeo
797 692 847 754 lib.
870 695 924 769 lV,
949 697 986 757 19
1014 718 1044 776 p.
1068 701 1128 762 168
1149 701 1196 774 B.,

86 809 116 866 ut
137 803 296 882 superiore
324 799 405 860 libro
435 799 581 876 vidirnuS,
613 799 822 862 Democritum
851 821 889 862 ex
919 802 1024 866 itinere
1051 806 1195 868 reducem

85 910 160 989 apud
181 907 397 971 Abderitarum
420 906 542 983 judices
563 906 684 986 publice
708 907 848 970 recitasse
874 910 1022 989 opuscula
1046 911 1194 996 περὶτῶν

86 1013 114 1076 ἐν
134 1010 210 1100 ᾆδον
231 1023 264 1078 et
285 1013 378 1098 μέγαν
403 1013 580 1096 διάκοσμον,
598 1033 724 1076 necesse
743 1023 798 1090 est,
823 1017 897 1078 haec
919 1018 1072 1080 volumina
1093 1021 1194 1096 jama

84 1125 291 1205 peregrinante
306 1142 374 1184 esse
394 1121 575 1202 conscripto,
597 1127 688 1203 atque
710 1122 740 1184 iu
755 1123 859 1202 primis
871 1126 1038 1188 Democriti
1050 1127 1194 1207 operibus

84 1253 145 1294 esse
163 1232 359 1294 numeranda.
403 1229 461 1291 Cui
481 1229 647 1310 suspicioni
669 1249 732 1291 raon
756 1230 899 1311 exiguum
920 1233 989 1294 inde
1008 1234 1125 1296 accedit
1145 1235 1194 1296 srr-

82 1348 268 1418 mameutum
291 1340 374 1421 quod
396 1337 427 1399 in
450 1338 672 1400 commentariis
696 1338 800 1400 ethicis
818 1338 924 1418 plures
948 1349 1033 1403 eraut
1051 1341 1089 1403 de
1107 1363 1193 1422 pere-

82 1449 169 1528 grinis
192 1447 334 1529 gentibus
357 1444 577 1526 disputationes
598 1464 673 1526 quas
696 1446 845 1521 nonnulli,
873 1453 907 1510 ut
928 1468 966 1508 ex
987 1449 1125 1530 Diogene
1142 1449 1192 1530 ¹⁰)

82 1555 231 1632 discimus,
258 1575 277 1616 a
305 1555 425 1637 reliquo
457 1553 744 1618 commentariorum
766 1574 899 1636 corpore
919 1563 1118 1634 secernentes,
1141 1577 1192 1638 pe-

83 1663 208 1725 culiares
238 1661 362 1722 libellos
385 1661 579 1738 judicabant,
606 1667 696 1744 atque
722 1662 845 1723 nomine
874 1665 1041 1742 argumenti
1068 1676 1192 1726 naturae

82 1771 278 1834 conveniente
308 1769 508 1850 appellabant.
557 1768 679 1850 Quippe
705 1769 937 1832 commeutarios
966 1771 1039 1832 sive·
1059 1771 1190 1854 ὑπομνήι

81 1899 163 1956 para,
183 1877 442 1961 quemadmodum
462 1877 650 1938 Graecorum
660 1878 896 1960 Latinorumque
915 1879 1104 1942 cousuetudo
1124 1881 1191 1954 tert,

79 2005 151 2064 opus
171 1987 203 2048 in
226 1985 338 2046 itincre
364 1985 471 2066 raptim
502 1985 707 2064 conscriptum
735 1985 854 2046 videtur
875 1985 1075 2066 philosophus
1097 1988 1193 2048 nomi-

80 2112 170 2172 uasse,
192 2096 224 2156 iu
253 2114 314 2175 quo
344 2115 413 2158 cum
433 2092 579 2156 normulta
604 2092 642 2154 de
667 2092 774 2154 morali
801 2093 995 2172 philosophia
1021 2093 1192 2172 dissereret,

80 2207 135 2264 tum
166 2203 269 2264 multa
296 2203 334 2264 de
361 2208 529 2264 exterarum
572 2219 647 2281 quas
681 2207 743 2261 turn
773 2201 850 2262 torte
879 2200 1021 2262 lustraret
1059 2202 1192 2281 gentiam

78 2310 217 2386 moribuS,
244 2309 361 2386 litteris,
380 2309 522 2372 institutis
547 2312 721 2388 expaueret.
767 2308 905 2390 Denique
928 2329 990 2371 nou
1014 2310 1079 2372 siue
1102 2329 1193 2371 causa

79 2419 261 2498 scriptorum
275 2417 543 2480 'Democritcorum
565 2415 650 2497 quasi
671 2435 778 2496 agmen
798 2415 849 2476 illa
877 2415 961 2479 ducit
980 2417 1192 2478 commentatio

79 2545 162 2606 quam
191 2527 231 2588 de
263 2527 433 2606 Pythagora
462 2523 598 2585 relictam
626 2523 715 2602 hujus
736 2521 911 2603 philosophi
932 2523 1055 2586 nomiue
1078 2524 1192 2584 Noster

79 2643 249 2696 ornaverat.
291 2635 366 2716 Quis
387 2633 466 2694 eninr
488 2631 600 2708 credat,
622 2629 837 2705 Democritum,
854 2651 947 2711 quum
961 2632 1025 2708 jam
1045 2630 1192 2710 Leucippi

77 2740 265 2824 aliorumque
284 2741 495 2820 magistrorum
518 2738 667 2800 beneficio
690 2738 857 2799 divinarum
880 2743 911 2798 et
931 2738 1126 2800 humanarum
1146 2757 1193 2800 rc-

78 2867 138 2910 nun
163 2849 343 2930 cognitione
367 2846 500 2926 repletus
528 2845 568 2908 ed
591 2865 647 2908 sua
674 2845 796 2907 decreta
814 2844 921 2906 litteris
942 2845 1110 2906 mandanda
1131 2845 1191 2906 aui-

78 2975 152 3020 mum
175 2957 357 3039 appulisset,
392 2953 539 3036 editisque
560 2953 699 3034 pluribus
719 2953 809 3032 hujus
834 2953 953 3032 generis
975 2952 1191 3032 scriptionibus

78 3063 199 3142 gloriam
220 3063 374 3146 quandam
393 3067 473 3124 esset
495 3067 686 3138 consecutus
709 3065 798 3142 atque
819 3060 858 3122 ad
877 3060 1084 3140 promovenda
1104 3059 1192 3120 disci-

78 3171 221 3250 plinarum
254 3171 354 3233 studia
391 3169 588 3231 intentissima
626 3188 700 3230 cura
732 3174 763 3229 et
787 3168 907 3230 assidua
934 3167 1085 3247 diligentia
1111 3185 1191 3246 opus

79 3297 141 3340 esso
162 3285 322 3354 cerneret,
352 3277 540 3340 celebrandis
569 3277 757 3356 Pythagorae
786 3273 926 3337 laudibus
955 3276 1053 3338 adhuc
1083 3293 1191 3336 vacare

80 3387 212 3462 potuisse
232 3385 302 3466 ¹¹)t
332 3388 427 3447 humo
446 3385 506 3447 talc
525 3384 705 3464 opusculum
727 3383 921 3460 adolescenti,
941 3403 1030 3463 quarn
1051 3383 1118 3443 viro
1139 3387 1191 3442 aut

79 3495 137 3556 seui
156 3495 259 3577 aptius
289 3501 362 3558 erat.
413 3494 495 3554 llaec
524 3499 622 3553 autem
648 3491 706 3552 tria
736 3511 865 3571 quorum
891 3511 909 3552 a
942 3511 989 3552 me
1018 3489 1117 3551 trahite
1144 3497 1190 3550 est

80 3606 197 3684 urentia,
233 3601 402 3667 Democriti
433 3619 528 3681 opera
559 3599 644 3662 initio
676 3599 822 3660 librormu
854 3597 960 3660 iudicis
989 3598 1028 3659 ad
1057 3603 1190 3658 nostram

82 3767 280 3783 ——

148 3863 186 3924 ¹⁰)
210 3863 253 3912 lib.
273 3861 313 3921 lx,
329 3857 373 3910 48:
410 3853 536 3910 Τάττουσι
562 3855 590 3908 δέ
614 3873 681 3912 τινες
705 3851 764 3904 κατ’
789 3852 854 3906 idlae
873 3852 902 3906 irc
922 3857 974 3905 τῶν
995 3853 1189 3922 ι’νπομνῃμοὶτων

82 3943 121 3992 καὶ
138 3947 237 3994 τοῦτο·
255 3939 285 3992 τὸ
300 3939 357 4010 περὶ
370 3943 423 3989 τῶν
439 3937 465 3989 ἐν
480 3935 618 4006 Βαβυλῶνι
631 3933 706 4006 ἱὲρῶν
724 3935 895 4004 γραμμάτων,
910 3929 971 4004 Περὶ
986 3939 1039 3984 τῶν
1060 3933 1085 3984 ἐν
1103 3929 1190 4004 hirprip

81 4019 153 4092 leptim
175 4023 347 4094 γραμμάτων,
375 4015 435 4092 llrpl
454 4017 575 4090 ἱστορίης.
601 4014 751 4074 Χαλδαϊκὸς
779 4013 865 4084 λόγος,
889 4011 999 4085 upupa:
1021 4012 1107 4082 lai-poc,
1129 4011 1191 4086 Περὶ

81 4107 187 4170 mrprrair
207 4103 252 4153 acl
272 4107 324 4154 τῶν
351 4097 401 4154 ἀπὸ
423 4098 518 4152 volam
539 4097 700 4169 βησσόντων,
726 4093 830 4165 Nopmd
858 4093 935 4152 cirta,
960 4091 1073 4165 >taphsa
1093 4091 1109 4163 h
1129 4111 1189 4164 arpo·

83 4179 212 4252 βλήματα.

151 4275 190 4338 ¹¹)
210 4273 274 4325 Vide
294 4289 365 4340 quem
390 4273 457 4326 intra
478 4275 511 4324 dc
531 4274 582 4324 hoo
603 4273 688 4324 libello
710 4271 839 4322 diccnnrs.
