2932 4862
364 305 447 362 Liber
466 303 513 362 tv.
562 305 605 360 Dc
624 305 774 362 Democriti
790 309 907 378 placitis.
1132 309 1196 375 3Βό

79 493 192 555 porum
219 473 323 554 figuris
353 473 489 554 pendens
516 473 596 536 marri
623 473 827 552 adjuvabatur.
877 475 910 536 ld
932 476 1106 556 improbans
1125 477 1191 540 Ari·

79 583 205 645 stoteles
227 583 265 643 de
288 582 377 644 coelo
398 583 490 659 1V,6
518 582 685 645 Democriti
711 582 887 645 seutentiam
910 584 1016 664 paucis
1035 585 1192 650 adumbra-

78 697 139 752 tarn
163 685 353 767 retellit³⁴):
396 688 545 770 „Figurae
574 709 657 766 vcro,
685 691 829 772 iuquiens,
851 709 914 752 uon
933 697 1004 754 sunt
1023 711 1140 770 causae,
1159 700 1194 757 ut

79 799 215 860 serantur
239 795 417 874 simpliciter
446 815 580 876 corpora
607 805 659 860 aut
685 799 830 860 deorsum
856 803 908 860 aut
933 817 1063 876 sursum,
1086 800 1141 862 sed
1159 807 1193 862 ut

78 904 217 967 velocius
238 911 290 966 aut
311 903 435 966 tardius.
479 905 611 985 Propter
635 925 710 986 quas
738 912 837 966 autem
858 925 973 982 causas,
992 926 1054 968 aron
1073 913 1119 970 est
1138 907 1193 969 dii-

79 1011 161 1075 ticile
180 1012 218 1074 ad
241 1011 475 1092 intelligendum.
525 1013 674 1074 Incertum
702 1012 780 1074 euim
806 1033 886 1076 nurrc
911 1013 1037 1091 videtur,
1057 1033 1113 1077 cur
1132 1015 1193 1077 iata

80 1122 261 1183 ferramenta
283 1125 313 1181 et
333 1119 492 1200 plumbum
518 1137 611 1198 super
640 1139 719 1201 aqua
743 1125 853 1197 natent,
877 1120 936 1183 alia
956 1130 1056 1184 autern
1075 1123 1192 1185 minora

80 1237 112 1293 et
132 1229 230 1292 miuus
252 1227 363 1309 gravia,
388 1227 415 1289 si
441 1226 571 1290 rotunda
595 1227 655 1288 siut
679 1233 731 1290 aut
757 1228 858 1308 longa,
886 1237 920 1291 ut
946 1249 1028 1307 acus,
1050 1231 1191 1292 deorsum

79 1337 226 1412 serantur,
246 1346 277 1398 ct
306 1319 361 1398 cur
389 1334 490 1415 aliqua
515 1341 644 1414 propter
672 1337 851 1415 parvitatem
879 1341 981 1398 natent
1007 1336 1038 1398 iu
1058 1341 1138 1413 aire,
1157 1345 1191 1400 ut

79 1443 148 1506 auri
171 1449 303 1506 ramenta
324 1443 441 1524 aliaque
464 1448 563 1503 terrea
584 1449 614 1502 et
637 1443 854 1523 pulverulenta.
898 1450 1036 1525 Quorum
1057 1446 1190 1508 omnium

79 1551 197 1632 siquis
228 1571 292 1613 earn
323 1571 413 1633 quam
439 1549 632 1612 Democritus
663 1552 836 1631 suspicatur
863 1571 1000 1628 causam,
1027 1551 1055 1612 in
1085 1571 1191 1614 erroro

79 1665 227 1722 versatur.
270 1659 325 1720 llle
346 1659 424 1720 enirn
445 1659 574 1718 affirmat
601 1659 783 1738 corpuscula
804 1659 902 1722 calida
922 1678 959 1721 ex
987 1677 1064 1740 aqua
1087 1677 1190 1720 exsur·

78 1765 180 1846 gentio
202 1763 349 1828 sustinere
369 1786 385 1827 e
408 1765 549 1846 gravibus
566 1785 602 1827 ea
620 1786 697 1847 quae
713 1767 870 1828 latitudine
887 1765 1044 1842 emineant,
1065 1773 1190 1846 aragusta

78 1891 153 1934 vero
183 1873 341 1952 decidere,
374 1874 487 1956 quippe
517 1895 607 1954 quurn
634 1895 731 1953 pauca
759 1875 819 1936 sint
847 1895 923 1956 quae
949 1873 985 1935 iis
1014 1881 1189 1954 repugnent

78 1981 250 2061 Oportebat
271 1989 370 2043 auteur
391 1982 421 2042 in
443 1987 513 2044 aiire
535 1982 623 2044 ctiam
645 1981 739 2062 magis
761 1982 819 2043 boc
841 1982 942 2042 iacere
965 1980 1189 2061 (corpnserda),

79 2089 336 2170 quemadmodum
357 2089 407 2150 itte
431 2089 496 2170 ipse
518 2089 652 2165 haesitat,
676 2088 730 2152 sed
757 2088 828 2151 dum
848 2087 981 2163 haesitat,
1003 2086 1095 2149 solvit
1116 2088 1189 2149 leni-

80 2205 127 2259 ter
145 2195 388 2278 (difficultatem).
436 2197 489 2258 Ait
517 2196 595 2258 enim
623 2216 684 2258 non
713 2196 744 2257 iu
773 2196 902 2257 eundem
923 2193 1027 2256 locum
1047 2194 1190 2275 impetum

78 2309 179 2369 facere
204 2307 287 2380 αοῦν,
317 2305 377 2366 boc
405 2304 525 2366 nonriue
556 2323 669 2366 vocans
700 2310 813 2365 motum
844 2322 950 2365 eorum
972 2321 1048 2384 quae
1068 2321 1188 2364 sursum

78 2417 225 2489 feruntur,
260 2411 452 2491 corporum.'’
506 2411 560 2473 His
591 2431 653 2474 non
685 2411 807 2474 obstant
834 2429 912 2493 quae
941 2407 1121 2470 Aristoteles
1150 2407 1189 2469 de

79 2523 167 2585 coelo
190 2522 211 2598 l,
233 2523 251 2582 7
276 2519 374 2582 minus
397 2525 537 2582 accurate
562 2519 600 2582 de
630 2519 737 2582 eodem
759 2525 936 2600 argumento
949 2515 1104 2596 judicavit

164 2627 335 2692 Generandi
369 2627 493 2689 materia
525 2627 680 2690 individuo
711 2634 781 2690 sunt
813 2625 995 2706 corpuscula
1025 2629 1054 2684 ε1
1083 2622 1186 2694 inune:

79 2758 117 2802 ex
138 2739 247 2798 borum
267 2736 356 2816 igitur
379 2735 613 2812 discriminibus,
635 2735 914 2815 courplexiorribu5‚
935 2728 1187 2812 copulationibus,

78 2842 366 2908 adhaesitaticnibus
395 2863 472 2925 quae
501 2848 571 2905 suut
599 2862 736 2924 quaeque
759 2849 924 2906 cernuntur
941 2845 1100 2921 procreata
1121 2857 1188 2900 esse

78 2953 180 3018 onmia
203 2959 233 3014 ct
255 2951 445 3013 continenter
464 2951 621 3030 procreari
644 2947 855 3030 convenit³⁵).
899 2948 939 3010 At
961 2965 1080 3009 omnem
1098 2964 1188 3024 gene-

147 3199 186 3260 Η1
207 3199 313 3248 aristot
334 3197 368 3247 de
386 3196 462 3246 coeio
482 3195 523 3254 lV,
540 3191 568 3244 6:
596 3189 636 3246 Τὰ
654 3191 681 3246 bi
700 3193 822 3265 τρήματα
845 3189 894 3242 oba
913 3187 980 3242 οιίτιοι
996 3193 1043 3242 τοῦ
1064 3187 1187 3261 φίρεαίίαι

76 3275 168 3336 ἁπλῶς
186 3275 202 3348 ἡ
223 3276 297 3326 adaco
319 3273 335 3345 ἢ
355 3273 419 3337 ἄνια,
439 3273 506 3325 ἀλλὰ
522 3277 568 3327 τοῦ
586 3269 681 3326 θᾶττον
704 3273 720 3345 ἢ
742 3271 907 3346 βραῦίιτιρον.
945 3266 986 3322 Δι’
1007 3269 1037 3328 ἃς
1058 3267 1085 3321 ot
1106 3269 1188 3328 αἰτίας

76 3357 109 3412 ob
131 3354 244 3429 χαλεπὸν
274 3354 351 3406 titia·
378 3355 509 3426 ἀπορεῖται
533 3353 582 3427 γὰρ
605 3359 650 3406 νῦν
675 3353 717 3406 tut
741 3354 764 3404 τί
788 3351 820 3403 τὰ
845 3349 942 3404 πλατέα
961 3349 1061 3422 σιδήρια
1079 3350 1124 3401 aot
1142 3348 1185 3418 μό-

75 3437 173 3507 λυβδος
193 3435 292 3490 ἐπιπλεῖ
310 3434 350 3486 tet
374 3439 421 3486 τοῦ
448 3431 552 3498 ὕδατος,
578 3433 645 3486 ἄλλα
670 3433 698 3488 δὲ
722 3432 821 3486 ἐλάττω
841 3433 886 3483 καὶ
910 3429 986 3502 ἧτταν
1014 3431 1102 3503 βαρέα,
1123 3423 1185 3502 dvij

76 3515 222 3589 ετρογγίιλα
241 3515 257 3588 ἡ
278 3517 376 3587 μακροί,
392 3514 446 3568 οἷον
466 3513 570 3586 βελόνη,
583 3516 656 3566 adrat
670 3517 779 3586 φέρεται,
799 3513 843 3564 καλ
861 3509 899 3564 ὅτι
913 3513 968 3564 ioco
986 3510 1028 3564 itai
1046 3509 1187 3581 μικρότητα

76 3597 184 3660 ἐπιπλεῖ,
205 3595 258 3649 οἷον
285 3595 314 3647 τὸ
341 3597 432 3667 ψῆγμα
459 3595 503 3646 aad
531 3593 598 3648 ἄλλα
621 3595 706 3665 γεώδη
733 3595 777 3646 aad
800 3590 961 3663 κονιορτώδη
981 3591 1022 3644 nu
1036 3595 1083 3643 τοῦ
1104 3589 1188 3661 ἀέρος.

77 3677 143 3749 ίίιρί
161 3676 192 3747 δὴ
210 3674 310 3728 rubrum
333 3677 454 3727 ἁπάντων
482 3675 511 3727 τὸ
531 3677 578 3744 μὲν
598 3676 710 3744 νομίζειν
731 3673 809 3726 οιίπιον
838 3671 902 3724 εἶναι
926 3669 1011 3742 ὥσπερ
1028 3667 1207 3742 Δημόκριτος,

76 3757 128 3811 oba
151 3755 236 3828 ὀρθῶς
258 3755 321 3828 ἔχει.
352 3753 471 3814 Ἐκεῖνος
491 3757 538 3828 γάρ
557 3773 619 3828 φησι
636 3756 668 3807 τὰ
689 3755 743 3807 dam
762 3752 890 3828 φερόμενα
908 3747 992 3822 θερμὰ
1011 3751 1041 3801 ἐκ
1061 3755 1107 3803 τοῦ
1128 3749 1187 3802 baa-

75 3857 121 3896 τος
142 3835 319 3909 ἀνακωχιίειν
344 3837 376 3889 τὰ
399 3835 498 3888 πλατία
521 3842 574 3887 τιῐιν
595 3835 708 3909 ἐχόντων
727 3835 816 3907 βοίρος,
843 3834 876 3884 τὰ
893 3831 921 3884 ὄλ
940 3830 1016 3883 στενὰ
1032 3830 1187 3883 διαπίπτειν·

77 3917 152 3986 ὀλίγα
170 3915 217 3988 γὰρ
240 3917 304 3969 εἶναι
327 3917 359 3968 τὰ
382 3915 567 3988 ἀντικροίοντα
586 3915 683 3976 αὺτοῖς.
716 3914 786 3970 'Eoo
807 3913 832 3966 δ’
856 3914 883 3964 ίν
900 3915 937 3982 τῷ
958 3909 1012 3983 ἀίρι
1033 3910 1069 3962 ίτι
1089 3908 1188 3978 μᾶλλον

75 4002 155 4050 τοῦτο
177 4003 271 4060 ποιεῖν,
292 3995 378 4070 ὥαπιρ
404 3997 532 4050 ἐνίσταται
552 3997 672 4057 κάκεῖνος
692 3997 778 4056 αὖτίς.
810 3987 885 4050 Ἀλλ’
914 3990 1003 4048 ίνατὰς
1031 3988 1084 4042 tto
1105 3987 1188 4056 μαλα·

75 4084 149 4136 arbe·
173 4079 236 4150 φησί
255 4078 302 4150 γὰρ
329 4077 378 4130 aba
405 4079 440 4137 είς
465 4078 492 4131 iu
518 4077 663 4150 bppqinriu
682 4085 751 4144 τοῖιν,
770 4075 932 4146 btruncabo
952 4069 1115 4142 τὴνκίνησιν
1135 4072 1187 4119 τῶν

75 4157 133 4210 ἅνω
150 4157 302 4229 φερομένων
319 4160 460 4228 conputruit.

149 4251 189 4314 Η1
208 4251 244 4303 Ci.
260 4252 368 4303 Aristot.
387 4251 502 4316 Detnpb
524 4265 550 4315 p.
574 4247 606 4301 15
624 4250 664 4302 ed.
686 4249 805 4301 Brandts.
841 4249 935 4300 Cicero
956 4245 990 4296 de
1011 4245 1053 4295 tiu.
1073 4237 1131 4304 16.

905 4339 945 4400 25
