2932 4862
335 334 419 390 Liber
437 333 485 391 lv.
520 334 563 388 lle
583 334 734 388 Democriti
752 333 870 404 placitis.
1098 333 1162 398 Ἶ119

54 503 147 584 probe
159 502 326 582 intelligere
338 498 582 580 videretur¹⁷⁷).
612 499 709 562 Porro
729 499 916 562 omnimodo
932 498 1158 581 justitiam'⁷⁸)

55 619 84 672 et
103 610 276 691 diligentem
302 608 495 690 publicorum
520 625 679 668 munerum
697 605 985 669 administrationem
1007 627 1159 671 commen-

53 717 126 780 dans
141 714 213 795 179)
234 716 353 797 legibus
379 714 582 778 obediendum
608 731 674 776 esse
695 713 859 794 praecepit,
881 733 960 795 quae
984 733 1050 777 eam
1071 715 1161 778 hube-

54 834 119 887 rent
138 823 207 900 vim,
229 829 263 886 ut
287 843 380 906 quum
408 823 447 884 ad
471 820 608 883 homines
629 819 783 883 benelioiis
808 820 962 884 ornandos
980 823 1160 887 constitutae

53 937 155 994 essent
186 930 396 994 obedientibus
419 929 582 993 salutarem
603 945 689 990 suam
712 932 850 990 naturam
868 929 1062 992 ostenderent
1079 929 1159 1012 ¹⁸⁰).

53 1039 213 1101 Postremo
233 1036 370 1119 quamvis
392 1035 449 1098 sibi
471 1035 671 1118 persuasisset
690 1033 881 1114 magistratus
904 1042 934 1097 et
955 1036 1087 1102 honores
1108 1059 1161 1121 pe-

51 1145 160 1209 tendos
179 1163 246 1207 esse
258 1144 266 1176 ¹
278 1141 290 1176 ⁸
302 1143 339 1224 ¹),
362 1147 462 1204 tamen
486 1161 549 1205 non
571 1159 610 1204 eo
629 1139 759 1202 consilio
777 1159 902 1204 munere
921 1144 1035 1226 suscipi
1055 1146 1160 1225 voluit,

50 1261 83 1314 ut
113 1252 240 1333 gloriani
266 1245 563 1333 sequeremur¹⁸²)‚
590 1247 645 1310 sed
672 1252 706 1310 ut
734 1246 851 1310 civibus
880 1249 992 1312 nostris
1013 1253 1160 1333 prodesse

48 1361 165 1423 liceret.

128 1467 212 1528 llaec
230 1472 320 1548 atque
335 1463 395 1525 alin
409 1463 440 1524 in
453 1462 579 1524 eandem
590 1459 766 1523 senteutiam
779 1480 798 1522 a
811 1459 988 1523 Democrito
1003 1462 1041 1524 de
1052 1463 1161 1526 morali

50 1572 247 1654 philosophia
266 1571 422 1643 dicuntum
446 1569 484 1632 de
505 1587 564 1652 qua
586 1587 763 1650 quamquam
781 1569 968 1647 posteriores
987 1568 1161 1651 philosophi

49 1679 194 1742 subtilius
216 1680 431 1753 disseruerunt,
453 1683 552 1739 nmen
573 1673 624 1738 vel
645 1675 720 1736 hacc
741 1674 897 1736 doctrinae
918 1651 1010 1738 initia‘
1022 1696 1091 1740 cum
1112 1679 1162 1741 ci-

48 1782 245 1867 cerone¹³³)
269 1785 425 1866 praeclara
444 1783 600 1846 nominare
623 1799 684 1844 non
706 1780 885 1845 dubitamus.

47 1956 252 1968 ——-=

123 2055 178 2118 ¹⁷²)
198 2055 299 2118 angm.
322 2053 413 2102 nrornl.
435 2049 491 2102 195.

123 2146 179 2208 Ηὓ)
198 2145 299 2208 Fregm.
320 2143 411 2193 moral.
430 2139 487 2192 nn.

123 2237 181 2298 Η’)
199 2235 300 2297 Frogm.
319 2233 410 2283 moral.
429 2229 486 2282 ant.

125 2325 181 2388 ¹⁸⁰)
201 2323 303 2386 Frogm.
322 2317 416 2374 morti.
434 2319 489 2373 197.

123 2415 180 2479 ¹⁸¹)
196 2414 299 2477 l'ragm.
319 2414 411 2463 morel.
431 2409 488 2462 195.

122 2506 180 2564 ¹⁸2)
198 2503 329 2556 Plutarch.
350 2503 414 2566 reip.
436 2517 491 2567 gor.
512 2515 602 2566 preec.
622 2516 648 2567 p.
666 2499 719 2554 sto
738 2501 798 2564 (vol.
818 2501 859 2566 tx,
878 2515 904 2566 p.
921 2499 972 2553 266
991 2504 1033 2555 ed.
1051 2503 1160 2568 neoni:

45 2590 103 2642 ἐπεὶ
129 2585 177 2657 τήν
197 2601 225 2654 γι
251 2579 376 2652 ἀληθινὴν
403 2581 479 2651 τιμὴν
504 2581 550 2632 καὶ
571 2579 646 2652 χάριν
667 2579 804 2654 ἱδρυμένην
825 2579 852 2632 tv
875 2577 964 2651 tbvolp
985 2582 1031 2634 καὶ
1050 2579 1163 2636 διαθέσει

43 2675 99 2721 τῶν
122 2662 299 2736 μεμνημένων
322 2661 372 2734 οὐχ
388 2659 543 2731 ὑπερόψεται
562 2659 692 2720 πολιτικὸς
710 2661 784 2732 ἀνὴρ,
805 2658 866 2712 otti
888 2676 918 2731 γι
938 2659 1016 2723 δόξαν
1034 2661 1162 2732 ἀτιμάσω,

45 2749 157 2820 enipeus
176 2743 205 2797 τὸ
223 2747 277 2800 τοῖς
298 2739 378 2800 πέλας
396 2739 525 2804 theulut,
547 2737 584 2798 ὡς
599 2739 673 2812 ἠξίου
692 2735 864 2812 Δημόκριτος.

121 2837 180 2902 ¹⁸³)
199 2837 252 2889 Cio.
272 2835 307 2889 de
327 2835 372 2890 tin.
389 2835 421 2896 v,
441 2831 481 2885 29.
508 2835 610 2896 „certe
629 2837 757 2899 utquam
776 2832 885 2884 minime
901 2833 1036 2885 animose
1053 2837 1162 2898 cogite-

46 2921 172 2974 tionibus
198 2915 386 2978 abduceretur,
411 2915 600 2979 patrimonium
626 2914 741 2977 neglexit
762 2913 960 2976 (Democritus),
982 2927 1061 2978 agros
1078 2916 1161 2968 dese·

46 3005 103 3054 cuit
127 2999 252 3060 irioullos,
269 2997 333 3062 qnid
352 3007 485 3061 quaerens
505 2995 577 3046 aliud
595 2997 646 3048 nisi
660 2993 768 3048 beatem
787 2994 892 3046 uttam?
931 2995 1016 3056 Quom
1040 2997 1063 3047 si
1081 2997 1162 3048 etiam

45 3085 73 3134 in
92 3093 190 3133 rerum
208 3078 360 3142 cognitione
378 3073 503 3140 ponebat,
515 3079 605 3126 tamon
626 3089 659 3129 ex
676 3076 718 3127 illo
738 3074 942 3140 investigatione
961 3079 1074 3128 netum
1090 3089 1162 3128 con-

45 3164 127 3228 sequi
148 3159 265 3221 sulebat,
290 3155 362 3208 bono
387 3159 417 3207 ut
444 3159 518 3209 esset
537 3158 634 3209 animo.
672 3157 735 3208 ldeo
758 3154 828 3205 enim
849 3153 891 3206 ille
907 3167 1043 3208 summum
1060 3156 1162 3209 bonum

44 3239 181 3309 otbeptev
206 3243 233 3290 et
258 3251 341 3303 saepe
364 3231 495 3304 ἀθαμβίαν
518 3236 640 3301 appellnt
664 3237 691 3288 td
715 3237 757 3288 est
782 3235 901 3286 animum
922 3237 1025 3287 terrore
1042 3235 1162 3289 liberum.

45 3324 102 3374 Sed
120 3323 192 3374 haec
208 3321 258 3372 etsi
276 3318 422 3382 praeclare,
441 3317 560 3368 nondum
579 3319 669 3368 tumen
684 3319 711 3367 et
731 3313 869 3380 perpolita.
903 3313 992 3366 Peuce
1012 3317 1089 3380 enlm,
1110 3329 1164 3368 ne-

44 3419 100 3470 que
124 3416 160 3455 ee
179 3403 237 3466 ipsa
258 3399 397 3450 enucleate
415 3395 449 3448 ab
467 3397 519 3448 boc
538 3397 573 3448 de
592 3397 691 3448 virtute
714 3393 823 3462 quidem
843 3393 936 3446 dicte?
