<?xml version="1.0" encoding="UTF-8"?>
<!DOCTYPE html PUBLIC "-//W3C//DTD XHTML 1.0 Transitional//EN"
    "http://www.w3.org/TR/xhtml1/DTD/xhtml1-transitional.dtd">
<html xmlns="http://www.w3.org/1999/xhtml" xml:lang="en" lang="en">
 <head>
  <title>
</title>
<meta http-equiv="Content-Type" content="text/html;charset=utf-8" />
  <meta name='ocr-system' content='tesseract 3.04.00' />
  <meta name='ocr-capabilities' content='ocr_page ocr_carea ocr_par ocr_line ocrx_word'/>
</head>
<body>
  <div class='ocr_page' id='page_1' title='image "./democritiabderi00mullgoog_0051.png"; bbox 0 0 2956 4860; ppageno 0'>
   <div class='ocr_carea' id='block_1_1' title="bbox 308 287 1090 362">
    <p class='ocr_par' dir='ltr' id='par_1_1' title="bbox 308 287 1090 362">
     <span class='ocr_line' id='line_1_1' title="bbox 308 287 1090 362; baseline 0 -18"><span class='ocrx_word' id='word_1_1' title='bbox 308 293 353 362; x_wconf 80' lang='lat'><strong>30</strong></span> <span class='ocrx_word' id='word_1_2' title='bbox 640 290 836 353; x_wconf 67' lang='lat' dir='ltr'><strong>Quaestionum</strong></span> <span class='ocrx_word' id='word_1_3' title='bbox 857 287 1090 344; x_wconf 81' lang='lat' dir='ltr'><strong>Democritcnrnnn</strong></span> 
     </span>
    </p>
   </div>
   <div class='ocr_carea' id='block_1_2' title="bbox 308 455 1422 3349">
    <p class='ocr_par' dir='ltr' id='par_1_2' title="bbox 308 455 1422 2918">
     <span class='ocr_line' id='line_1_2' title="bbox 310 455 1415 547; baseline -0.005 -21"><span class='ocrx_word' id='word_1_4' title='bbox 310 459 478 547; x_wconf 57' lang='lat' dir='ltr'><strong>(ottatss)</strong></span> <span class='ocrx_word' id='word_1_5' title='bbox 505 458 635 544; x_wconf 90' lang='lat' dir='ltr'><strong>loquens</strong></span> <span class='ocrx_word' id='word_1_6' title='bbox 662 455 773 536; x_wconf 81' lang='lat' dir='ltr'><strong>baiulis</strong></span> <span class='ocrx_word' id='word_1_7' title='bbox 799 455 1060 534; x_wconf 82' lang='lat' dir='ltr'><strong>commodissima,</strong></span> <span class='ocrx_word' id='word_1_8' title='bbox 1087 476 1147 540; x_wconf 88' lang='lat' dir='ltr'><strong>qua</strong></span> <span class='ocrx_word' id='word_1_9' title='bbox 1168 459 1300 521; x_wconf 89' lang='lat' dir='ltr'><strong>humeris</strong></span> <span class='ocrx_word' id='word_1_10' title='bbox 1323 459 1415 540; x_wconf 77' lang='lat' dir='ltr'><strong>impe</strong></span> 
     </span>
     <span class='ocr_line' id='line_1_3' title="bbox 310 563 1416 648; baseline -0.005 -14"><span class='ocrx_word' id='word_1_11' title='bbox 310 572 366 634; x_wconf 90' lang='lat' dir='ltr'><strong>sita</strong></span> <span class='ocrx_word' id='word_1_12' title='bbox 385 570 424 632; x_wconf 86' lang='lat' dir='ltr'><strong>ad</strong></span> <span class='ocrx_word' id='word_1_13' title='bbox 444 588 537 632; x_wconf 89' lang='lat' dir='ltr'><strong>onera</strong></span> <span class='ocrx_word' id='word_1_14' title='bbox 565 565 714 648; x_wconf 88' lang='lat' dir='ltr'><strong>portanda</strong></span> <span class='ocrx_word' id='word_1_15' title='bbox 737 565 833 645; x_wconf 85' lang='lat' dir='ltr'><strong>magis</strong></span> <span class='ocrx_word' id='word_1_16' title='bbox 856 563 1008 640; x_wconf 86' lang='lat' dir='ltr'><strong>valerent,</strong></span> <span class='ocrx_word' id='word_1_17' title='bbox 1029 565 1116 643; x_wconf 89' lang='lat' dir='ltr'><strong>cujus</strong></span> <span class='ocrx_word' id='word_1_18' title='bbox 1135 566 1321 630; x_wconf 89' lang='lat' dir='ltr'><strong>inventorem</strong></span> <span class='ocrx_word' id='word_1_19' title='bbox 1342 568 1416 630; x_wconf 76' lang='lat' dir='ltr'><strong>iere</strong></span> 
     </span>
     <span class='ocr_line' id='line_1_4' title="bbox 308 670 1417 757; baseline -0.003 -16"><span class='ocrx_word' id='word_1_20' title='bbox 308 680 382 741; x_wconf 88' lang='lat' dir='ltr'><strong>bant</strong></span> <span class='ocrx_word' id='word_1_21' title='bbox 398 678 604 757; x_wconf 72' lang='lat' dir='ltr'><strong>Protagoram.</strong></span> <span class='ocrx_word' id='word_1_22' title='bbox 643 673 721 736; x_wconf 89' lang='lat' dir='ltr'><strong>lliuc</strong></span> <span class='ocrx_word' id='word_1_23' title='bbox 748 670 895 754; x_wconf 83' lang='lat' dir='ltr'><strong>originem</strong></span> <span class='ocrx_word' id='word_1_24' title='bbox 918 670 1040 734; x_wconf 86' lang='lat' dir='ltr'><strong>duxisse</strong></span> <span class='ocrx_word' id='word_1_25' title='bbox 1061 672 1193 736; x_wconf 84' lang='lat' dir='ltr'><strong>tabulam</strong></span> <span class='ocrx_word' id='word_1_26' title='bbox 1207 674 1296 736; x_wconf 89' lang='lat' dir='ltr'><strong>illam</strong></span> <span class='ocrx_word' id='word_1_27' title='bbox 1315 675 1340 738; x_wconf 87' lang='lat' dir='ltr'><strong>si</strong></span> <span class='ocrx_word' id='word_1_28' title='bbox 1360 683 1417 738; x_wconf 88' lang='lat' dir='ltr'><strong>sta-</strong></span> 
     </span>
     <span class='ocr_line' id='line_1_5' title="bbox 309 777 1418 864; baseline -0.004 -14"><span class='ocrx_word' id='word_1_29' title='bbox 309 793 437 862; x_wconf 79' lang='lat' dir='ltr'><strong>hramuS,</strong></span> <span class='ocrx_word' id='word_1_30' title='bbox 457 805 505 846; x_wconf 91' lang='lat' dir='ltr'><strong>me</strong></span> <span class='ocrx_word' id='word_1_31' title='bbox 530 784 651 864; x_wconf 87' lang='lat' dir='ltr'><strong>judice,</strong></span> <span class='ocrx_word' id='word_1_32' title='bbox 677 801 742 843; x_wconf 90' lang='lat' dir='ltr'><strong>rem</strong></span> <span class='ocrx_word' id='word_1_33' title='bbox 771 800 829 842; x_wconf 89' lang='lat' dir='ltr'><strong>acu</strong></span> <span class='ocrx_word' id='word_1_34' title='bbox 849 777 1042 860; x_wconf 82' lang='lat' dir='ltr'><strong>tetigerimus.</strong></span> <span class='ocrx_word' id='word_1_35' title='bbox 1086 781 1120 844; x_wconf 90' lang='lat' dir='ltr'><strong>Si</strong></span> <span class='ocrx_word' id='word_1_36' title='bbox 1142 782 1220 844; x_wconf 89' lang='lat' dir='ltr'><strong>enim</strong></span> <span class='ocrx_word' id='word_1_37' title='bbox 1241 781 1418 846; x_wconf 78' lang='lat' dir='ltr'><strong>Aristoteles</strong></span> 
     </span>
     <span class='ocr_line' id='line_1_6' title="bbox 309 887 1419 978; baseline -0.005 -20"><span class='ocrx_word' id='word_1_38' title='bbox 309 895 472 978; x_wconf 86' lang='lat' dir='ltr'><strong>quidquam</strong></span> <span class='ocrx_word' id='word_1_39' title='bbox 500 894 538 955; x_wconf 93' lang='lat' dir='ltr'><strong>de</strong></span> <span class='ocrx_word' id='word_1_40' title='bbox 566 893 621 953; x_wconf 90' lang='lat' dir='ltr'><strong>hac</strong></span> <span class='ocrx_word' id='word_1_41' title='bbox 649 891 833 969; x_wconf 72' lang='lat' dir='ltr'><strong>Protagorae</strong></span> <span class='ocrx_word' id='word_1_42' title='bbox 860 887 983 952; x_wconf 79' lang='lat' dir='ltr'><strong>fortuna</strong></span> <span class='ocrx_word' id='word_1_43' title='bbox 1008 887 1188 967; x_wconf 77' lang='lat' dir='ltr'><strong>audivisset,</strong></span> <span class='ocrx_word' id='word_1_44' title='bbox 1219 909 1282 952; x_wconf 91' lang='lat' dir='ltr'><strong>non</strong></span> <span class='ocrx_word' id='word_1_45' title='bbox 1303 891 1419 966; x_wconf 90' lang='lat' dir='ltr'><strong>dubito,</strong></span> 
     </span>
     <span class='ocr_line' id='line_1_7' title="bbox 310 997 1419 1088; baseline -0.005 -21"><span class='ocrx_word' id='word_1_46' title='bbox 310 1003 384 1088; x_wconf 92' lang='lat' dir='ltr'><strong>quin</strong></span> <span class='ocrx_word' id='word_1_47' title='bbox 403 1007 626 1064; x_wconf 81' lang='lat' dir='ltr'><strong>memoraturus</strong></span> <span class='ocrx_word' id='word_1_48' title='bbox 656 998 764 1072; x_wconf 84' lang='lat' dir='ltr'><strong>fuerit,</strong></span> <span class='ocrx_word' id='word_1_49' title='bbox 785 997 994 1060; x_wconf 83' lang='lat' dir='ltr'><strong>Democritum</strong></span> <span class='ocrx_word' id='word_1_50' title='bbox 1018 997 1128 1062; x_wconf 85' lang='lat' dir='ltr'><strong>iecisse</strong></span> <span class='ocrx_word' id='word_1_51' title='bbox 1150 997 1234 1061; x_wconf 89' lang='lat' dir='ltr'><strong>illum</strong></span> <span class='ocrx_word' id='word_1_52' title='bbox 1253 1016 1292 1060; x_wconf 84' lang='lat' dir='ltr'><strong>ex</strong></span> <span class='ocrx_word' id='word_1_53' title='bbox 1317 997 1419 1077; x_wconf 85' lang='lat' dir='ltr'><strong>bajulo</strong></span> 
     </span>
     <span class='ocr_line' id='line_1_8' title="bbox 309 1104 1420 1194; baseline -0.006 -19"><span class='ocrx_word' id='word_1_54' title='bbox 309 1109 520 1194; x_wconf 80' lang='lat' dir='ltr'><strong>philosophiae</strong></span> <span class='ocrx_word' id='word_1_55' title='bbox 544 1107 723 1170; x_wconf 90' lang='lat' dir='ltr'><strong>studiosum.</strong></span> <span class='ocrx_word' id='word_1_56' title='bbox 774 1106 841 1168; x_wconf 91' lang='lat' dir='ltr'><strong>lluo</strong></span> <span class='ocrx_word' id='word_1_57' title='bbox 868 1104 1001 1182; x_wconf 89' lang='lat' dir='ltr'><strong>accedit,</strong></span> <span class='ocrx_word' id='word_1_58' title='bbox 1032 1106 1115 1189; x_wconf 92' lang='lat' dir='ltr'><strong>quod</strong></span> <span class='ocrx_word' id='word_1_59' title='bbox 1143 1106 1229 1169; x_wconf 91' lang='lat' dir='ltr'><strong>Plato</strong></span> <span class='ocrx_word' id='word_1_60' title='bbox 1258 1105 1289 1166; x_wconf 93' lang='lat' dir='ltr'><strong>in</strong></span> <span class='ocrx_word' id='word_1_61' title='bbox 1315 1107 1420 1168; x_wconf 90' lang='lat' dir='ltr'><strong>Prota-</strong></span> 
     </span>
     <span class='ocr_line' id='line_1_9' title="bbox 310 1211 1419 1302; baseline -0.005 -19"><span class='ocrx_word' id='word_1_62' title='bbox 310 1239 386 1302; x_wconf 90' lang='lat' dir='ltr'><strong>gora</strong></span> <span class='ocrx_word' id='word_1_63' title='bbox 396 1218 408 1252; x_wconf 78' lang='lat'>³</span> <span class='ocrx_word' id='word_1_64' title='bbox 419 1217 448 1298; x_wconf 78' lang='lat'><strong>⁶)</strong></span> <span class='ocrx_word' id='word_1_65' title='bbox 472 1215 638 1297; x_wconf 86' lang='lat' dir='ltr'><strong>sophistam</strong></span> <span class='ocrx_word' id='word_1_66' title='bbox 654 1211 863 1295; x_wconf 86' lang='lat' dir='ltr'><strong>cognominem</strong></span> <span class='ocrx_word' id='word_1_67' title='bbox 877 1213 973 1276; x_wconf 90' lang='lat' dir='ltr'><strong>multo</strong></span> <span class='ocrx_word' id='word_1_68' title='bbox 985 1220 1052 1276; x_wconf 87' lang='lat' dir='ltr'><strong>ante</strong></span> <span class='ocrx_word' id='word_1_69' title='bbox 1066 1215 1223 1278; x_wconf 88' lang='lat' dir='ltr'><strong>Socratem</strong></span> <span class='ocrx_word' id='word_1_70' title='bbox 1238 1219 1339 1278; x_wconf 88' lang='lat' dir='ltr'><strong>natum</strong></span> <span class='ocrx_word' id='word_1_71' title='bbox 1351 1234 1419 1278; x_wconf 86' lang='lat' dir='ltr'><strong>esse</strong></span> 
     </span>
     <span class='ocr_line' id='line_1_10' title="bbox 311 1319 1419 1408; baseline -0.005 -18"><span class='ocrx_word' id='word_1_72' title='bbox 311 1327 408 1390; x_wconf 87' lang='lat' dir='ltr'><strong>sumit</strong></span> <span class='ocrx_word' id='word_1_73' title='bbox 439 1330 580 1408; x_wconf 83' lang='lat' dir='ltr'><strong>Quocum</strong></span> <span class='ocrx_word' id='word_1_74' title='bbox 600 1322 748 1403; x_wconf 86' lang='lat' dir='ltr'><strong>congruit,</strong></span> <span class='ocrx_word' id='word_1_75' title='bbox 767 1322 850 1404; x_wconf 92' lang='lat' dir='ltr'><strong>quod</strong></span> <span class='ocrx_word' id='word_1_76' title='bbox 869 1319 1049 1385; x_wconf 84' lang='lat' dir='ltr'><strong>Aristoteles</strong></span> <span class='ocrx_word' id='word_1_77' title='bbox 1068 1323 1151 1404; x_wconf 89' lang='lat' dir='ltr'><strong>apud</strong></span> <span class='ocrx_word' id='word_1_78' title='bbox 1172 1323 1353 1386; x_wconf 82' lang='lat' dir='ltr'><strong>Ciceronem</strong></span> <span class='ocrx_word' id='word_1_79' title='bbox 1366 1321 1419 1404; x_wconf 72' lang='lat'><strong>³⁰)</strong></span> 
     </span>
     <span class='ocr_line' id='line_1_11' title="bbox 310 1429 1420 1512; baseline -0.003 -15"><span class='ocrx_word' id='word_1_80' title='bbox 310 1433 361 1512; x_wconf 87' lang='lat' dir='ltr'><strong>ait,</strong></span> <span class='ocrx_word' id='word_1_81' title='bbox 382 1435 500 1496; x_wconf 81' lang='lat' dir='ltr'><strong>Corace</strong></span> <span class='ocrx_word' id='word_1_82' title='bbox 534 1439 564 1494; x_wconf 88' lang='lat' dir='ltr'><strong>et</strong></span> <span class='ocrx_word' id='word_1_83' title='bbox 587 1429 670 1493; x_wconf 85' lang='lat' dir='ltr'><strong>Tisia</strong></span> <span class='ocrx_word' id='word_1_84' title='bbox 696 1430 749 1512; x_wconf 92' lang='lat' dir='ltr'><strong>qui</strong></span> <span class='ocrx_word' id='word_1_85' title='bbox 776 1430 869 1510; x_wconf 90' lang='lat' dir='ltr'><strong>paulo</strong></span> <span class='ocrx_word' id='word_1_86' title='bbox 895 1436 967 1510; x_wconf 90' lang='lat' dir='ltr'><strong>post</strong></span> <span class='ocrx_word' id='word_1_87' title='bbox 988 1437 1112 1494; x_wconf 87' lang='lat' dir='ltr'><strong>exactos</strong></span> <span class='ocrx_word' id='word_1_88' title='bbox 1132 1452 1151 1494; x_wconf 88' lang='lat' dir='ltr'><strong>a</strong></span> <span class='ocrx_word' id='word_1_89' title='bbox 1172 1431 1368 1512; x_wconf 82' lang='lat' dir='ltr'><strong>Syracusanis</strong></span> <span class='ocrx_word' id='word_1_90' title='bbox 1387 1439 1420 1494; x_wconf 90' lang='lat' dir='ltr'><strong>et</strong></span> 
     </span>
     <span class='ocr_line' id='line_1_12' title="bbox 310 1538 1420 1624; baseline -0.004 -18"><span class='ocrx_word' id='word_1_91' title='bbox 310 1540 514 1624; x_wconf 83' lang='lat' dir='ltr'><strong>Agrigentinis</strong></span> <span class='ocrx_word' id='word_1_92' title='bbox 535 1546 681 1620; x_wconf 89' lang='lat' dir='ltr'><strong>tyrannos</strong></span> <span class='ocrx_word' id='word_1_93' title='bbox 702 1538 765 1619; x_wconf 91' lang='lat' dir='ltr'><strong>(Ol.</strong></span> <span class='ocrx_word' id='word_1_94' title='bbox 780 1539 821 1602; x_wconf 84' lang='lat'><strong>78</strong></span> <span class='ocrx_word' id='word_1_95' title='bbox 842 1545 871 1600; x_wconf 89' lang='lat' dir='ltr'><strong>et</strong></span> <span class='ocrx_word' id='word_1_96' title='bbox 884 1539 937 1619; x_wconf 85' lang='grc'><strong>79)</strong></span> <span class='ocrx_word' id='word_1_97' title='bbox 960 1539 1116 1616; x_wconf 76' lang='lat' dir='ltr'><strong>florebant</strong></span> <span class='ocrx_word' id='word_1_98' title='bbox 1136 1540 1334 1624; x_wconf 82' lang='lat' dir='ltr'><strong>antiquiorem</strong></span> <span class='ocrx_word' id='word_1_99' title='bbox 1352 1559 1420 1603; x_wconf 78' lang='lat' dir='ltr'><strong>esse</strong></span> 
     </span>
     <span class='ocr_line' id='line_1_13' title="bbox 311 1644 1422 1730; baseline -0.002 -17"><span class='ocrx_word' id='word_1_100' title='bbox 311 1652 516 1730; x_wconf 74' lang='lat' dir='ltr'><strong>Protagoram.</strong></span> <span class='ocrx_word' id='word_1_101' title='bbox 560 1646 699 1728; x_wconf 90' lang='lat' dir='ltr'><strong>Denique</strong></span> <span class='ocrx_word' id='word_1_102' title='bbox 720 1644 931 1726; x_wconf 81' lang='lat' dir='ltr'><strong>Apollodorus</strong></span> <span class='ocrx_word' id='word_1_103' title='bbox 954 1647 1037 1728; x_wconf 91' lang='lat' dir='ltr'><strong>apud</strong></span> <span class='ocrx_word' id='word_1_104' title='bbox 1058 1646 1288 1729; x_wconf 80' lang='lat' dir='ltr'><strong>Diogenem³⁷)</strong></span> <span class='ocrx_word' id='word_1_105' title='bbox 1319 1649 1422 1712; x_wconf 84' lang='lat' dir='ltr'><strong>testiti-</strong></span> 
     </span>
     <span class='ocr_line' id='line_1_14' title="bbox 311 1753 1421 1838; baseline -0.001 -17"><span class='ocrx_word' id='word_1_106' title='bbox 311 1763 405 1834; x_wconf 87' lang='lat' dir='ltr'><strong>catur,</strong></span> <span class='ocrx_word' id='word_1_107' title='bbox 428 1756 510 1818; x_wconf 88' lang='lat' dir='ltr'><strong>circa</strong></span> <span class='ocrx_word' id='word_1_108' title='bbox 529 1753 578 1818; x_wconf 92' lang='lat' dir='ltr'><strong>Ol.</strong></span> <span class='ocrx_word' id='word_1_109' title='bbox 600 1756 641 1818; x_wconf 79' lang='lat' dir='ltr'><strong>et</strong></span> <span class='ocrx_word' id='word_1_110' title='bbox 669 1753 798 1816; x_wconf 69' lang='lat' dir='ltr'><strong>manno</strong></span> <span class='ocrx_word' id='word_1_111' title='bbox 828 1754 905 1816; x_wconf 88' lang='lat' dir='ltr'><strong>tiore</strong></span> <span class='ocrx_word' id='word_1_112' title='bbox 933 1755 1132 1836; x_wconf 85' lang='lat' dir='ltr'><strong>conspicuum</strong></span> <span class='ocrx_word' id='word_1_113' title='bbox 1157 1756 1251 1820; x_wconf 82' lang='lat' dir='ltr'><strong>inisse</strong></span> <span class='ocrx_word' id='word_1_114' title='bbox 1274 1759 1421 1838; x_wconf 76' lang='lat' dir='ltr'><strong>Protago</strong></span> 
     </span>
     <span class='ocr_line' id='line_1_15' title="bbox 310 1860 1420 1948; baseline -0.001 -21"><span class='ocrx_word' id='word_1_115' title='bbox 310 1884 383 1928; x_wconf 89' lang='lat' dir='ltr'><strong>ram.</strong></span> <span class='ocrx_word' id='word_1_116' title='bbox 430 1865 550 1948; x_wconf 88' lang='lat' dir='ltr'><strong>ltaque,</strong></span> <span class='ocrx_word' id='word_1_117' title='bbox 576 1862 603 1926; x_wconf 90' lang='lat' dir='ltr'><strong>si</strong></span> <span class='ocrx_word' id='word_1_118' title='bbox 630 1860 824 1924; x_wconf 87' lang='lat' dir='ltr'><strong>Democritus</strong></span> <span class='ocrx_word' id='word_1_119' title='bbox 850 1862 899 1925; x_wconf 92' lang='lat' dir='ltr'><strong>Ol.</strong></span> <span class='ocrx_word' id='word_1_120' title='bbox 922 1864 974 1939; x_wconf 83' lang='grc'><strong>80,</strong></span> <span class='ocrx_word' id='word_1_121' title='bbox 1001 1865 1017 1926; x_wconf 90' lang='grc'><strong>1</strong></span> <span class='ocrx_word' id='word_1_122' title='bbox 1051 1863 1083 1924; x_wconf 92' lang='lat' dir='ltr'><strong>in</strong></span> <span class='ocrx_word' id='word_1_123' title='bbox 1109 1863 1210 1926; x_wconf 91' lang='lat' dir='ltr'><strong>lucem</strong></span> <span class='ocrx_word' id='word_1_124' title='bbox 1237 1865 1334 1928; x_wconf 87' lang='lat' dir='ltr'><strong>editus</strong></span> <span class='ocrx_word' id='word_1_125' title='bbox 1364 1875 1420 1944; x_wconf 84' lang='lat' dir='ltr'><strong>est,</strong></span> 
     </span>
     <span class='ocr_line' id='line_1_16' title="bbox 310 1970 1420 2056; baseline -0.001 -19"><span class='ocrx_word' id='word_1_126' title='bbox 310 1979 401 2056; x_wconf 89' lang='lat' dir='ltr'><strong>atque</strong></span> <span class='ocrx_word' id='word_1_127' title='bbox 437 1972 458 2034; x_wconf 92' lang='lat' dir='ltr'><strong>ii</strong></span> <span class='ocrx_word' id='word_1_128' title='bbox 492 1989 570 2052; x_wconf 91' lang='lat' dir='ltr'><strong>quos</strong></span> <span class='ocrx_word' id='word_1_129' title='bbox 603 1970 774 2050; x_wconf 89' lang='lat' dir='ltr'><strong>nuncupavi</strong></span> <span class='ocrx_word' id='word_1_130' title='bbox 807 1976 947 2034; x_wconf 87' lang='lat' dir='ltr'><strong>auctores</strong></span> <span class='ocrx_word' id='word_1_131' title='bbox 976 1970 1066 2033; x_wconf 88' lang='lat' dir='ltr'><strong>tidem</strong></span> <span class='ocrx_word' id='word_1_132' title='bbox 1087 1977 1249 2050; x_wconf 81' lang='lat' dir='ltr'><strong>merentur,</strong></span> <span class='ocrx_word' id='word_1_133' title='bbox 1274 1975 1339 2036; x_wconf 87' lang='lat' dir='ltr'><strong>fieri</strong></span> <span class='ocrx_word' id='word_1_134' title='bbox 1357 1995 1420 2038; x_wconf 91' lang='lat' dir='ltr'><strong>non</strong></span> 
     </span>
     <span class='ocr_line' id='line_1_17' title="bbox 309 2077 1420 2162; baseline 0.002 -18"><span class='ocrx_word' id='word_1_135' title='bbox 309 2081 417 2162; x_wconf 90' lang='lat' dir='ltr'><strong>potuit,</strong></span> <span class='ocrx_word' id='word_1_136' title='bbox 444 2084 479 2142; x_wconf 91' lang='lat' dir='ltr'><strong>ut</strong></span> <span class='ocrx_word' id='word_1_137' title='bbox 506 2078 558 2141; x_wconf 91' lang='lat' dir='ltr'><strong>ille</strong></span> <span class='ocrx_word' id='word_1_138' title='bbox 584 2077 751 2142; x_wconf 87' lang='lat' dir='ltr'><strong>Democriti</strong></span> <span class='ocrx_word' id='word_1_139' title='bbox 772 2079 936 2159; x_wconf 88' lang='lat' dir='ltr'><strong>discipulus</strong></span> <span class='ocrx_word' id='word_1_140' title='bbox 961 2085 1050 2143; x_wconf 90' lang='lat' dir='ltr'><strong>esset.</strong></span> <span class='ocrx_word' id='word_1_141' title='bbox 1094 2082 1195 2143; x_wconf 85' lang='lat' dir='ltr'><strong>Taceo</strong></span> <span class='ocrx_word' id='word_1_142' title='bbox 1217 2083 1420 2146; x_wconf 88' lang='lat' dir='ltr'><strong>recentiorum</strong></span> 
     </span>
     <span class='ocr_line' id='line_1_18' title="bbox 310 2185 1419 2272; baseline 0.002 -22"><span class='ocrx_word' id='word_1_143' title='bbox 310 2188 501 2272; x_wconf 88' lang='lat' dir='ltr'><strong>quorundam</strong></span> <span class='ocrx_word' id='word_1_144' title='bbox 533 2187 612 2250; x_wconf 87' lang='lat' dir='ltr'><strong>inter</strong></span> <span class='ocrx_word' id='word_1_145' title='bbox 640 2205 717 2269; x_wconf 87' lang='lat' dir='ltr'><strong>quos</strong></span> <span class='ocrx_word' id='word_1_146' title='bbox 745 2189 911 2268; x_wconf 86' lang='lat' dir='ltr'><strong>lllagnenus</strong></span> <span class='ocrx_word' id='word_1_147' title='bbox 924 2185 975 2270; x_wconf 80' lang='lat'><strong>³⁸)</strong></span> <span class='ocrx_word' id='word_1_148' title='bbox 1004 2195 1050 2251; x_wconf 88' lang='lat' dir='ltr'><strong>esi</strong></span> <span class='ocrx_word' id='word_1_149' title='bbox 1079 2207 1215 2252; x_wconf 89' lang='lat' dir='ltr'><strong>errorem</strong></span> <span class='ocrx_word' id='word_1_150' title='bbox 1247 2210 1285 2252; x_wconf 90' lang='lat' dir='ltr'><strong>ex</strong></span> <span class='ocrx_word' id='word_1_151' title='bbox 1304 2191 1419 2253; x_wconf 83' lang='lat' dir='ltr'><strong>Aeliam.</strong></span> 
     </span>
     <span class='ocr_line' id='line_1_19' title="bbox 309 2293 1421 2378; baseline 0.001 -20"><span class='ocrx_word' id='word_1_152' title='bbox 309 2316 371 2358; x_wconf 91' lang='lat' dir='ltr'><strong>var.</strong></span> <span class='ocrx_word' id='word_1_153' title='bbox 393 2297 460 2359; x_wconf 86' lang='lat' dir='ltr'><strong>hist</strong></span> <span class='ocrx_word' id='word_1_154' title='bbox 482 2295 533 2358; x_wconf 90' lang='lat' dir='ltr'><strong>lib.</strong></span> <span class='ocrx_word' id='word_1_155' title='bbox 552 2297 575 2359; x_wconf 88' lang='lat'><strong>1.</strong></span> <span class='ocrx_word' id='word_1_156' title='bbox 600 2316 626 2359; x_wconf 91' lang='lat' dir='ltr'><strong>c.</strong></span> <span class='ocrx_word' id='word_1_157' title='bbox 646 2295 762 2358; x_wconf 88' lang='lat' dir='ltr'><strong>XXlll</strong></span> <span class='ocrx_word' id='word_1_158' title='bbox 785 2293 999 2376; x_wconf 86' lang='lat' dir='ltr'><strong>colligentium,</strong></span> <span class='ocrx_word' id='word_1_159' title='bbox 1021 2297 1217 2378; x_wconf 82' lang='lat' dir='ltr'><strong>Protagoram</strong></span> <span class='ocrx_word' id='word_1_160' title='bbox 1237 2317 1305 2361; x_wconf 89' lang='lat' dir='ltr'><strong>esse</strong></span> <span class='ocrx_word' id='word_1_161' title='bbox 1325 2297 1421 2360; x_wconf 87' lang='lat' dir='ltr'><strong>lilium</strong></span> 
     </span>
     <span class='ocr_line' id='line_1_20' title="bbox 309 2403 1421 2485; baseline 0.002 -19"><span class='ocrx_word' id='word_1_162' title='bbox 309 2403 485 2467; x_wconf 87' lang='lat' dir='ltr'><strong>Democriti.</strong></span> <span class='ocrx_word' id='word_1_163' title='bbox 537 2404 668 2485; x_wconf 88' lang='lat' dir='ltr'><strong>Decepit</strong></span> <span class='ocrx_word' id='word_1_164' title='bbox 695 2423 750 2466; x_wconf 88' lang='lat' dir='ltr'><strong>eos</strong></span> <span class='ocrx_word' id='word_1_165' title='bbox 780 2403 882 2484; x_wconf 85' lang='lat' dir='ltr'><strong>inepta</strong></span> <span class='ocrx_word' id='word_1_166' title='bbox 910 2403 1024 2482; x_wconf 89' lang='lat' dir='ltr'><strong>Vulteji</strong></span> <span class='ocrx_word' id='word_1_167' title='bbox 1048 2404 1170 2468; x_wconf 91' lang='lat' dir='ltr'><strong>illorum</strong></span> <span class='ocrx_word' id='word_1_168' title='bbox 1192 2407 1357 2471; x_wconf 82' lang='lat' dir='ltr'><strong>verborum</strong></span> <span class='ocrx_word' id='word_1_169' title='bbox 1379 2410 1421 2470; x_wconf 91' lang='lat' dir='ltr'><strong>in-</strong></span> 
     </span>
     <span class='ocr_line' id='line_1_21' title="bbox 309 2511 1421 2594; baseline 0.004 -20"><span class='ocrx_word' id='word_1_170' title='bbox 309 2512 495 2594; x_wconf 88' lang='lat' dir='ltr'><strong>terpretatio.</strong></span> <span class='ocrx_word' id='word_1_171' title='bbox 537 2513 621 2574; x_wconf 86' lang='lat' dir='ltr'><strong>llaec</strong></span> <span class='ocrx_word' id='word_1_172' title='bbox 641 2511 679 2574; x_wconf 88' lang='lat' dir='ltr'><strong>de</strong></span> <span class='ocrx_word' id='word_1_173' title='bbox 696 2513 882 2593; x_wconf 86' lang='lat' dir='ltr'><strong>Protagorae</strong></span> <span class='ocrx_word' id='word_1_174' title='bbox 903 2518 1009 2575; x_wconf 89' lang='lat' dir='ltr'><strong>aetate.</strong></span> <span class='ocrx_word' id='word_1_175' title='bbox 1050 2514 1089 2574; x_wconf 91' lang='lat' dir='ltr'><strong>Ut</strong></span> <span class='ocrx_word' id='word_1_176' title='bbox 1110 2521 1248 2594; x_wconf 86' lang='lat' dir='ltr'><strong>tempora</strong></span> <span class='ocrx_word' id='word_1_177' title='bbox 1264 2535 1327 2578; x_wconf 90' lang='lat' dir='ltr'><strong>non</strong></span> <span class='ocrx_word' id='word_1_178' title='bbox 1350 2537 1421 2579; x_wconf 90' lang='lat' dir='ltr'><strong>con-</strong></span> 
     </span>
     <span class='ocr_line' id='line_1_22' title="bbox 309 2619 1420 2704; baseline 0.002 -22"><span class='ocrx_word' id='word_1_179' title='bbox 309 2621 441 2699; x_wconf 80' lang='lat' dir='ltr'><strong>veniunt,</strong></span> <span class='ocrx_word' id='word_1_180' title='bbox 466 2621 508 2683; x_wconf 90' lang='lat' dir='ltr'><strong>ita</strong></span> <span class='ocrx_word' id='word_1_181' title='bbox 533 2621 628 2684; x_wconf 83' lang='lat' dir='ltr'><strong>mrrlto</strong></span> <span class='ocrx_word' id='word_1_182' title='bbox 658 2621 747 2682; x_wconf 89' lang='lat' dir='ltr'><strong>etiam</strong></span> <span class='ocrx_word' id='word_1_183' title='bbox 772 2619 871 2682; x_wconf 90' lang='lat' dir='ltr'><strong>minus</strong></span> <span class='ocrx_word' id='word_1_184' title='bbox 898 2620 1055 2704; x_wconf 88' lang='lat' dir='ltr'><strong>utriusque</strong></span> <span class='ocrx_word' id='word_1_185' title='bbox 1075 2620 1251 2702; x_wconf 91' lang='lat' dir='ltr'><strong>philosophi</strong></span> <span class='ocrx_word' id='word_1_186' title='bbox 1273 2621 1420 2702; x_wconf 83' lang='lat' dir='ltr'><strong>dogmata</strong></span> 
     </span>
     <span class='ocr_line' id='line_1_23' title="bbox 308 2727 1421 2812; baseline 0 -20"><span class='ocrx_word' id='word_1_187' title='bbox 308 2730 448 2812; x_wconf 88' lang='lat' dir='ltr'><strong>Namque</strong></span> <span class='ocrx_word' id='word_1_188' title='bbox 479 2729 510 2791; x_wconf 93' lang='lat' dir='ltr'><strong>in</strong></span> <span class='ocrx_word' id='word_1_189' title='bbox 531 2731 715 2810; x_wconf 87' lang='lat' dir='ltr'><strong>Protagorae</strong></span> <span class='ocrx_word' id='word_1_190' title='bbox 751 2728 880 2792; x_wconf 86' lang='lat' dir='ltr'><strong>decretis</strong></span> <span class='ocrx_word' id='word_1_191' title='bbox 915 2727 989 2790; x_wconf 90' lang='lat' dir='ltr'><strong>nihil</strong></span> <span class='ocrx_word' id='word_1_192' title='bbox 1015 2728 1093 2790; x_wconf 90' lang='lat' dir='ltr'><strong>inest</strong></span> <span class='ocrx_word' id='word_1_193' title='bbox 1134 2729 1218 2812; x_wconf 91' lang='lat' dir='ltr'><strong>quod</strong></span> <span class='ocrx_word' id='word_1_194' title='bbox 1243 2732 1421 2794; x_wconf 88' lang='lat' dir='ltr'><strong>Democrito</strong></span> 
     </span>
     <span class='ocr_line' id='line_1_24' title="bbox 309 2836 794 2918; baseline -0.002 -18"><span class='ocrx_word' id='word_1_195' title='bbox 309 2837 452 2918; x_wconf 88' lang='lat' dir='ltr'><strong>magistro</strong></span> <span class='ocrx_word' id='word_1_196' title='bbox 477 2836 649 2900; x_wconf 88' lang='lat' dir='ltr'><strong>necessario</strong></span> <span class='ocrx_word' id='word_1_197' title='bbox 672 2837 794 2899; x_wconf 84' lang='lat' dir='ltr'><strong>tribuas.</strong></span> 
     </span>
    </p>

    <p class='ocr_par' dir='ltr' id='par_1_3' title="bbox 309 2942 1422 3349">
     <span class='ocr_line' id='line_1_25' title="bbox 391 2942 1420 3026; baseline 0.002 -20"><span class='ocrx_word' id='word_1_198' title='bbox 391 2944 495 3007; x_wconf 87' lang='lat' dir='ltr'><strong>Restat</strong></span> <span class='ocrx_word' id='word_1_199' title='bbox 519 2952 553 3007; x_wconf 89' lang='lat' dir='ltr'><strong>ui</strong></span> <span class='ocrx_word' id='word_1_200' title='bbox 577 2945 786 3020; x_wconf 66' lang='lat' dir='ltr'><strong>edisseramus</strong></span> <span class='ocrx_word' id='word_1_201' title='bbox 815 2942 889 3026; x_wconf 92' lang='lat' dir='ltr'><strong>quid</strong></span> <span class='ocrx_word' id='word_1_202' title='bbox 913 2945 951 3006; x_wconf 92' lang='lat' dir='ltr'><strong>de</strong></span> <span class='ocrx_word' id='word_1_203' title='bbox 978 2942 1068 3006; x_wconf 88' lang='lat' dir='ltr'><strong>tertio</strong></span> <span class='ocrx_word' id='word_1_204' title='bbox 1098 2944 1268 3007; x_wconf 89' lang='lat' dir='ltr'><strong>Democriti</strong></span> <span class='ocrx_word' id='word_1_205' title='bbox 1289 2946 1420 3008; x_wconf 82' lang='lat' dir='ltr'><strong>testimo</strong></span> 
     </span>
     <span class='ocr_line' id='line_1_26' title="bbox 309 3049 1421 3132; baseline 0.004 -21"><span class='ocrx_word' id='word_1_206' title='bbox 309 3049 370 3127; x_wconf 84' lang='lat' dir='ltr'><strong>nio,</strong></span> <span class='ocrx_word' id='word_1_207' title='bbox 391 3068 452 3131; x_wconf 92' lang='lat' dir='ltr'><strong>quo</strong></span> <span class='ocrx_word' id='word_1_208' title='bbox 477 3051 631 3116; x_wconf 87' lang='lat' dir='ltr'><strong>contendit</strong></span> <span class='ocrx_word' id='word_1_209' title='bbox 653 3072 731 3116; x_wconf 85' lang='lat' dir='ltr'><strong>anuo</strong></span> <span class='ocrx_word' id='word_1_210' title='bbox 745 3053 807 3116; x_wconf 85' lang='grc'><strong>730</strong></span> <span class='ocrx_word' id='word_1_211' title='bbox 827 3053 864 3114; x_wconf 89' lang='lat' dir='ltr'><strong>ab</strong></span> <span class='ocrx_word' id='word_1_212' title='bbox 886 3052 1004 3114; x_wconf 85' lang='lat' dir='ltr'><strong>excidio</strong></span> <span class='ocrx_word' id='word_1_213' title='bbox 1022 3051 1069 3113; x_wconf 94' lang='lat' dir='ltr'><strong>llii</strong></span> <span class='ocrx_word' id='word_1_214' title='bbox 1087 3071 1215 3132; x_wconf 90' lang='lat' dir='ltr'><strong>parvum</strong></span> <span class='ocrx_word' id='word_1_215' title='bbox 1226 3055 1421 3118; x_wconf 88' lang='lat' dir='ltr'><strong>Diaeosmum</strong></span> 
     </span>
     <span class='ocr_line' id='line_1_27' title="bbox 309 3158 1422 3246; baseline 0.005 -28"><span class='ocrx_word' id='word_1_216' title='bbox 309 3175 380 3219; x_wconf 90' lang='lat' dir='ltr'><strong>ase</strong></span> <span class='ocrx_word' id='word_1_217' title='bbox 401 3158 606 3240; x_wconf 88' lang='lat' dir='ltr'><strong>conscriptum</strong></span> <span class='ocrx_word' id='word_1_218' title='bbox 626 3179 702 3238; x_wconf 90' lang='lat' dir='ltr'><strong>esse,</strong></span> <span class='ocrx_word' id='word_1_219' title='bbox 723 3161 907 3224; x_wconf 91' lang='lat' dir='ltr'><strong>censendum</strong></span> <span class='ocrx_word' id='word_1_220' title='bbox 930 3160 984 3224; x_wconf 87' lang='lat' dir='ltr'><strong>sit.</strong></span> <span class='ocrx_word' id='word_1_221' title='bbox 1021 3160 1160 3223; x_wconf 87' lang='lat' dir='ltr'><strong>Vidimus</strong></span> <span class='ocrx_word' id='word_1_222' title='bbox 1181 3181 1293 3224; x_wconf 90' lang='lat' dir='ltr'><strong>aunum</strong></span> <span class='ocrx_word' id='word_1_223' title='bbox 1311 3165 1422 3246; x_wconf 88' lang='lat' dir='ltr'><strong>septin-</strong></span> 
     </span>
     <span class='ocr_line' id='line_1_28' title="bbox 309 3265 1422 3349; baseline 0.006 -23"><span class='ocrx_word' id='word_1_224' title='bbox 309 3265 505 3345; x_wconf 86' lang='lat' dir='ltr'><strong>gentesimum</strong></span> <span class='ocrx_word' id='word_1_225' title='bbox 536 3266 723 3348; x_wconf 88' lang='lat' dir='ltr'><strong>trigesimum</strong></span> <span class='ocrx_word' id='word_1_226' title='bbox 743 3276 815 3349; x_wconf 92' lang='lat' dir='ltr'><strong>post</strong></span> <span class='ocrx_word' id='word_1_227' title='bbox 837 3269 960 3348; x_wconf 86' lang='lat' dir='ltr'><strong>Trojarn</strong></span> <span class='ocrx_word' id='word_1_228' title='bbox 986 3268 1126 3346; x_wconf 87' lang='lat' dir='ltr'><strong>dirutam,</strong></span> <span class='ocrx_word' id='word_1_229' title='bbox 1147 3269 1173 3332; x_wconf 95' lang='lat' dir='ltr'><strong>si</strong></span> <span class='ocrx_word' id='word_1_230' title='bbox 1192 3270 1422 3335; x_wconf 87' lang='lat' dir='ltr'><strong>Eratosthenem</strong></span> 
     </span>
    </p>
   </div>
   <div class='ocr_carea' id='block_1_3' title="bbox 309 3486 1421 3618">
    <p class='ocr_par' dir='ltr' id='par_1_4' title="bbox 309 3486 1421 3618">
     <span class='ocr_line' id='line_1_29' title="bbox 309 3486 1421 3618; baseline -0.025 -60"><span class='ocrx_word' id='word_1_231' title='bbox 309 3565 344 3617; x_wconf 60' lang='lat' dir='ltr'><strong>m)</strong></span> <span class='ocrx_word' id='word_1_232' title='bbox 371 3486 419 3618; x_wconf 50' lang='grc' dir='ltr'><strong>ἐξ)</strong></span> <span class='ocrx_word' id='word_1_233' title='bbox 430 3487 544 3617; x_wconf 57' lang='lat' dir='ltr'><strong>5haristot.</strong></span> <span class='ocrx_word' id='word_1_234' title='bbox 573 3491 599 3540; x_wconf 91' lang='lat' dir='ltr'><strong>in</strong></span> <span class='ocrx_word' id='word_1_235' title='bbox 627 3488 695 3542; x_wconf 88' lang='lat' dir='ltr'><strong>libro</strong></span> <span class='ocrx_word' id='word_1_236' title='bbox 730 3491 871 3556; x_wconf 84' lang='lat' dir='ltr'><strong>deperdito</strong></span> <span class='ocrx_word' id='word_1_237' title='bbox 897 3489 956 3563; x_wconf 80' lang='lat' dir='ltr'><strong>cepi</strong></span> <span class='ocrx_word' id='word_1_238' title='bbox 985 3487 1102 3550; x_wconf 73' lang='lat' dir='ltr'><strong>notitior</strong></span> <span class='ocrx_word' id='word_1_239' title='bbox 1134 3493 1205 3544; x_wconf 88' lang='lat' dir='ltr'><strong>teste</strong></span> <span class='ocrx_word' id='word_1_240' title='bbox 1231 3490 1306 3556; x_wconf 87' lang='lat' dir='ltr'><strong>Diog.</strong></span> <span class='ocrx_word' id='word_1_241' title='bbox 1335 3493 1421 3542; x_wconf 59' lang='lat' dir='ltr'><strong>Laeva,</strong></span> 
     </span>
    </p>
   </div>
   <div class='ocr_carea' id='block_1_4' title="bbox 307 3657 1423 4234">
    <p class='ocr_par' dir='ltr' id='par_1_5' title="bbox 307 3657 1423 4048">
     <span class='ocr_line' id='line_1_30' title="bbox 379 3657 1422 3734; baseline 0.002 -26"><span class='ocrx_word' id='word_1_242' title='bbox 379 3657 419 3720; x_wconf 79' lang='lat'><strong>³³)</strong></span> <span class='ocrx_word' id='word_1_243' title='bbox 440 3657 513 3709; x_wconf 87' lang='lat' dir='ltr'><strong>Plato</strong></span> <span class='ocrx_word' id='word_1_244' title='bbox 533 3658 637 3724; x_wconf 87' lang='lat' dir='ltr'><strong>Protag.</strong></span> <span class='ocrx_word' id='word_1_245' title='bbox 655 3676 680 3726; x_wconf 91' lang='lat' dir='ltr'><strong>p.</strong></span> <span class='ocrx_word' id='word_1_246' title='bbox 698 3659 757 3714; x_wconf 82' lang='lat'><strong>317.</strong></span> <span class='ocrx_word' id='word_1_247' title='bbox 778 3665 805 3714; x_wconf 92' lang='lat' dir='ltr'><strong>C.</strong></span> <span class='ocrx_word' id='word_1_248' title='bbox 824 3665 913 3728; x_wconf 85' lang='lat' dir='ltr'><strong>steph.</strong></span> <span class='ocrx_word' id='word_1_249' title='bbox 932 3661 1015 3714; x_wconf 71' lang='lat' dir='ltr'><strong>naiton</strong></span> <span class='ocrx_word' id='word_1_250' title='bbox 1033 3659 1118 3714; x_wconf 73' lang='lat' dir='ltr'><strong>archid</strong></span> <span class='ocrx_word' id='word_1_251' title='bbox 1142 3678 1171 3732; x_wconf 79' lang='grc' dir='ltr'><strong>γε</strong></span> <span class='ocrx_word' id='word_1_252' title='bbox 1188 3660 1239 3734; x_wconf 75' lang='grc' dir='ltr'><strong>ἤδη</strong></span> <span class='ocrx_word' id='word_1_253' title='bbox 1259 3661 1303 3732; x_wconf 81' lang='grc' dir='ltr'><strong>ἔτη</strong></span> <span class='ocrx_word' id='word_1_254' title='bbox 1322 3659 1374 3730; x_wconf 78' lang='grc' dir='ltr'>εἰμὶ</span> <span class='ocrx_word' id='word_1_255' title='bbox 1395 3659 1422 3711; x_wconf 77' lang='grc' dir='ltr'><strong>ἐν</strong></span> 
     </span>
     <span class='ocr_line' id='line_1_31' title="bbox 307 3736 1423 3810; baseline 0 -20"><span class='ocrx_word' id='word_1_256' title='bbox 307 3738 339 3810; x_wconf 75' lang='grc' dir='ltr'><strong>τῇ</strong></span> <span class='ocrx_word' id='word_1_257' title='bbox 359 3736 437 3810; x_wconf 71' lang='grc' dir='ltr'><strong>τέχνῃ</strong></span> <span class='ocrx_word' id='word_1_258' title='bbox 458 3752 528 3802; x_wconf 87' lang='lat' dir='ltr'><strong>quae</strong></span> <span class='ocrx_word' id='word_1_259' title='bbox 549 3741 606 3804; x_wconf 88' lang='lat' dir='ltr'><strong>ipsa</strong></span> <span class='ocrx_word' id='word_1_260' title='bbox 625 3747 689 3793; x_wconf 90' lang='lat' dir='ltr'><strong>sunt</strong></span> <span class='ocrx_word' id='word_1_261' title='bbox 701 3744 863 3808; x_wconf 87' lang='lat' dir='ltr'><strong>Protagorae</strong></span> <span class='ocrx_word' id='word_1_262' title='bbox 881 3744 981 3806; x_wconf 84' lang='lat' dir='ltr'><strong>verba;</strong></span> <span class='ocrx_word' id='word_1_263' title='bbox 1001 3757 1083 3808; x_wconf 88' lang='lat' dir='ltr'><strong>porro</strong></span> <span class='ocrx_word' id='word_1_264' title='bbox 1104 3758 1163 3809; x_wconf 88' lang='lat' dir='ltr'><strong>pag.</strong></span> <span class='ocrx_word' id='word_1_265' title='bbox 1183 3741 1243 3796; x_wconf 76' lang='lat'><strong>3¹20.</strong></span> <span class='ocrx_word' id='word_1_266' title='bbox 1273 3745 1300 3794; x_wconf 92' lang='lat' dir='ltr'><strong>C.</strong></span> <span class='ocrx_word' id='word_1_267' title='bbox 1318 3746 1423 3794; x_wconf 86' lang='lat' dir='ltr'><strong>Socra—</strong></span> 
     </span>
     <span class='ocr_line' id='line_1_32' title="bbox 309 3819 1422 3895; baseline 0 -25"><span class='ocrx_word' id='word_1_268' title='bbox 309 3823 362 3871; x_wconf 87' lang='lat' dir='ltr'><strong>tem</strong></span> <span class='ocrx_word' id='word_1_269' title='bbox 386 3821 426 3872; x_wconf 87' lang='lat' dir='ltr'><strong>sic</strong></span> <span class='ocrx_word' id='word_1_270' title='bbox 445 3819 600 3886; x_wconf 85' lang='lat' dir='ltr'><strong>alloquitur:</strong></span> <span class='ocrx_word' id='word_1_271' title='bbox 630 3819 717 3885; x_wconf 78' lang='lat' dir='ltr'><strong>‘Att.‘,</strong></span> <span class='ocrx_word' id='word_1_272' title='bbox 741 3822 764 3875; x_wconf 83' lang='lat' dir='ltr'><strong>‹i›</strong></span> <span class='ocrx_word' id='word_1_273' title='bbox 785 3820 932 3895; x_wconf 78' lang='grc' dir='ltr'>Σώκρατες,</span> <span class='ocrx_word' id='word_1_274' title='bbox 953 3823 1013 3895; x_wconf 71' lang='grc' dir='ltr'><strong>ἔφη,</strong></span> <span class='ocrx_word' id='word_1_275' title='bbox 1034 3821 1064 3875; x_wconf 76' lang='lat' dir='ltr'><strong>olo</strong></span> <span class='ocrx_word' id='word_1_276' title='bbox 1086 3819 1220 3894; x_wconf 70' lang='grc' dir='ltr'><strong>φθονήσω.</strong></span> <span class='ocrx_word' id='word_1_277' title='bbox 1260 3823 1326 3877; x_wconf 73' lang='grc' dir='ltr'><strong>ἀλλὰ</strong></span> <span class='ocrx_word' id='word_1_278' title='bbox 1347 3820 1422 3872; x_wconf 75' lang='grc' dir='ltr'>πότε-</span> 
     </span>
     <span class='ocr_line' id='line_1_33' title="bbox 308 3896 1423 3976; baseline 0.004 -26"><span class='ocrx_word' id='word_1_279' title='bbox 308 3915 352 3970; x_wconf 89' lang='lat' dir='ltr'><strong>pov</strong></span> <span class='ocrx_word' id='word_1_280' title='bbox 379 3896 455 3966; x_wconf 72' lang='lat' dir='ltr'><strong>haia,</strong></span> <span class='ocrx_word' id='word_1_281' title='bbox 482 3897 518 3957; x_wconf 82' lang='grc' dir='ltr'><strong>ὡς</strong></span> <span class='ocrx_word' id='word_1_282' title='bbox 545 3900 717 3974; x_wconf 54' lang='lat' dir='ltr'><strong>specii-&#39;armac</strong></span> <span class='ocrx_word' id='word_1_283' title='bbox 745 3903 898 3974; x_wconf 69' lang='grc' dir='ltr'>νεωτέροις,</span> <span class='ocrx_word' id='word_1_284' title='bbox 924 3901 1009 3974; x_wconf 73' lang='grc' dir='ltr'>μῦθον</span> <span class='ocrx_word' id='word_1_285' title='bbox 1038 3902 1122 3974; x_wconf 71' lang='grc' dir='ltr'><strong>λέγων</strong></span> <span class='ocrx_word' id='word_1_286' title='bbox 1147 3903 1286 3971; x_wconf 72' lang='grc' dir='ltr'>ἐπιδείξω,</span> <span class='ocrx_word' id='word_1_287' title='bbox 1308 3902 1324 3976; x_wconf 68' lang='grc' dir='ltr'>ἢ</span> <span class='ocrx_word' id='word_1_288' title='bbox 1351 3899 1423 3972; x_wconf 74' lang='grc' dir='ltr'><strong>λόγῳ</strong></span> 
     </span>
     <span class='ocr_line' id='line_1_34' title="bbox 308 3973 729 4048; baseline 0.017 -19"><span class='ocrx_word' id='word_1_289' title='bbox 308 3973 466 4042; x_wconf 56' lang='lat' dir='ltr'><strong>insititiam</strong></span> <span class='ocrx_word' id='word_1_290' title='bbox 491 3982 523 4034; x_wconf 87' lang='lat' dir='ltr'><strong>ct.</strong></span> <span class='ocrx_word' id='word_1_291' title='bbox 543 3997 603 4048; x_wconf 91' lang='lat' dir='ltr'><strong>pag.</strong></span> <span class='ocrx_word' id='word_1_292' title='bbox 623 3981 681 4036; x_wconf 74' lang='lat'><strong>314.</strong></span> <span class='ocrx_word' id='word_1_293' title='bbox 700 3985 729 4036; x_wconf 90' lang='lat' dir='ltr'><strong>B.</strong></span> 
     </span>
    </p>

    <p class='ocr_par' dir='ltr' id='par_1_6' title="bbox 379 4071 1013 4142">
     <span class='ocr_line' id='line_1_35' title="bbox 379 4071 1013 4142; baseline 0.013 -21"><span class='ocrx_word' id='word_1_294' title='bbox 379 4071 418 4134; x_wconf 79' lang='lat'><strong>³⁸)</strong></span> <span class='ocrx_word' id='word_1_295' title='bbox 440 4073 595 4128; x_wconf 78' lang='lat' dir='ltr'><strong>Aristoteles</strong></span> <span class='ocrx_word' id='word_1_296' title='bbox 616 4091 657 4142; x_wconf 91' lang='lat' dir='ltr'><strong>ap.</strong></span> <span class='ocrx_word' id='word_1_297' title='bbox 679 4079 731 4128; x_wconf 88' lang='lat' dir='ltr'><strong>Cio.</strong></span> <span class='ocrx_word' id='word_1_298' title='bbox 751 4077 777 4126; x_wconf 91' lang='lat' dir='ltr'><strong>in</strong></span> <span class='ocrx_word' id='word_1_299' title='bbox 792 4077 875 4128; x_wconf 83' lang='lat' dir='ltr'><strong>Bruto</strong></span> <span class='ocrx_word' id='word_1_300' title='bbox 895 4091 953 4142; x_wconf 89' lang='lat' dir='ltr'><strong>cap.</strong></span> <span class='ocrx_word' id='word_1_301' title='bbox 973 4075 1013 4129; x_wconf 80' lang='lat' dir='ltr'><strong>te.</strong></span> 
     </span>
    </p>

    <p class='ocr_par' dir='ltr' id='par_1_7' title="bbox 379 4161 1055 4234">
     <span class='ocr_line' id='line_1_36' title="bbox 379 4161 1055 4234; baseline 0.015 -23"><span class='ocrx_word' id='word_1_302' title='bbox 379 4161 418 4226; x_wconf 71' lang='lat'><strong>³¹)</strong></span> <span class='ocrx_word' id='word_1_303' title='bbox 436 4163 613 4228; x_wconf 74' lang='lat' dir='ltr'><strong>Apollodorus</strong></span> <span class='ocrx_word' id='word_1_304' title='bbox 634 4184 676 4233; x_wconf 90' lang='lat' dir='ltr'><strong>ap.</strong></span> <span class='ocrx_word' id='word_1_305' title='bbox 694 4169 767 4234; x_wconf 92' lang='lat' dir='ltr'><strong>Diog.</strong></span> <span class='ocrx_word' id='word_1_306' title='bbox 788 4171 875 4221; x_wconf 89' lang='lat' dir='ltr'><strong>Laert.</strong></span> <span class='ocrx_word' id='word_1_307' title='bbox 893 4169 937 4220; x_wconf 90' lang='lat' dir='ltr'><strong>lih.</strong></span> <span class='ocrx_word' id='word_1_308' title='bbox 957 4169 997 4232; x_wconf 84' lang='lat' dir='ltr'><strong>lli,</strong></span> <span class='ocrx_word' id='word_1_309' title='bbox 1013 4165 1055 4221; x_wconf 74' lang='lat'><strong>36.</strong></span> 
     </span>
    </p>
   </div>
   <div class='ocr_carea' id='block_1_5' title="bbox 378 4251 1117 4328">
    <p class='ocr_par' dir='ltr' id='par_1_8' title="bbox 378 4251 1117 4328">
     <span class='ocr_line' id='line_1_37' title="bbox 378 4251 1117 4328; baseline 0.008 -21"><span class='ocrx_word' id='word_1_310' title='bbox 378 4251 417 4320; x_wconf 84' lang='lat'><strong>³⁸)</strong></span> <span class='ocrx_word' id='word_1_311' title='bbox 436 4255 581 4321; x_wconf 80' lang='lat' dir='ltr'><strong>Magneuus</strong></span> <span class='ocrx_word' id='word_1_312' title='bbox 601 4262 625 4310; x_wconf 88' lang='lat' dir='ltr'><strong>iu</strong></span> <span class='ocrx_word' id='word_1_313' title='bbox 644 4261 797 4314; x_wconf 88' lang='lat' dir='ltr'><strong>Democrito</strong></span> <span class='ocrx_word' id='word_1_314' title='bbox 816 4263 993 4314; x_wconf 82' lang='lat' dir='ltr'><strong>reviviscente</strong></span> <span class='ocrx_word' id='word_1_315' title='bbox 1014 4275 1073 4328; x_wconf 86' lang='lat' dir='ltr'><strong>pag.</strong></span> <span class='ocrx_word' id='word_1_316' title='bbox 1092 4258 1117 4314; x_wconf 81' lang='lat'><strong>8.</strong></span> 
     </span>
    </p>
   </div>
   <div class='ocr_carea' id='block_1_6' title="bbox 0 0 1483 4860">
    <p class='ocr_par' dir='ltr' id='par_1_9' title="bbox 0 0 1483 4860">
     <span class='ocr_line' id='line_1_38' title="bbox 0 0 1483 4860; baseline 0 0"><span class='ocrx_word' id='word_1_317' title='bbox 0 0 1483 4860; x_wconf 95' lang='lat' dir='ltr'><strong> </strong></span> 
     </span>
    </p>
   </div>
  </div>
 </body>
</html>
