2984 4876
330 308 416 366 λιθυετ
434 308 483 368 lli.
514 308 666 364 Dmacritl
683 323 794 380 οριιιιιιο
812 308 974 382 unguenta.
1144 307 1210 376 Μ

12 533 36 566 rr
94 496 168 556 τιον,
193 475 312 559 μᾶλλον
337 474 467 560 ἐρυθρὸν
500 473 587 538 εἶναι.
635 473 769 560 Σημεῖον
803 472 843 551 θ’,
874 473 920 539 ότι
946 475 980 540 ἐκ
1006 476 1153 542 τοιούτων
1173 481 1207 542 τό

12 639 34 676 „3
97 581 244 668 ἐρυθρόν·
272 583 355 666 ἡμᾶς
382 605 415 646 τε
446 581 504 668 γὰρ
530 582 792 669 θερμαινομόνους
820 582 1066 668 ἐρυθραίνεσθαι,
1096 586 1208 650 καὶτὰ

12 727 37 782 3.
96 689 177 754 ἄλλα
195 689 234 754 τὰ
252 689 442 775 πυροόμενα,
466 690 572 776 μέχρις
587 689 625 754 ἂν
644 689 681 754 οῦ
696 687 755 777 ἔχῃ
778 691 812 754 τὸ
831 694 886 754 τοῦ
908 692 1100 777 πυροειδοῦς.
1120 689 1207 778 Ἐρυ-

12 777 38 892 Τ
96 796 229 883 θρότερα
248 799 283 861 δὲ
301 797 339 862 τὰ
362 798 397 862 ἐκ
418 800 560 884 μεγάλων
577 796 650 862 ὄντα
672 799 850 885 σχημάτων,
872 796 937 861 οἷον
957 798 1011 882 τὴν
1034 798 1135 883 φλόγα
1157 801 1208 864 καλ

95 906 146 970 τόν
168 905 308 991 ἄνθρακα
329 909 389 970 τῶν
412 907 545 992 χλωρῶν
566 905 664 978 Εῦλων
686 907 706 992 ἡ
732 912 792 970 τῶν
815 903 911 983 αὔων,
937 905 1061 970 καὶτὸν
1085 906 1208 991 σίδηρον

12 989 37 1110 :3
97 1013 132 1075 δὲ
155 1013 206 1076 καὶ
225 1011 262 1105 τῦ
292 1013 374 1078 ἄλλα
402 1015 439 1079 τὰ
467 1013 662 1099 πυροῦμινα·
690 1011 890 1098 λαμπρότατα
913 1012 1046 1098 μὲνγὰρ
1071 1012 1208 1078 εἶναιτὰ

95 1121 238 1184 πλεῖστον
262 1118 373 1207 ἔχοντα
398 1122 450 1186 καλ
477 1118 660 1184 λεπτότατον
687 1125 758 1206 πῦρ,
784 1120 972 1207 ἐρυθρότερα
996 1121 1089 1186 δὲτὰ
1110 1121 1207 1208 παχό·

12 1201 34 1222 w
95 1251 184 1314 τερον
206 1229 257 1294 καὶ
276 1227 412 1314 ἔλαττον.
447 1229 576 1294 ciriaci
599 1227 689 1312 ἧττον
716 1229 794 1293 εἶναι
815 1228 917 1314 θερμὰ
941 1229 980 1293 τὰ
1003 1227 1208 1316 ἐρυθρότερα·

95 1335 212 1421 θερμῦν
235 1336 293 1421 γὰρ
313 1337 348 1400 τό
372 1335 491 1402 λεπτόν.
538 1333 581 1400 Τὸ
605 1337 640 1399 δὲ
658 1337 782 1422 χλωρόν
805 1334 840 1400 ἐν
862 1336 917 1419 μὲν
936 1341 991 1401 τοῦ
1011 1342 1136 1423 στερεοῦ
1158 1339 1209 1402 καὶ

94 1429 151 1507 τοῦ
180 1448 271 1508 κενοῦ
303 1445 492 1518 συνιστάναι,
519 1445 554 1511 ἐκ
584 1447 726 1530 μεγάλων
756 1442 784 1507 δ’
816 1443 943 1529 ἀμφοῖν.
995 1442 1044 1530 Τῇ
1067 1447 1102 1509 δὲ
1124 1446 1209 1508 θέσει

95 1550 147 1614 καὶ
167 1549 208 1634 τῇ
230 1551 312 1623 τάξει
335 1551 437 1617 αὐτῶν
456 1554 509 1638 τὴν
530 1553 628 1640 χρόαν
650 1551 815 1637 γίγνεσθαι.
859 1555 1059 1637 Tlreoplrrast.
1072 1554 1143 1617 ibid.
1159 1557 1208 1618 75.

181 1686 231 1748 36.
270 1683 404 1749 Ἀτοπον
435 1685 470 1749 δὲ
499 1687 550 1751 καὶ
577 1685 612 1750 τό
641 1691 702 1749 τῶν
723 1685 856 1770 χλωρῶν
880 1685 921 1769 μὴ
943 1683 1114 1749 ἀποδοῦναι
1138 1707 1209 1771 μορ-

12 1819 26 1874 ;.
95 1792 170 1875 ιρήν,
192 1791 273 1856 ἀλλὰ
294 1793 386 1878 μόνον
415 1793 449 1859 ἐκ
471 1797 526 1859 τοῦ
554 1795 679 1878 στερεοῦ
699 1793 751 1857 καλ
772 1796 827 1855 τοῦ
849 1797 940 1856 κενοῦ
961 1795 1070 1856 ποιεῖν.
1110 1796 1210 1858 ΊΊιευ-

94 1901 238 1982 phrastus
260 1902 332 1965 ibid.
355 1906 407 1968 82.

181 2034 231 2097 38.
274 2030 321 2097 Τὰ
344 2034 399 2118 μὲν
429 2032 482 2098 οῦν
514 2035 597 2098 ἁπλᾶ
621 2034 773 2120 χρώματα
799 2030 918 2102 τούτοις
947 2033 1119 2119 κεχρῆσθαι
1146 2040 1210 2104 τοῖς

12 2157 32 2194 ο
95 2141 266 2226 σχήμασιν·
290 2141 417 2206 ἕκαστον
440 2144 476 2206 δὲ
497 2144 726 2228 καθαρώτερον,
746 2140 813 2225 όσιρ
834 2139 869 2204 ἂν
893 2139 924 2210 ἐξ
947 2138 1154 2227 ἀμιχεστέρων
1176 2139 1209 2228 ἦ.

12 2265 26 2305 :2
94 2245 145 2312 Τὰ
169 2250 204 2312 δὲ
233 2249 315 2315 ἄλλα
345 2251 423 2315 κατὰ
452 2252 506 2336 τὴν
535 2251 651 2314 τοῦτον
682 2249 773 2333 μίξιν·
802 2249 867 2312 οἷον
895 2248 929 2311 τό
953 2247 1007 2331 μὲν
1031 2251 1211 2335 χροσοειῦὲτ

17 2495 24 2514 Γ
95 2491 261 2572 figurarum
285 2496 466 2579 aequalitate
484 2497 615 2578 maiores
636 2495 696 2557 siut
720 2491 894 2574 particulae,
920 2493 1065 2576 equibus
1087 2511 1212 2555 concre-

94 2605 216 2675 verunt,
246 2607 329 2668 tauto
358 2605 530 2667 rubriorem
554 2623 621 2674 esse
645 2601 789 2666 colorem.
840 2602 936 2683 Signo
966 2609 1066 2682 autem
1096 2617 1211 2677 essee

21 2713 25 2718 ’
93 2707 209 2770 talibus
230 2709 354 2774 rubrum
371 2733 493 2796 quoque
512 2719 659 2790 constare,
682 2711 765 2794 quod
785 2709 922 2773 calefacti
938 2709 1109 2786 rubeamus,
1128 2708 1213 2770 item·

19 2835 22 2843 ·
94 2835 158 2898 que
182 2817 298 2900 reliqua
319 2821 420 2884 omuia
441 2821 502 2902 igni
525 2820 662 2896 calcutia,
682 2819 824 2902 quamdiu
846 2818 964 2900 igneam
985 2817 1118 2902 speciem
1139 2831 1213 2896 prae

15 2933 20 2939 '
93 2941 132 2985 se
151 2921 257 2988 ieraut
299 2933 480 3010 Quaerere
504 2929 643 2992 rubriora
664 2928 732 3006 siut,
754 2947 771 2989 e
792 2927 907 3008 maguis
930 2925 1079 2990 coaluisse
1099 2923 1212 3004 liguris,

95 3037 133 3092 ut
154 3031 302 3098 flammam
330 3044 361 3100 et
387 3038 549 3100 carbonem
572 3037 723 3117 lignorum
745 3035 887 3100 viridium
922 3035 971 3097 vel
1006 3034 1158 3096 aridorum
1183 3037 1215 3092 et

15 3141 16 3168 ³
96 3139 212 3202 serrum
229 3149 259 3204 et
272 3150 392 3208 caetera
409 3164 487 3228 quae
502 3145 533 3206 iu
546 3145 614 3226 igue
626 3151 792 3224 ponantur:
813 3143 1024 3205 candidissima
1038 3141 1118 3204 enim
1136 3157 1213 3214 csse,

96 3267 178 3330 quae
198 3250 362 3331 plurimum
390 3254 490 3333 ignem
519 3263 550 3316 et
573 3251 781 3315 tenuissimum
809 3251 952 3328 habeant,
977 3248 1119 3311 rubriore
1139 3263 1214 3308 vero

94 3377 176 3440 quae
192 3359 372 3423 crassiorem
383 3367 414 3424 et
431 3361 588 3425 minorem.
618 3359 690 3422 ideo
706 3359 781 3437 lieri,
792 3366 826 3420 ut
842 3357 982 3421 rubriore
1000 3357 1098 3420 nunus
1119 3353 1216 3417 calida

95 3465 173 3538 siut;
196 3464 327 3530 calidum
354 3469 433 3532 euim
465 3475 563 3532 tenue.
607 3468 745 3530 Viridem
773 3466 903 3550 denique
923 3464 1060 3528 colorem
1079 3481 1096 3524 e
1115 3461 1216 3524 solido

95 3574 221 3656 quidem
245 3581 276 3638 et
304 3595 418 3654 vacuo,
444 3582 574 3659 utroque
601 3585 700 3640 autem
728 3595 838 3656 magno
866 3572 1000 3638 conflari.
1053 3571 1215 3634 Caeterum

94 3683 158 3746 situ
182 3689 212 3746 ct
235 3683 340 3746 ordine
362 3703 469 3747 eorum
491 3686 590 3767 ipsum
610 3685 747 3748 colorem
767 3683 860 3746 nasci.

182 3817 233 3879 36.
276 3817 380 3898 inepte
408 3816 497 3880 etiam
528 3818 598 3900 agit,
629 3817 712 3900 quod
736 3815 842 3878 viridis
869 3812 983 3878 coloris
1003 3811 1132 3874 formam
1153 3825 1216 3870 nou

93 3923 232 4004 exponit,
255 3923 310 3988 sed
329 3931 444 3999 tantum
464 3945 481 3986 e
504 3926 604 3990 solido
626 3933 658 3990 et
677 3944 775 3988 vacuo
795 3943 865 3987 eum
886 3920 1028 4003 componi
1051 3919 1152 3980 docet.

183 4050 234 4112 37.
278 4049 440 4132 Simplices
458 4053 550 4134 igitur
571 4051 694 4115 colores
714 4051 760 4115 his
781 4069 848 4114 esse
869 4049 981 4131 liguris,
1003 4047 1058 4110 sed
1080 4051 1114 4108 ut
1136 4041 1217 4126 quis·

92 4175 158 4238 que
182 4177 199 4218 e
222 4157 344 4222 minime
364 4159 466 4222 mixtis
492 4159 642 4223 conflatus
665 4159 712 4237 sit,
737 4160 779 4223 ita
800 4177 868 4222 esse
890 4155 1094 4238 purissimum.
1136 4148 1217 4214 licli-

94 4283 179 4346 quos
199 4285 257 4348 pro
289 4269 400 4351 (uaria)
427 4270 537 4330 horum
567 4264 710 4332 mixtione
740 4265 830 4346 oriri,
863 4275 896 4332 ut
926 4286 1002 4334 auro
1026 4261 1154 4328 similem
1187 4265 1217 4322 ct
