2892 4872
335 339 420 394 Liber
435 337 470 397 ll.
508 339 718 399 benemeriti
736 346 857 417 scriptia.
1095 351 1157 416 115

51 507 124 590 quod
145 509 232 572 tertio
260 507 369 571 abhinc
391 505 516 568 sacculo
542 507 715 573 Florentiae
745 513 775 573 in
802 511 984 578 bibliotheca
1006 519 1152 582 nobilium

51 615 241 678 Salvatiornm
265 616 413 692 exstabat,
432 633 494 677 non
516 617 645 697 amplius
665 617 800 697 reperiri.
835 619 882 681 Cf.
901 622 1062 686 Burmann.
1085 625 1149 706 Syl-

50 721 102 802 log.
121 723 204 803 epist.
225 731 298 788 tom.
313 727 343 788 V
362 745 391 806 p.
403 725 482 794 7573
505 725 716 802 Wyttenbach
733 725 771 788 ad
785 725 934 790 Plutarch.
946 729 964 792 1.
979 731 1014 804 Ι.;
1034 732 1150 795 Harlee.

49 829 82 890 ad
104 831 219 894 Fabric.
254 830 333 894 Bibl.
369 849 413 912 gr.
448 830 509 892 vol.
533 831 572 892 ΠΙ
596 850 625 911 p.
649 832 699 893 92.
755 835 826 914 Quo
854 836 951 914 major
973 835 1149 902 Alexandro

48 937 128 1000 hiero
148 939 287 1004 habenda
307 948 354 1002 est
376 939 478 1020 gratia,
493 939 544 1021 qui
566 939 639 1002 olim
659 939 747 1001 locos
764 939 926 1004 nonnullos
943 945 1150 1009 eFlorcntino

49 1045 138 1107 Procli
159 1047 270 1110 codice
294 1052 457 1128 excerptos
479 1046 541 1110 suis
563 1047 593 1109 in
615 1065 727 1109 novum
751 1053 960 1112 testamentum
982 1051 1150 1114 adnotatio-

47 1151 125 1214 nibus
145 1155 283 1217 intexuit.
324 1155 468 1236 isigitur
491 1155 529 1218 ad
544 1155 612 1218 Joh.
633 1155 691 1232 Xl,
716 1155 757 1218 39
777 1175 807 1236 ρ.
831 1155 890 1217 uta
922 1157 997 1218 haec
1023 1159 1151 1238 protulit

47 1261 206 1343 philosophi
239 1261 335 1325 verba
367 1263 406 1325 ad
433 1283 498 1326 rem
528 1271 663 1326 nostram
691 1263 855 1344 praecipue
876 1264 1067 1344 pertinentia:
1096 1265 1149 1348 τὴν

47 1367 93 1448 pte
112 1371 178 1453 περὶ
200 1375 263 1433 τῶν
286 1369 451 1433 ἀποθανεῖν
477 1368 628 1440 δοξάντων
657 1367 762 1432 ἔπειτα
784 1367 990 1454 ἀναβιοίνντων
1017 1369 1148 1453 ἱστορίαν

46 1471 124 1536 ἄλλοι
143 1498 176 1538 τε
199 1477 313 1539 πολλοὶ
334 1481 394 1540 τῶν
423 1479 562 1540 παλαιῶν
585 1476 743 1561 ἤθροισαν,
773 1478 823 1541 καὶ
842 1475 1032 1562 Δημόκριτος
1054 1477 1070 1541 ὃ
1094 1500 1147 1562 cpu-

47 1582 117 1650 οινδς
137 1582 166 1646 ἐν
187 1588 253 1652 τοῖς
276 1583 345 1669 itepl
365 1587 419 1647 τοῦ
435 1577 511 1667 ᾅδου
532 1585 706 1670 γράμμασι·
726 1585 847 1648 καὶτὸν
873 1583 1049 1668 θαυμαστὸν
1073 1583 1148 1648 ἐκεῖ·

45 1707 98 1764 νον,
117 1692 252 1774 αονὼτην
283 1694 338 1754 τοῦ
366 1689 532 1760 Πλάτωνος
559 1692 689 1776 ἑταῖρον,
705 1689 898 1776 Ἐττκοὺριον
928 1689 1001 1755 ὄντα
1028 1692 1148 1761 τοίντως

45 1793 116 1840 “¹
143 1796 361 1882 καδηγέμονος
388 1797 658 1843 nunu*
686 1800 728 1883 μὴ
759 1799 908 1882 ἀγνοῆσαι
938 1798 1017 1883 μηδὲ
1039 1797 1146 1883 ἀγνοή-

45 1923 125 1965 σαντα
149 1907 267 1987 ζητεῖν,
305 1907 372 1973 πῶς
398 1905 449 1967 τδν
475 1903 672 1969 ἀποθανόντα
700 1907 790 1970 πάλιν
812 1905 980 1990 ἀναβιῶναι
1003 1906 1145 1970 δυνατόν·

46 2005 107 2072 οὐδὲ
133 2009 188 2096 γὰρ
216 2012 233 2074 δ
259 2012 395 2081 θάνατος
420 2011 458 2097 ἧν
481 2011 695 2092 ἀποσαλεοσις,
724 2016 767 2082 ὥς
791 2011 882 2090 ἔοικε,
910 2015 963 2095 τῆς
985 2015 1146 2098 συμπάσης

45 2117 114 2198 ζωῆς
130 2122 182 2182 τοῦ
204 2119 360 2202 σώματος,
385 2117 457 2182 ἀλλ’
487 2119 545 2182 ὑπὸ
569 2120 624 2203 μὲν
646 2122 765 2204 πληγῆς
784 2140 863 2187 τινος
884 2119 957 2187 ἴσως
978 2123 1032 2182 τοῦ
1057 2119 1144 2204 τραύ-

45 2243 132 2304 ρατοτ,
153 2230 302 2310 παρεῖτο·
331 2229 385 2309 τῆς
408 2227 443 2290 δὲ
472 2231 574 2313 ψυχῆς
603 2229 634 2291 οἱ
661 2228 731 2312 περὶ
756 2228 806 2291 τδν
838 2227 950 2310 μυελὸν
972 2223 1080 2309 ἔρανον
1101 2223 1145 2289 ἔτι

44 2327 136 2412 δεσροί
163 2331 424 2418 κατεῤῥιίωρένη,
455 2335 506 2398 καὶ
533 2336 554 2418 ἠ
582 2335 693 2420 καρδία
721 2336 755 2398 τὸ
781 2333 962 2419 ἔρττίνρεορα
983 2335 1037 2415 τῆς
1062 2334 1145 2415 ζωῆς

45 2431 114 2519 εἶχον
136 2437 311 2524 ἐγκείμενον
336 2439 367 2503 ἐν
398 2441 503 2524 βοίδει·
533 2443 584 2506 καί
609 2441 719 2505 τούτου
750 2440 893 2524 μένοντος
913 2437 1001 2508 αὖθις
1022 2438 1142 2521 ἀνεκτή-

44 2561 105 2604 σατο
122 2545 172 2628 τὴν
186 2545 401 2632 ἀπεσβηκοῖαν
425 2549 509 2633 ζωὴν
531 2547 704 2634 ἐπιτηδείαν
724 2549 802 2632 oph<
821 2547 874 2630 τὴν
898 2545 1037 2631 ψίχωστν
1058 2565 1141 2627 γενο-

44 2647 133 2734 μένην.
172 2654 348 2738 Antequam
380 2657 439 2738 ipsi
463 2658 502 2719 de
530 2659 590 2720 hoe
616 2659 688 2720 loco
714 2673 847 2738 agamus
874 2672 986 2732 operae
1013 2652 1145 2732 pretium

43 2754 136 2822 tacturi
154 2764 244 2826 nobis
270 2763 416 2840 videmur,
438 2766 464 2828 si
485 2765 711 2846 Wyttenbachii
732 2765 770 2827 de
796 2782 835 2825 eo
868 2759 1045 2822 sententiam
1066 2779 1144 2840 quae

42 2859 67 2922 iu
86 2865 327 2934 adnotationibus
348 2873 387 2934 ad
407 2873 485 2935 Plut.
512 2871 580 2933 libr.
605 2872 643 2934 de
665 2892 733 2935 sere
753 2890 834 2936 nunc
853 2868 934 2930 vind.
957 2887 987 2948 p.
1008 2867 1051 2930 90
1071 2863 1144 2946 legi·

41 2973 228 3041 creemus
265 2977 431 3042 doctissimi
465 2979 522 3042 viri
547 2979 648 3042 verbis
675 2979 725 3041 hio
750 2995 915 3060 ponamus:
957 2975 1142 3052 „Personam

41 3077 154 3160 quidem,
182 3083 291 3169 inquit,
321 3085 532 3172 integrumque
559 3088 638 3149 hunc
663 3086 765 3148 locum
785 3092 940 3166 praestare
958 3100 1059 3143 meum
1078 3098 1142 3141 non

41 3191 94 3260 Μ,
118 3195 146 3252 at
181 3191 362 3256 sententiam
389 3199 489 3257 umen
521 3197 696 3274 conjectura
720 3193 840 3278 assequi
865 3191 976 3254 licebit.
1018 3187 1142 3250 Clarum

42 3289 110 3353 enim
127 3305 172 3360 est
192 3300 229 3362 de
256 3298 358 3363 colato
374 3303 527 3381 Epobureo
547 3301 597 3364 bio
618 3319 789 3363 sermonem
812 3319 888 3378 esee,
910 3297 962 3383 qui
985 3315 1054 3358 cum
1074 3293 1139 3375 ple-

42 3413 140 3482 rosque
156 3405 362 3486 Philosophus
382 3410 554 3472 tumeliam
573 3410 735 3471 Platonem
756 3416 787 3470 et
808 3408 1019 3471 Damocritum
1039 3402 1140 3483 exegi·

41 3507 109 3582 ldtit,
135 3515 215 3594 quod
240 3518 348 3575 notum
381 3522 427 3578 est
451 3535 489 3578 cx
512 3515 664 3580 Plutarchi
691 3515 771 3579 libro
800 3524 907 3581 contra
932 3515 1013 3577 bunc
1040 3511 1141 3592 ipsum

39 3607 156 3680 Coloten
173 3626 203 3683 et
220 3619 329 3700 altero,
350 3623 402 3706 qui
415 3623 591 3686 inscribitur
611 3643 675 3685 non
695 3626 834 3686 amciter
841 3643 930 3704 posse
949 3623 1015 3684 uici
1033 3637 1140 3680 semen-

39 3715 104 3780 dum
134 3727 314 3807 Epicurum.
359 3730 478 3792 Deinde
514 3751 553 3794 ex
578 3730 737 3794 Macrobio
772 3733 876 3794 Somu.
909 3729 1045 3811 Scipion.
1076 3725 1142 3788 hl

38 3841 60 3884 θ·
81 3829 98 3888 2
119 3838 147 3894 et
171 3833 269 3898 altero
291 3837 363 3900 loeo
392 3837 503 3916 Procli,
531 3858 621 3921 quem
649 3839 768 3902 exhibet
794 3840 900 3901 Morus
921 3857 951 3916 p.
974 3837 1049 3910 387,
1066 3850 1139 3894 con-

37 3935 96 4008 δεῖ,
112 3935 242 4005 Coloten
274 3943 451 4026 (legendum
478 3948 558 4010 enim
580 3942 730 4009 Κολώτοο
751 3967 810 4029 pro
832 3941 979 4022 Κλώτοο)
1004 3938 1139 4004 Plutonis

18 4033 155 4106 'tabulam
189 4048 228 4110 de
262 4052 344 4114 Here
372 4051 518 4116 Armenio
548 4053 742 4116 deridendam
768 4053 826 4116 sibi
863 4051 1016 4116 sumsisse.
1068 4049 1140 4108 Vox

37 4143 238 4232 καδηγίμονος
264 4163 365 4222 autem
389 4160 427 4222 de
450 4161 627 4223 Democrito
654 4161 829 4242 accipienda
850 4168 904 4238 est,
928 4159 988 4241 qui,
1011 4175 1082 4218 cum
1102 4153 1140 4214 ab

36 4263 70 4310 00
89 4251 243 4342 Epicurus,
262 4265 409 4350 quidquid
427 4267 458 4330 in
478 4267 607 4350 Physica
627 4268 729 4346 valuit,
750 4269 896 4332 desumsit
917 4267 1138 4350 Epicureorum

871 4378 934 4442 ge
