2932 4862
316 307 381 374 358
642 315 837 378 tlaamtioaum
864 311 1097 368 Democriteum!

319 473 425 540 desios
447 479 642 557 servavimus,
665 487 699 543 ut
720 481 751 542 in
773 499 811 542 eo
830 479 912 562 quod
928 481 1065 563 sequitur
1088 479 1177 544 ὀστέα
1196 487 1225 543 et
1243 479 1271 540 in
1289 479 1390 558 septime

319 579 439 647 derlee.
481 587 561 649 Nam
587 587 699 650 formas
727 606 788 651 non
810 595 996 666 contrectas,
1027 607 1101 670 quas
1118 587 1198 668 apnd
1217 586 1391 650 Democritum

318 699 483 772 repererat,
503 693 550 756 iris
569 693 647 756 locis
669 696 790 758 retinuit
812 694 962 759 Aelianus

402 803 431 864 7.
476 801 563 864 Initio
599 803 688 883 liujus
721 803 880 884 fragmenti
913 804 1112 886 τρηρατῶδες
1143 801 1232 883 posui
1257 821 1308 883 pro
1333 801 1392 880 ulg.

317 903 492 990 θρηνῶδες,
521 929 611 992 quam
638 913 842 992 conjecturam
868 915 977 990 postea
1008 909 1070 972 vidi
1093 911 1157 990 jam
1186 911 1314 974 Gesnero
1336 909 1393 970 inter

317 1013 392 1080 alies
417 1037 494 1099 quas
523 1017 641 1100 profert
673 1017 833 1099 opiniones
861 1018 890 1080 in
919 1023 1050 1080 mentem
1078 1019 1204 1082 venssse.
1244 1015 1300 1080 Alii
1315 1016 1394 1096 legunt

317 1121 547 1208 τινῦρηνιῶδες.
581 1125 649 1190 Vid.
663 1127 725 1188 lnd.
749 1144 817 1190 voc.
832 1129 975 1190 Democr.
1003 1109 1038 1188 lu
1059 1125 1161 1189 verbis
1183 1125 1292 1207 ἀνάγκη
1313 1123 1342 1186 dl
1359 1122 1394 1184 sai

318 1227 481 1316 ξηρότερον
505 1233 556 1297 τὸν
575 1231 694 1318 αὐχένα
717 1237 776 1297 τῶν
800 1232 958 1318 ἀνεράτων
981 1230 1077 1295 εἶναι·
1100 1231 1276 1315 λεπτότεραι
1295 1229 1343 1313 γὰρ
1359 1229 1394 1290 sal

318 1335 349 1398 ni
371 1337 486 1402 reiron
509 1339 623 1426 φλέβες
649 1341 778 1404 Gesneri
800 1339 1039 1404 emendationem
1062 1339 1172 1403 τούτου
1196 1338 1323 1421 vulgatae
1341 1335 1394 1399 seri-

291 1441 293 1448 ’
315 1449 424 1524 pturae
448 1446 564 1510 radron
585 1449 722 1529 praetuli.

312 1712 361 1770 Ε.
399 1715 645 1771 ΑΒΝΟΤΑΤΙΟΝΕΒ
671 1723 702 1770 ΙΝ
723 1723 897 1774 usstoctum
918 1721 1110 1774 FRAGMENTA
1132 1720 1219 1772 vluti
1237 1715 1392 1770 sustulisti

399 1872 428 1931 1.
469 1867 590 1930 lietinui
628 1871 658 1932 in
697 1871 756 1934 lroe
795 1873 962 1953 fragmento
997 1871 1208 1935 mathematico
1239 1869 1392 1951 singulorum

310 1974 473 2038 verborum
496 1975 687 2056 scripturam,
716 1979 813 2062 quslis
841 1998 922 2042 nunc
952 1978 1034 2058 apud
1055 1978 1250 2042 Plutarchum
1268 1977 1391 2049 invenitur,

311 2101 401 2164 quem
422 2083 618 2148 Democritea
635 2087 699 2148 suis
720 2089 900 2150 inserentem
922 2087 1021 2166 ipsum
1046 2085 1213 2149 Abderitae
1239 2083 1344 2147 dicendi
1359 2099 1392 2160 ge·

269 2181 271 2184 ’
309 2207 369 2252 nus
398 2210 455 2254 suo
481 2192 574 2254 medo
601 2199 733 2256 mutasse
761 2195 925 2278 ejectisque
954 2193 1060 2256 formis
1087 2193 1200 2256 ionicis
1228 2192 1391 2274 interpolasse

308 2313 388 2358 reor.
431 2299 523 2380 Quod
546 2300 686 2363 Reiskius
707 2299 801 2364 textui
825 2303 952 2366 inseruit
972 2299 1057 2384 παρὰ
1078 2299 1132 2381 τὴν
1158 2300 1246 2386 βάσιν
1269 2297 1388 2361 ἐπίπεδον.

309 2399 445 2484 ineptum
475 2415 530 2471 est
586 2408 709 2490 Quippe
746 2409 884 2472 revocari
912 2409 1054 2472 convenit
1089 2415 1227 2472 veterem
1255 2407 1389 2474 lectionem

307 2529 397 2591 quem
432 2522 555 2578 tuentur
579 2515 677 2578 Aldus
708 2523 739 2578 et
768 2517 861 2580 editio
887 2517 1085 2593 Basileensis,
1114 2514 1263 2600 ἐπιπέδῳ.
1318 2517 1389 2594 Quum

308 2619 386 2680 enim
407 2625 476 2684 coni
507 2623 588 2688 basis
616 2643 737 2706 semper
761 2623 800 2687 sit
827 2623 981 2704 ἐπίπεδος,
1003 2643 1060 2705 ρει·
1086 2643 1119 2686 se
1139 2632 1232 2704 patet,
1261 2625 1290 2686 id
1309 2621 1389 2682 diserte

306 2728 480 2811 neutiquam
511 2733 560 2793 hic
588 2731 749 2795 dicendum
779 2732 881 2796 luisse.
930 2731 1081 2812 Imprimis
1109 2738 1212 2794 autem
1239 2727 1389 2814 loquendum

306 2843 371 2898 erat
400 2837 438 2898 de
465 2840 536 2900 coni
562 2839 698 2902 sectione
723 2841 789 2902 basi
818 2839 981 2922 parallela,
1013 2858 1091 2920 quae
1122 2838 1279 2921 interjecta
1298 2832 1389 2918 planitie

305 2943 366 3007 liat.
406 2944 585 3024 llujusmodi
605 2947 757 3010 sectiones
778 2947 873 3030 liquet
892 2965 958 3009 eam
976 2946 1087 3008 habere
1107 2947 1179 3024 vim,
1202 2959 1236 3012 ut
1256 2965 1326 3031 quae
1341 2940 1389 3003 iude

305 3051 441 3115 otiaretur
469 3049 694 3134 segmentomm
721 3054 899 3135 superficies
929 3054 1078 3117 rotundae
1104 3061 1135 3116 et
1160 3054 1317 3117 circulares
1341 3049 1388 3112 sin

304 3163 417 3239 etque
440 3180 577 3243 quaeque
602 3163 780 3244 superficies
807 3162 898 3226 altior
919 3163 966 3240 sit,
992 3181 1030 3225 eo
1059 3161 1156 3242 magis
1178 3169 1326 3225 coarctato
1351 3155 1389 3217 cir-

303 3265 375 3326 culo
404 3269 540 3346 proxime
568 3271 743 3334 interiorem
776 3279 908 3352 superet.
965 3275 1064 3352 Quam
1097 3271 1200 3352 inepte
1234 3269 1388 3351 Chrysippus

300 3373 511 3436 Democritum
533 3377 672 3440 refellere
692 3379 827 3442 voluerit
857 3386 888 3441 et
906 3377 1061 3460 quomodo
1084 3398 1102 3440 a
1128 3380 1290 3444 Plutarcho
1308 3375 1388 3438 retua-

299 3481 404 3546 tussit
426 3483 548 3546 Stoicus
571 3485 771 3568 philosophus
800 3505 941 3549 enarrare
964 3487 1118 3551 hocloco
1140 3507 1202 3551 non
1225 3487 1329 3559 attirtet,
1351 3473 1387 3540 sel

303 3609 341 3652 ex
361 3589 457 3670 ipsius
475 3592 635 3672 scriptoris
657 3593 771 3671 libello,
793 3615 882 3676 quem
907 3595 1005 3671 citavi,
1025 3597 1172 3675 cognosci
1196 3616 1253 3676 par
1270 3597 1318 3655 est.

384 3701 412 3760 2.
455 3699 517 3760 Pro
547 3699 631 3783 lepori
654 3703 764 3784 scripsi
786 3703 864 3786 ipsi,
897 3702 980 3784 quod
1001 3703 1114 3782 llagitat
1139 3704 1239 3766 ionica
1261 3699 1384 3762 niueos

299 3806 467 3869 Democriti
486 3806 597 3870 dictum
619 3811 744 3890 respicit
765 3811 875 3874 Cicero
895 3811 934 3871 de
954 3811 1067 3873 divinat
1088 3813 1110 3887 l,
1132 3813 1188 3875 37:
1211 3811 1325 3889 „Negat
1340 3801 1384 3862 sint

300 3913 404 3976 lurore
433 3917 628 3979 Democritus
657 3937 837 4002 quemquam
857 3923 979 4000 potitam
1001 3937 1141 4000 magnum
1162 3939 1229 3982 esse
1249 3907 1351 3999 posse'‘
1366 3912 1385 3962 et

300 4019 338 4080 de
359 4024 442 4084 Orat
463 4021 514 4086 lib.
535 4025 569 4100 ll,
593 4027 649 4088 lo:
685 4027 805 4106 „Saepe
824 4025 902 4088 euim
924 4025 1033 4103 audivi,
1049 4032 1171 4107 po'etam
1191 4027 1301 4090 bonum
1317 4010 1384 4080 neni

298 4143 367 4188 nem
388 4127 435 4207 (id
455 4133 538 4210 quod
563 4153 580 4193 a
600 4133 779 4196 Democrito
802 4141 832 4195 et
850 4131 977 4198 Platone
998 4135 1168 4217 inscriptis
1188 4135 1320 4198 relietum
1336 4135 1382 4206 εν*

298 4230 416 4312 dicunt)
445 4235 509 4296 sine
538 4239 771 4304 inflammatione
803 4239 971 4304 animorum
999 4243 1143 4305 exsistere
1166 4261 1264 4324 posse,
1294 4245 1319 4297 et
1337 4229 1381 4290 siue
