2932 4862
369 333 454 387 Liber
470 333 516 388 W.
554 333 597 388 Dc
614 333 767 390 Democriti
787 337 904 407 placitis.
1131 339 1195 403 375

76 500 260 580 judicaverit
279 499 391 562 Cicero
414 497 508 560 head.
528 507 641 580 quaest.
662 501 695 576 ΙΙ,
719 486 774 565 37:
801 503 994 584 „Leucippus
1020 505 1140 584 pienum
1163 514 1193 568 et

82 612 170 672 inane
201 609 310 687 (esse)
340 606 430 682 dixit,
459 607 713 689 Democritusque
742 611 811 672 huic
839 611 870 671 in
900 612 958 673 hoc
980 611 1098 688 similis,
1120 616 1192 676 ube·

82 717 147 778 rior
172 715 202 775 iu
231 711 384 776 caeteris.’'
435 714 469 773 lu
501 713 645 775 tradenda
672 714 863 796 philosophia
894 720 1085 780 Democritus
1114 721 1190 784 aiios

81 823 164 884 viros
185 821 348 901 sapientiae
370 821 470 882 studio
491 819 622 882 illustres
646 823 818 903 frequenter
840 827 1017 887 memoravit
1032 826 1191 908 Anaxago-

81 949 154 1006 ram,
175 930 382 1009 Pythagoram,
407 926 595 1006 Oenopideu,
625 929 841 1007 parmenidem,
861 933 1024 1008 Zenonem,
1046 935 1191 1014 Protago-

80 1057 155 1100 ram.
197 1036 245 1100 Gt
264 1035 414 1098 Plutarch.
441 1055 470 1114 p.
495 1037 628 1098 meac.
670 1036 760 1117 Diog.
786 1041 884 1100 haert
914 1041 970 1116 IX,
993 1041 1045 1114 34,
1069 1043 1119 1118 35,
1139 1045 1189 1118 38,

81 1148 132 1220 ht,
164 1146 214 1220 d‘l,
242 1145 292 1204 46.
335 1143 417 1205 Sext
453 1142 566 1223 Empir.
592 1143 659 1206 adv.
685 1146 774 1206 math.
801 1147 864 1222 vu,
897 1149 957 1210 140
984 1156 1014 1210 et
1035 1151 1106 1212 389.
1159 1153 1190 1212 Ιιι

81 1250 251 1315 scmtaudis
277 1251 368 1312 rebus
386 1249 572 1313 naturalibus
593 1269 654 1311 nou
680 1251 719 1312 ad
740 1251 806 1314 sola
824 1255 1028 1332 experimenta
1047 1257 1190 1336 confugit,

81 1361 160 1420 inter
184 1377 261 1440 quae
287 1377 356 1419 eum
383 1355 586 1418 consumsisse
617 1364 743 1421 aetatem
772 1360 934 1424 Petronius
964 1363 1068 1426 scribit
1091 1367 1191 1444 pti,

81 1467 136 1530 sed
151 1466 254 1549 quoad
274 1466 339 1543 ejus
369 1463 434 1524 heri
456 1469 561 1542 posset
589 1464 702 1546 ubique
723 1485 824 1528 rerum
850 1488 956 1530 causas
978 1469 1119 1551 indagare
1140 1491 1191 1550 ag-

80 1593 205 1656 gressus
225 1579 280 1637 est.
322 1571 370 1632 Gi.
388 1569 503 1632 Aelius.
525 1569 562 1632 de
580 1571 699 1636 ιιιιίιιιαλ
718 1574 770 1636 lib.
791 1575 842 1650 VI,
858 1578 908 1638 60.
950 1577 1054 1658 ltaque
1073 1577 1191 1640 Aristo-

82 1683 157 1744 teles
176 1682 214 1742 de
226 1699 293 1761 gen.
315 1678 547 1754 etinter.1,2:
571 1675 670 1757 οὗτος,
693 1681 796 1762 iuquit,
822 1679 904 1744 ἔοικε
928 1684 982 1765 μὲν
1004 1683 1073 1766 περὶ
1099 1683 1189 1746 ἁπάν-

81 1810 142 1852 των
164 1767 324 1872 φροντίσαι
350 1791 381 1847 et
405 1783 509 1865 paullo
535 1785 660 1848 iuferius
689 1785 879 1870 Δημόκριτος
900 1788 928 1851 δ’
952 1789 988 1852 ἄν
1013 1792 1122 1874 φανείη
1149 1792 1190 1852 oi·

81 1897 176 1962 κείοις
198 1894 249 1956 καὶ
270 1895 409 1977 φυσικοῖς
431 1889 533 1973 λόγοις
553 1895 727 1956 πεπεῖσθαι,
758 1897 875 1959 Primus
894 1897 973 1959 enim
994 1919 1093 1960 rerum
1116 1919 1191 1980 quas

81 2011 189 2067 natura
207 2001 301 2082 gignit
324 2001 497 2062 varietatem
525 2001 615 2062 certis
645 2003 819 2065 notionibus
844 2005 968 2067 definire
997 2007 1129 2080 tentavit,
1151 2008 1191 2067 ita

82 2119 182 2174 tamen
209 2118 242 2172 ut
269 2108 473 2169 difficillimam
505 2127 593 2188 quam
631 2109 784 2172 invenerat
819 2113 987 2175 doctrinam
1023 2113 1192 2175 inchoatam

81 2217 273 2300 posterisque
294 2215 522 2296 perpoliendam
536 2216 726 2298 relinqueret.
770 2219 832 2278 Sed
854 2219 883 2278 in
905 2224 986 2280 tauta
1005 2220 1193 2298 ingeniorum

81 2325 265 2408 praestantia
294 2331 324 2386 et
345 2323 481 2386 ubertate
509 2323 616 2384 mirum
643 2329 689 2384 est
716 2333 787 2403 post
808 2327 1016 2388 Democritum
1037 2328 1095 2388 hoc
1115 2327 1194 2388 litte-

84 2453 184 2494 rarum
209 2452 303 2512 genus
331 2430 443 2494 nuliius
478 2431 535 2493 nisi
563 2431 734 2493 Aristotelis
765 2443 795 2492 et
823 2432 1024 2514 Theophrasti
1055 2435 1192 2496 acumine

82 2564 191 2624 magua
217 2543 334 2622 cepisse
356 2539 590 2618 incrementv).
634 2541 793 2600 Caeterum
816 2539 986 2602 inchoatam
1005 2561 1072 2622 esse
1096 2562 1114 2602 a
1134 2543 1194 2602 De-

83 2651 213 2713 mocrito
232 2651 308 2711 hanc
327 2649 365 2710 de
387 2669 446 2730 qua
470 2647 622 2728 loquimur
643 2645 841 2725 disciplinam,
866 2667 927 2708 uon
949 2650 1123 2728 perfectam,
1146 2649 1193 2711 rel

83 2759 159 2822 iliud
191 2763 368 2838 argumento
398 2761 460 2832 est,
492 2755 575 2836 quod
603 2751 750 2814 interdum
779 2751 958 2816 Aristoteles
993 2755 1037 2815 rei
1069 2757 1195 2836 aiicujus

82 2887 205 2930 causam
229 2865 434 2944 rationemque
451 2863 490 2924 ab
511 2879 549 2924 eo
568 2861 713 2922 redditam
736 2879 803 2922 esse
820 2871 918 2939 negat
960 2863 1007 2926 Cf.
1028 2865 1066 2925 de
1088 2865 1194 2944 respir.

84 2997 151 3056 cap.
175 2976 203 3050 d,
225 2994 255 3053 p.
280 2974 338 3034 471
354 2989 436 3052 seqq.
463 2969 510 3030 ed.
532 2969 660 3030 Bekher.
712 2967 803 3048 Quod
831 2968 980 3050 reliquum
1008 2976 1061 3046 est,
1083 2991 1118 3032 ea
1140 2972 1196 3032 fuit

84 3085 258 3163 dogmatum
277 3078 540 3140 Democriteorum
562 3077 646 3150 ratio,
677 3081 710 3136 ut
734 3073 880 3138 Abderita
906 3077 1080 3139 inductione
1102 3079 1196 3158 potis-

84 3193 201 3264 simum,
222 3207 311 3269 quam
333 3205 485 3257 vocamus,
506 3190 649 3246 uteretur.
693 3183 734 3245 ht
755 3185 831 3244 hanc
850 3185 979 3246 sortasse
1000 3204 1061 3247 ιιοιι
1076 3207 1197 3266 semper

86 3297 214 3360 feliciter
234 3293 316 3359 onmi
338 3292 477 3356 materiae
498 3291 640 3355 adhibuit
684 3291 716 3352 ld
743 3291 987 3355 concludendum
1009 3313 1048 3355 ex
1070 3293 1194 3356 Aristot.

157 3627 180 3688 ⁴)
197 3625 352 3676 srrstotaras
376 3623 410 3674 ds
433 3626 501 3686 part.
528 3623 670 3684 animati,
693 3619 720 3670 1;
749 3619 828 3672 αἴτιον
857 3617 885 3671 di
907 3623 954 3672 roh
975 3619 1011 3690 μὴ
1033 3615 1117 3670 ἐλθεῖν
1137 3619 1198 3676 τοὺς

84 3703 298 3776 προγινιυτίρους
319 3703 361 3755 ἰπὶ
379 3701 423 3754 τὸν
440 3701 534 3773 τρόπον
553 3705 655 3756 τοῦτον,
675 3697 713 3750 dra
733 3698 763 3750 τὸ
781 3702 805 3752 τί
821 3699 851 3771 ἧν
868 3698 932 3752 εἶναι
951 3700 995 3751 καὶ
1014 3697 1043 3750 τὸ
1063 3695 1199 3768 ὁρίοααθαι

84 3785 133 3856 τὴν
152 3781 242 3834 οὐσίαν
261 3781 311 3835 ουκ
330 3783 372 3853 ἦν,
386 3781 446 3835 ἀλλ’
466 3783 552 3854 ἥψατο
568 3781 615 3850 μίν
632 3777 794 3852 Δημόκριτος
813 3785 926 3850 πρῶτος,
940 3779 976 3836 ὡς
991 3777 1040 3830 ουκ
1058 3779 1200 3847 ἀναγκαίου

85 3865 166 3936 λιτῇ
195 3867 289 3936 φυσικῇ
311 3861 419 3936 θεωρίᾳ,
438 3861 495 3914 ἀλλ’
520 3861 691 3932 ἐκφερόμενος
719 3861 764 3914 ὑπ’
793 3861 942 3913 αὐτοῦτοῦ
966 3861 1133 3930 πράγματος,
1159 3859 1201 3910 ἐπὶ

87 3943 245 4016 Σωκράτους
265 3949 342 3997 τοῦτο
367 3945 415 4013 μὲν
436 3941 549 4014 qteqtq,
580 3943 609 3994 τὸ
629 3941 657 3994 di
678 3943 811 4010 ζητεῖνκαὶ
830 3943 886 4012 περὶ
904 3939 1008 4012 phareae
1030 3937 1115 4008 ἔληξε.
1136 3936 1199 4008 πρὸς

88 4023 116 4076 δὲ
135 4025 182 4094 τὴν
209 4025 336 4096 χρήσιμον
362 4024 455 4095 ἀρετὴν
483 4025 528 4076 καὶ
554 4025 600 4095 τὴν
626 4022 759 4094 πολιτικὴν
786 4019 926 4074 ἀπέκλιναν
947 4019 972 4072 oi
989 4019 1201 4092 φιλοσοφοῦντες.

87 4107 162 4158 idem
191 4105 269 4170 Phys.
297 4110 325 4168 ΙΙ,
351 4103 381 4156 i:
414 4105 455 4156 hri
487 4103 578 4176 μικρὸν
609 4105 657 4174 γάρ
681 4121 704 4156 τι
733 4105 810 4174 μέρος
833 4099 1013 4171 Ἐμπεδοκλῆς
1041 4102 1086 4153 καὶ
1115 4096 1201 4170 Δημό·

87 4201 175 4264 κριτος
198 4188 245 4237 που
271 4185 354 4245 εἴδους
375 4187 421 4238 καὶ
446 4189 494 4238 τοῦ
519 4185 544 4238 ri
565 4183 597 4256 ἦν
619 4185 684 4238 εἶναι
708 4183 820 4255 ἥψαντο.
852 4184 889 4234 Ci.
911 4183 1023 4247 hempta.
1041 4197 1067 4248 p.
1090 4180 1141 4235 hob
1159 4182 1200 4234 ad.

87 4267 208 4319 Braudia.
