2932 4862
363 341 447 398 Liber
464 339 514 398 tii.
548 339 618 394 Ado.
634 339 671 394 ad
688 337 767 394 Dem.
786 355 829 410 op.
845 339 940 412 tregru.
1140 337 1204 402 365

96 511 258 593 sanguinis,
282 509 339 572 lue
359 507 484 589 spiritus
506 505 706 587 receptacula
757 503 792 566 iu
814 511 894 567 terra
914 525 1035 588 quoqne
1058 512 1128 568 sunt
1146 507 1206 569 alia

97 620 213 696 itinera,
233 637 290 700 per
312 634 389 698 quse
413 634 499 695 aqua,
526 611 631 673 etatis
655 630 712 691 per
732 631 809 693 quae
830 613 953 692 spiritus
974 614 1082 678 currit:
1114 615 1206 677 adeo-

96 747 157 810 que
178 725 259 788 iliam
279 726 318 788 ad
346 721 572 786 simitttuntneu
593 720 791 783 humanorum
818 713 982 801 corporum
1012 729 1119 784 natura
1143 722 1205 784 ior-

96 835 196 912 mavit,
219 840 254 896 ut
272 833 402 911 maJores
419 847 540 911 quoque
554 826 651 889 nostri
665 847 811 909 aquarum
823 826 1041 909 appellaverint
1052 846 1152 892 venas.
1165 863 1205 878 -

96 939 125 1025 §.
147 943 198 1005 91.
241 937 378 1002 Cassiod.
400 938 473 999 Ver.
495 937 515 1000 3
534 955 582 1016 ep.
602 935 658 998 53:
685 935 801 998 Dicunt
826 936 906 998 enim
934 955 1035 1018 aquas,
1063 955 1141 1018 quae
1167 935 1207 998 ad
1287 943 1296 958 “

98 1048 244 1110 orientem
262 1045 447 1108 Austrumve
468 1049 679 1124 prorumpunt,
698 1042 803 1106 dulces
821 1049 913 1126 atque
934 1042 1110 1123 perspicuas
1130 1063 1208 1115 esse,

98 1162 128 1217 et
147 1173 205 1234 pro
227 1173 282 1217 sua
300 1152 421 1215 levitate
441 1151 654 1215 saluberrimas
673 1150 814 1213 inveniri:
837 1151 867 1214 in
879 1150 1113 1231 septentrionem
1132 1171 1206 1214 vero

98 1269 186 1344 atque
218 1261 406 1324 occidentem
433 1279 628 1343 quaecuuque
655 1265 793 1336 manant,
822 1259 945 1341 probari
974 1259 1095 1342 quidem
1120 1258 1208 1320 nimis

99 1371 233 1450 frigidas,
255 1369 310 1431 sed
325 1367 525 1431 crassitudine
541 1387 615 1430 suae
636 1366 821 1448 graviditatis
843 1367 1059 1430 incommodas.
1103 1367 1150 1428 Cf.
1172 1385 1209 1428 ea

99 1497 177 1560 quae
197 1477 264 1559 ipse
285 1476 480 1538 Democritus
497 1477 552 1538 trac
575 1477 613 1538 de
634 1495 668 1537 rc
693 1473 827 1554 disputat
844 1471 872 1558 §.
894 1478 1007 1557 5seqq.
1023 1507 1064 1523 -
1108 1470 1137 1556 §-
1158 1475 1208 1536 22.

99 1585 306 1658 Enuutiatum,
323 1583 406 1664 quod
425 1583 545 1646 orditur
562 1583 695 1664 scriptor
716 1583 785 1643 iude
803 1602 821 1644 a
839 1581 890 1642 καί
911 1580 964 1642 ἐὰν
987 1579 1054 1656 ὦσι,
1077 1581 1210 1662 interpo-

100 1693 165 1755 sitis
189 1691 256 1754 aliis
280 1689 450 1766 sententiis,
484 1711 610 1772 quarum
633 1690 749 1770 primae
777 1689 893 1752 initium
925 1692 971 1750 est
1007 1687 1148 1771 σχοίνους
1176 1709 1209 1750 τε

98 1798 157 1882 ηὰρ
181 1795 366 1882 φυομένους,
387 1803 541 1876 postrema
560 1795 662 1859 finitur
681 1797 782 1859 verbis
796 1795 833 1878 ἢν
849 1793 1062 1880 χρυσάνίλερον
1082 1795 1211 1856 καλοῦσι

100 1905 143 1990 (5.
167 1905 223 1985 tt)
248 1904 290 1966 ita
309 1909 441 1984 ruptum,
470 1909 504 1965 ut
524 1904 695 1983 posteriora
724 1903 868 1968 scribenti
893 1901 999 1982 priora
1022 1902 1086 1981 jam
1108 1921 1212 1964 exces-

102 2015 198 2078 serint
219 2031 237 2074 e
258 2010 412 2086 memoria,
442 2011 486 2072 sic
509 2009 668 2074 absolvere
690 2011 800 2088 studet,
829 2016 863 2072 ut
887 2006 916 2092 ζ).
938 2011 978 2071 25
1002 2008 1052 2070 καί
1072 2007 1210 2072 καθόλου

102 2121 139 2184 δὲ
161 2165 292 2184 .......
316 2115 517 2180 ἀναδίδοσθαι
539 2119 670 2198 protasis
701 2119 877 2199 corrigatur,
901 2115 1095 2198 sequentibus
1113 2123 1213 2178 antem

101 2229 205 2291 verbis
230 2245 328 2308 usque
356 2225 396 2287 ad
424 2223 477 2291 τὰς
504 2223 603 2305 πηγὰς
638 2226 805 2310 λαμβάνεις
836 2224 980 2305 apodosis
1016 2223 1212 2286 contineatur.

102 2336 166 2399 Sed
186 2355 281 2418 quum
309 2331 456 2411 ejusmodi
484 2331 628 2410 periodus
655 2332 777 2413 longior
801 2330 890 2394 nohis
916 2331 1084 2405 videretur,
1110 2328 1214 2410 plures

1 2511 2 2516 .
103 2441 174 2504 inde
204 2440 337 2502 minores
367 2437 553 2502 confecimus
585 2439 812 2502 enuntiationes.
831 2473 872 2486 —
914 2436 943 2521 §.
963 2439 1012 2500 23.
1040 2437 1113 2500 .Pro
1132 2437 1213 2518 vulg.

103 2545 319 2630 ἀλλισχοίνους
347 2543 484 2607 dedimus
516 2545 725 2630 ὁλοσχοίνους.
778 2547 976 2626 'theophrast
1011 2545 1085 2607 nist.
1114 2543 1155 2626 pl.
1184 2546 1214 2623 d,

106 2658 162 2719 12:
186 2653 377 2715 Ικατάλοιπον
408 2651 443 2712 ct
480 2651 575 2714 εἰπεῖν
605 2651 683 2720 ίυςὰν
718 2653 752 2716 ἐκ
780 2656 834 2716 τοῦ
870 2651 978 2734 γένους
1005 2651 1114 2713 τούτου
1144 2651 1214 2734 περὶ

105 2759 246 2846 σχοίνου·
270 2757 320 2820 καὶ
338 2757 457 2841 γὰρκαὶ
473 2761 562 2820 τοῦτο
578 2763 638 2820 τῶν
655 2757 789 2842 ἐνύδρων
808 2757 925 2821 θετέον.
951 2753 1039 2820 Ἐστι
1062 2757 1098 2820 st
1119 2755 1213 2821 αὐτοῦ

104 2866 173 2952 τρία
196 2865 261 2948 εἴδη
286 2907 352 2918 -
373 2864 470 2948 τρίτος
491 2867 536 2949 τῷ
556 2864 679 2949 ρεηέίλοι
701 2849 751 2928 ναὶ
773 2870 812 2950 τῇ
834 2864 985 2949 παχύτητι
1004 2863 1054 2926 καί
1070 2863 1216 2948 εὐσαρκία

106 2971 263 3058 διαφέρων
292 2973 308 3036 ὁ
338 2970 530 3054 καλούμενος
558 2971 747 3057 ὁλίσχοινοτ.
800 2975 904 3036 Diosc.
931 2976 961 3048 t,
984 2973 1039 3035 52:
1068 2968 1154 3034 Ἔστι
1180 2971 1216 3034 δὲ

107 3209 230 3272 σχοινος
253 3183 414 3269 λεγομένη.
458 3185 545 3247 Adde
567 3188 696 3267 itesych.
720 3208 746 3250 v.
773 3186 952 3271 ὁλίσχοινος
974 3193 1005 3249 ct
1025 3187 1066 3250 ibi
1089 3187 1217 3268 interpp.

106 3297 140 3357 ln
162 3296 357 3376 sequentibus
381 3293 529 3376 ἄηρωστις
550 3296 669 3375 species
693 3295 833 3376 maurinis
852 3303 906 3372 est,
926 3296 963 3358 de
981 3317 1039 3378 qna
1062 3297 1129 3358 vide
1147 3296 1219 3358 llic-

107 3423 268 3482 ronymurn
291 3405 458 3464 Comment
480 3402 511 3464 iu
535 3406 634 3466 Oscae
660 3425 686 3466 c.
710 3405 749 3466 10
777 3404 903 3485 copiose
925 3403 1129 3466 disserentem.
1172 3405 1220 3466 De

106 3509 231 3572 calamis
252 3509 360 3572 indicis
373 3511 563 3572 commentati
576 3518 645 3575 sunt
655 3511 819 3575 Salmasius
828 3511 933 3574 Exere.
942 3511 1017 3574 Ptin.
1026 3533 1056 3592 p.
1067 3515 1128 3574 916
1137 3531 1219 3593 seqq.

106 3625 139 3680 et
162 3619 304 3680 Budaeus
331 3619 370 3680 ad
395 3618 595 3698 'theophrast
625 3640 655 3699 p.
679 3621 740 3682 trs
756 3639 838 3702 seqq.
867 3627 897 3682 et
921 3621 992 3682 t85.
1034 3621 1094 3683 Pro
1115 3639 1220 3701 ρεστο·

109 3724 269 3807 καλάμους
289 3725 320 3785 in
339 3723 415 3787 cod.
436 3725 530 3787 Putat.
560 3724 620 3806 legi
649 3728 902 3810 ναστοκαλοίμοος
920 3727 1062 3790 observat
1082 3727 1222 3788 Needha-

108 3833 197 3906 mius,
228 3831 310 3913 quod
339 3832 366 3893 si
398 3841 513 3896 certum
539 3839 634 3910 esset,
664 3833 803 3914 uulgatae
834 3835 1001 3915 scripturae
1029 3835 1221 3914 praeferrem,

109 3959 202 4022 quum
225 3937 434 4000 Democritum
456 3959 533 4002 voce
562 3938 670 4008 ναστὸς
692 3961 780 4002 usum
807 3961 873 4004 esse
895 3947 1021 4006 constet.
1065 3943 1111 4003 Ct.
1130 3958 1224 4020 supra

109 4047 162 4108 tib.
184 4047 208 4108 n
231 4045 349 4107 titutum
371 4047 473 4125 operis
491 4049 531 4112 37
558 4054 588 4109 et
607 4067 684 4129 qnae
706 4047 748 4109 ibi
769 4050 985 4112 adnotavimus.
1028 4049 1085 4110 Cui
1100 4047 1225 4110 lectioni

109 4155 192 4216 iavet
212 4153 301 4216 etiarn
322 4152 522 4218 Dioscorides
542 4155 594 4216 lib.
616 4156 643 4216 1:
666 4155 813 4238 καλάμων
833 4156 849 4218 i
875 4155 929 4239 μέν
950 4177 993 4225 τις
1013 4157 1151 4219 καλεῖται
1173 4174 1222 4215 να·

111 4257 192 4338 στος,
213 4259 243 4330 ἐξ
264 4257 300 4322 οὗ
326 4258 363 4322 τὰ
387 4257 462 4343 βέλη
484 4261 605 4345 γίνεται.
650 4260 691 4324 nt
711 4282 809 4345 neque
830 4265 955 4344 Gudius,
974 4263 1225 4350 nequeBodaeus
