2892 4872
277 299 349 372 1121
608 301 805 367 Dandonem
832 301 1066 359 Democriteomm

275 475 413 552 aderunt,
432 469 578 554 quidquid
592 468 631 533 ds
643 487 682 532 eo
700 475 947 548 commemorant,
965 471 1003 534 ab
1025 469 1092 535 aliis
1111 475 1270 555 accepisse
1292 475 1390 539 multis

276 602 315 644 ex
335 579 452 643 iudiciis
477 583 569 660 patet
612 577 693 640 Nam
719 577 886 640 Eusebium
910 577 1006 662 liquet
1034 580 1099 642 tere
1128 583 1230 645 omnia
1259 603 1337 666 quae
1356 585 1390 646 de

276 687 455 752 Democrito
490 685 579 766 dicit,
606 695 645 748 ex
669 683 834 747 Clementis
862 681 1042 768 Στρώμαοιν
1071 688 1102 750 in
1130 691 1392 771 Praeparationem

277 793 490 876 Evangelicam
524 811 588 856 non
619 793 685 856 sine
717 793 833 856 mendis
867 795 1110 875 transscripsisse
1129 795 1190 878 ³¹).
1238 799 1323 860 Idem
1356 801 1390 862 de

278 904 473 968 'theodoreto
494 900 703 982 judicandum.
748 900 910 964 Diffieflior
937 907 983 964 est
1003 902 1041 965 da
1058 903 1232 968 Aristotelis
1252 906 1391 987 explana-

277 1011 396 1076 toribus
418 1009 564 1092 quaestio.
603 1010 665 1092 Qui
685 1023 779 1092 quum
805 1010 836 1070 iu
856 1010 1079 1072 commentariis
1101 1011 1164 1074 suis
1187 1013 1334 1076 nonnulla
1357 1015 1391 1076 de

276 1117 457 1181 Democrito
487 1116 684 1194 observarint,
719 1135 796 1199 quae
828 1116 941 1180 trustra
972 1116 1044 1180 alibi
1072 1138 1210 1200 quaeras,
1241 1128 1333 1203 atque
1355 1122 1391 1182 ad

277 1225 462 1307 colligendas
481 1223 569 1284 etiem
590 1223 738 1286 librorum
756 1225 821 1302 ejus
841 1223 982 1306 reliquias
1004 1225 1241 1308 pmcissima³²)
1261 1229 1389 1311 quidem,

278 1333 333 1396 sed
352 1351 414 1394 non
441 1331 611 1412 spernenda
634 1331 842 1412 suppeditent,
868 1340 957 1395 erunt
986 1335 1115 1396 tortasse
1150 1335 1201 1418 qui
1221 1336 1390 1417 opinentur,

278 1442 386 1504 sinon
406 1438 540 1520 reliquos
561 1456 681 1515 omueS,
708 1437 895 1518 Simplicium
917 1445 1016 1502 tamen
1035 1462 1162 1522 opernm
1182 1444 1390 1506 Democriteo

279 1569 346 1610 rum
367 1545 518 1628 praesidio
545 1545 722 1606 instructum
747 1543 850 1608 inisse.
898 1544 939 1608 At
961 1547 1030 1610 huic
1052 1569 1174 1632 quoque
1197 1550 1389 1629 sagacissimo

277 1653 489 1736 philosophiae
514 1652 637 1716 autistiti
662 1652 856 1734 omniumque
885 1650 1058 1719 Aristotelis
1086 1657 1282 1738 interpretum
1302 1657 1388 1720 t'ecile

276 1761 409 1843 principi
427 1760 544 1823 nullum
570 1759 698 1841 amplius
723 1767 845 1840 praesto
874 1759 968 1822 luisse
988 1763 1155 1825 Democriti
1175 1763 1319 1841 libellum,
1339 1785 1387 1826 ne·

278 1869 413 1933 cessario
438 1868 566 1932 efficitur
592 1887 630 1928 ex
661 1870 725 1945 ejus
754 1867 854 1930 verbis
882 1867 911 1929 iu
941 1888 1048 1962 comm.
1072 1869 1110 1930 ad
1130 1870 1213 1933 lib.l
1242 1871 1279 1934 de
1301 1873 1386 1934 anim.

277 1976 331 2041 iol.
350 1979 379 2053 6,
404 1976 456 2039 ubi
479 1974 517 2036 de
535 1973 752 2055 praeceptione
770 1975 900 2057 quadam
917 1976 1092 2057 pbilosopbi
1108 1975 1286 2040 Abderitani
1301 1987 1387 2060 negat

277 2103 312 2148 se
333 2083 503 2146 accuratius
525 2101 619 2162 posse
638 2082 785 2161 judicare,
814 2083 896 2164 quod
916 2082 1096 2146 Aristoteles
1116 2104 1178 2146 non
1201 2088 1272 2148 satis
1295 2087 1385 2168 expli-

278 2199 344 2255 cate
366 2193 405 2254 de
427 2209 463 2252 ea
483 2189 604 2253 locutus
625 2190 672 2253 sit
703 2189 736 2252 Si
760 2189 850 2270 igitur
869 2196 956 2252 sexto
978 2193 1100 2255 saeculo
1125 2213 1162 2255 eo
1182 2196 1247 2273 jam
1267 2195 1385 2258 redacta

278 2306 421 2374 reserat,
444 2303 478 2360 ut
502 2296 541 2358 ad
563 2297 735 2377 hujusmodi
762 2298 977 2361 dubitationem
1000 2297 1165 2361 tollendam
1192 2300 1383 2382 legendorum

278 2407 373 2488 ipsius
395 2403 562 2467 Democriti
577 2404 761 2467 voluminum
776 2407 898 2468 occasio
918 2407 1045 2483 deesset,
1064 2415 1154 2489 atque
1169 2408 1249 2470 inea
1268 2409 1383 2491 quidem

276 2515 353 2578 urbe
374 2515 503 2587 deesset,
524 2530 602 2592 quae
624 2518 688 2574 turn
710 2533 832 2596 qnoque
854 2514 952 2576 omnis
973 2514 1091 2576 divinae
1113 2517 1318 2598 humanaeque
1340 2535 1383 2577 sa-

277 2622 407 2704 pientiae
425 2619 610 2682 domicilium
631 2620 803 2697 babebatur,
825 2619 959 2698 Athenis,
987 2621 1041 2683 ubi
1063 2623 1238 2703 Simplicius
1260 2643 1298 2684 ex
1317 2625 1383 2684 Per·

277 2728 342 2792 side
361 2728 458 2790 redux
476 2727 617 2808 degebat:
636 2745 834 2810 quaecunque
855 2729 978 2806 majoris
997 2729 1140 2790 momenti
1159 2730 1198 2793 de
1212 2731 1383 2793 Democrito

277 2841 412 2913 testatur,
440 2855 479 2896 ex
505 2835 669 2915 deperditis
697 2834 870 2898 Aristotelis
898 2835 983 2899 libris
1007 2837 1150 2899 sumsisse
1174 2838 1382 2900 existimandus

277 2948 331 3006 est
384 2944 503 3024 Quodsi
530 2943 679 3023 Simplicii
705 2949 842 3022 tempore
862 2943 963 3006 nullus
980 2945 1044 3022 jam
1066 2946 1201 3006 exstabat
1218 2942 1381 3008 Democriti

276 3049 362 3128 liber,
385 3050 576 3132 explodenda
604 3059 650 3114 est
676 3071 782 3112 eorum
809 3050 963 3128 sententia,
993 3053 1044 3132 qui
1066 3053 1221 3134 usquead
1241 3053 1381 3115 deciruum

277 3158 431 3220 saeculum
455 3151 617 3222 nonnullas
643 3157 817 3238 philosophi
846 3159 935 3237 hujus
964 3159 1230 3222 commentationes
1263 3158 1380 3222 durasse

278 3272 410 3343 censent,
433 3266 545 3328 Suidae
563 3267 664 3328 verbis
685 3285 778 3345 supra
799 3265 897 3328 allatis
917 3266 1038 3329 inducti.
1077 3267 1125 3328 Ex
1146 3267 1183 3328 iis
1211 3265 1290 3328 enim
1310 3281 1378 3346 qnae

278 3371 316 3432 de
337 3373 471 3435 Stobeeo
494 3379 525 3434 et
544 3372 700 3453 Simplicio
722 3373 859 3453 exposita
886 3381 963 3450 sunt,
991 3376 1153 3456 perspicue
1175 3393 1320 3454 apparere
1337 3389 1379 3432 ar-

277 3475 382 3555 bitror,
402 3477 526 3540 Suidam
544 3497 642 3560 neque
664 3479 806 3559 Magnum
831 3480 1036 3556 Diaoosmum,
1064 3464 1163 3566 neque
1185 3481 1325 3545 volumen
1344 3476 1377 3537 da

277 3584 381 3646 mundi
413 3590 528 3660 natura,
559 3605 636 3668 quae
668 3586 734 3647 solo
766 3607 908 3668 germana
937 3607 1005 3650 esse
1035 3589 1077 3651 ait
1094 3589 1264 3651 Democriti
1285 3604 1376 3667 opera,

276 3689 407 3753 lectione
436 3691 558 3773 cognita
586 3692 743 3770 habuisse,
771 3695 916 3775 epistolas
949 3702 1049 3758 antem
1081 3716 1144 3761 uon
1173 3697 1248 3758 alias
1267 3693 1378 3762 vidisse,

1327 3817 1377 3863 nist
1438 3805 1439 3842 t

277 3883 479 3898 w

348 3979 1439 4064 NJfflmmfflmmmmmfflpfflmffimfflm³

276 4077 394 4140 scriptor
412 4079 515 4130 initium
533 4083 586 4130 τῶν
600 4075 768 4146 *leonense
786 4083 878 4131 nescio
903 4081 973 4130 unde
993 4083 1098 4141 nactus,
1119 4081 1221 4143 allegat
1438 4089 1439 4092 ’

348 4177 387 4240 ³²)
410 4179 499 4243 Simpl.
520 4181 554 4230 ad
574 4181 680 4230 Aristot.
701 4179 778 4244 Phys.
797 4181 838 4230 tol.
860 4177 900 4230 73.
913 4180 939 4230 ll.
960 4174 1122 4250 Δημόκριτος
1141 4177 1167 4230 tr
1190 4178 1228 4236 ele
1250 4192 1309 4248 φησι
1327 4170 1374 4240 iirp

276 4253 327 4309 ἀπὸ
347 4256 442 4317 παντὸς
464 4255 645 4328 ἀποκρίνεσθαι
665 4257 946 4312 consolamentum.
967 4277 990 4314 τ.
1011 4257 1035 4315 λ.
1070 4261 1136 4312 vida
1155 4261 1248 4326 lrugm.
1267 4259 1338 4328 phys,
1354 4253 1374 4302 b.
