2932 4862
300 301 364 366 391
621 297 819 362 (lunationem
843 297 1080 356 llemecriteerum

300 471 398 532 Porro
430 485 514 528 nure
545 469 693 546 perpetua
726 463 914 528 exhalatione
947 467 1074 546 pertinit,
1108 469 1217 532 mundo
1246 471 1305 549 ipso
1331 469 1372 528 du-

300 571 459 656 ranle⁷³).
508 573 600 637 Plura
625 574 742 653 putavit
767 573 799 634 in
821 591 913 636 causa
940 593 1018 652 esse,
1048 596 1104 638 mu
1121 583 1199 640 teum
1216 583 1372 640 moveretur:

300 683 369 762 „Au
389 683 477 760 enim,
504 687 621 744 motum
649 680 812 763 aliqnando
840 681 1045 761 spiritunon,
1067 685 1316 767 aliquandoaqm,
1335 683 1424 742 eli-

300 791 422 874 quando
451 797 598 872 utroque:
626 795 657 850 et
684 787 716 848 id
743 789 802 850 lroc
830 789 924 852 modo
950 792 1152 872 prosequitur.
1199 793 1300 874 Aliqua
1321 810 1374 870 pars
1423 795 1424 858 i

301 909 399 964 terrae
421 917 556 961 concava
576 902 630 975 est,
661 895 727 958 et'
718 915 749 956 ιιι
768 895 845 958 lanc
868 916 965 979 equee
988 917 1097 980 magna
1115 900 1161 963 vie
1185 899 1307 963 confluit
1341 897 1374 956 Ex
1423 877 1424 942 Ῑ

301 1010 356 1070 hac
377 1015 422 1070 est
441 1005 554 1088 aliquid
575 1011 665 1068 tenue
692 1011 723 1066 et
745 1003 872 1068 caeteris
899 1003 1052 1086 liquidius.
1102 1010 1169 1072 lloc
1189 1027 1276 1091 quum
1294 1024 1375 1084 super-
1423 1005 1424 1020 ¹

298 1117 436 1180 veniente
457 1115 601 1195 gravimte
628 1114 774 1192 rejectum
803 1118 864 1189 est,
887 1112 975 1174 terris
996 1113 1131 1194 illiditur,
1160 1123 1191 1179 et
1211 1115 1273 1177 ilus
1291 1117 1373 1173 novet
1423 1135 1424 1188 ι

298 1225 366 1288 Nec
388 1223 467 1286 enim
488 1221 626 1284 tluctuari
646 1225 748 1300 potest
769 1219 834 1281 sine
856 1225 943 1282 motu
960 1221 1036 1300 ejus,
1057 1221 1087 1284 in
1107 1223 1191 1305 qnod
1208 1215 1374 1301 impingitur?
1423 1209 1424 1264 ἶ

299 1333 434 1394 Senecae
463 1329 557 1392 verba
584 1336 655 1391 sunt
680 1334 779 1390 natur.
817 1333 932 1408 queeet.
960 1327 1013 1392 lib.
1038 1331 1090 1406 Vl,
1116 1351 1182 1412 cap.
1205 1333 1253 1393 90.
1301 1329 1374 1390 lnse

299 1437 460 1522 quentibus
490 1455 567 1520 quae
596 1436 634 1497 de
660 1433 767 1516 spiritu
797 1434 886 1508 dicit,
917 1454 979 1498 non
1012 1436 1111 1500 minus
1140 1437 1181 1501 ad
1203 1436 1375 1500 Democritum

298 1567 387 1630 quam
415 1545 455 1607 ad
488 1543 652 1624 Epicurum
684 1540 826 1604 videntur
857 1542 1018 1622 pertinere.
1074 1546 1153 1608 Sunt
1186 1553 1281 1609 eutem
1309 1544 1375 1604 laec:

297 1653 448 1733 „Spiritus
477 1671 553 1714 vcro
581 1669 797 1732 nonnunquam
829 1649 955 1730 impellit
983 1651 1089 1728 undas,
1109 1659 1140 1714 et
1157 1654 1184 1716 si
1204 1649 1375 1716 vehementius

298 1761 412 1836 institit,
429 1779 496 1822 eam
510 1758 628 1820 scilicet
641 1765 740 1820 terrae
758 1765 874 1838 partem
891 1766 1007 1836 movet,
1025 1759 1056 1820 in
1071 1779 1162 1842 quam
1182 1769 1376 1839 conclusaque

297 1867 404 1932 intulit
434 1866 661 1949 Nonnunquam
674 1867 704 1926 in
724 1871 843 1928 terrene
856 1865 962 1928 itinera
973 1870 1129 1946 conjectus
1146 1875 1179 1930 et
1192 1869 1297 1930 exitum
1312 1883 1376 1948 qme

296 1993 366 2038 rens
382 1980 483 2036 movet
504 1974 618 2036 omnia:
640 1979 721 2034 terro
733 1980 833 2035 eutem
852 1973 1047 2052 penetrabilis
1066 1976 1166 2040 ventis
1177 1985 1232 2055 est,
1245 1975 1377 2055 etspiritus
1423 1961 1424 1984 ¹

296 2081 437 2146 subtilior
457 2087 505 2144 est
526 2099 616 2162 quam
637 2087 671 2144 ut
698 2081 796 2160 possit
817 2081 946 2157 excludi,
976 2089 1007 2144 et
1027 2084 1245 2162 vehementior,
1265 2101 1341 2166 qnam
1354 2085 1376 2139 ut

296 2189 438 2254 sustineri
458 2189 627 2252 concitatus
653 2208 689 2251 ec
710 2186 861 2270 rupidus)5
903 2186 1086 2254 Aristoteles
1101 2191 1238 2256 breviter
1255 2193 1332 2270 hujus
1347 2185 1376 2246 nl
1423 2173 1424 2250 J

296 2301 479 2362 mentionem
492 2297 604 2359 taciens
615 2303 739 2360 meteor.
747 2297 808 2372 11,7
825 2296 863 2358 de
876 2296 1053 2360 Democrito
1077 2300 1151 2361 haec
1168 2307 1281 2363 tanum
1295 2297 1374 2359 refert:

296 2403 486 2490 Δημόκριτος
512 2401 547 2466 δέ
578 2423 654 2486 φησι
682 2403 785 2486 πλήρη
815 2403 867 2486 τὴν
894 2406 949 2486 γῆν
980 2403 1091 2474 ὓδατος
1117 2403 1228 2488 οὖσαν,
1255 2400 1374 2469 xetxolt
1423 2487 1424 2492 η

297 2509 467 2598 δεχομένην
485 2508 587 2593 ἕτερον
611 2505 738 2594 ὄμβριον
762 2509 858 2595 ὕδωρ,
873 2511 931 2574 ὑπὸ
951 2509 1061 2574 τούτου
1082 2514 1249 2577 κινεῖσθαι·
1268 2507 1376 2576 πλείονός
1423 2515 1424 2518 ’

295 2641 328 2683 τε
348 2617 408 2702 γὰρ
441 2616 602 2700 γινομένω
633 2617 684 2681 διὰ
712 2619 746 2680 τὸ
781 2617 823 2701 μὴ
852 2616 1002 2682 δύνασθαι
1032 2619 1182 2706 δέχεσθαι
1211 2620 1263 2690 τὰς
1289 2618 1376 2684 κοιλίας

296 2722 540 2810 ἀποβιαζόμενον
557 2729 655 2788 ποιεῖν
678 2725 730 2788 τὸν
756 2722 891 2808 σεισμόν,
914 2727 964 2789 καὶ
988 2725 1208 2813 ξηραινομένην
1231 2730 1280 2792 καὶ
1299 2727 1376 2790 ἕλκοι·

296 2854 351 2895 σαν
369 2832 412 2900 εἰς
436 2830 508 2898 τοὺς
527 2829 636 2899 κενοὺς
656 2830 769 2900 τόπους
785 2831 820 2894 ἐκ
841 2837 902 2896 τῶν
924 2833 1139 2918 πληρεοτέροιν
1161 2839 1196 2900 τὸ
1216 2835 1375 2921 μετοβίιλνν

296 2939 442 3023 ἐμπῖπτον
476 2941 578 3000 κινεῖν.
633 2939 763 3002 Tonitru
792 2940 868 3003 oriri
897 2941 972 3002 dixit
1001 2961 1039 3004 ex
1068 2943 1220 3026 inaequali
1251 2944 1376 3010 mixtione,
1423 2939 1424 2956 ¹

294 3067 371 3131 quae
390 3048 509 3123 nubem,
530 3067 589 3129 qua
605 3046 820 3124 contineretur,
839 3047 983 3111 deorsum
1002 3052 1208 3132 protruderet,
1231 3053 1324 3133 fulgur
1341 3065 1376 3107 211·

294 3163 354 3218 tem
375 3156 500 3218 nubium
526 3154 770 3233 conjunctionem
800 3155 971 3235 appellavit,
1001 3178 1061 3240 qua
1082 3179 1162 3240 quae
1183 3161 1282 3241 ignem
1302 3158 1376 3220 effice-

293 3269 361 3324 rent
377 3282 434 3343 per·
458 3281 624 3324 vacuorum
646 3261 815 3342 spatiorum
839 3263 991 3344 ingentem
1009 3265 1232 3328 multitudinem
1249 3265 1341 3328 attritu
1356 3259 1377 3318 iu

293 3389 386 3433 unum
408 3367 787 3448 coactapropellerentur3
808 3369 921 3433 tulmen
938 3391 1012 3434 vero
1034 3373 1117 3434 trasei
1139 3374 1251 3450 statuit,
1282 3367 1377 3455 quando

294 3497 310 3540 e
332 3475 508 3557 purioribus
529 3495 566 3538 ac
586 3476 776 3540 tenuioribus
803 3484 834 3539 et
863 3477 1119 3560 aequabilioribus
1145 3487 1236 3561 atque
1255 3487 1288 3542 ut
1305 3467 1378 3558 ipsius

292 3591 467 3660 vocentur,
493 3590 563 3663 epte
592 3585 724 3647 densatis
749 3585 893 3662 nubibuS,
917 3607 994 3669 quae
1019 3587 1118 3666 iguem
1145 3589 1305 3661 efficerent,
1320 3585 1377 3643 ictus

292 3690 440 3754 violenter
460 3691 686 3770 prolaberetur;
714 3691 864 3754 turbinem
883 3693 1012 3775 denique
1037 3693 1157 3772 igneum
1175 3694 1310 3756 accidere
1327 3703 1376 3751 eor

292 3800 360 3876 suit,
383 3797 505 3881 quando
533 3798 665 3861 rariores
688 3799 766 3879 ignis
794 3799 955 3861 mixtiones
983 3799 1015 3860 iu
1041 3799 1117 3862 locis
1139 3801 1315 3862 foraminum
1331 3792 1377 3874 ple

291 3905 427 3968 nioribus
459 3911 591 3968 retentae
626 3911 657 3968 et
684 3907 923 3968 membranarum
952 3926 1075 3970 suarum
1101 3907 1214 3971 ambitu
1235 3915 1376 3986 corporeae

291 4012 389 4075 luctae
416 4020 544 4094 propter
566 4013 719 4078 mixtionis
747 4013 921 4076 varietatem
948 4015 1014 4095 ipsu
1035 4016 1179 4096 gravitate
1200 4035 1268 4078 cum
1287 4011 1376 4090 inpetu

294 4155 494 4170 ffi

365 4245 404 4307 ⁷³)
424 4246 460 4296 Ct.
481 4247 550 4298 Alex.
572 4247 688 4310 aphrec.
707 4247 741 4300 ad
760 4249 838 4301 Arist
858 4249 967 4302 uereor.
987 4250 1030 4302 tol.
1051 4247 1091 4304 95.
1103 4249 1127 4301 b.
