2892 4872
287 320 372 378 Liber
391 319 440 378 tlt
477 319 628 378 Democriti
644 337 755 394 operum
776 323 938 398 imgmcnta.
1111 329 1173 395 163

56 490 203 571 aptatum
235 488 265 550 in
291 485 396 550 libello
424 493 531 550 contra
555 488 721 570 Epicurum
754 489 833 552 idem
862 491 1040 557 Plutarchus
1068 497 1171 560 refert.

55 599 204 660 (letarum
234 597 448 658 Democratem
485 596 669 659 Barbariana
702 597 901 662 bibliothecae
934 600 1061 664 debca.”
1109 603 1173 668 Sed

53 704 162 767 nullus
183 707 230 766 est
256 704 455 766 Democrates
476 724 515 766 ex
535 703 574 786 iis
593 703 733 766 omnibus
755 704 807 785 qui
831 705 890 770 hoc
911 709 1032 772 nomine
1051 729 1073 774 a
1090 717 1172 775 vate·

54 813 143 876 ribus
172 811 318 887 citantur,
341 810 381 872 ad
406 831 495 892 quem
521 811 682 874 commode
712 817 746 874 ut
771 813 810 876 ad
832 821 988 878 auctorem
1007 835 1095 879 suum
1113 819 1170 881 hae

55 919 226 983 scotomiae
253 917 372 998 possint
402 919 509 981 reterri
528 917 568 998 ⁶).
614 917 694 981 Nam
713 937 812 1001 neque
835 920 954 984 medico
979 924 1170 1002 conveniunt,

54 1027 114 1111 qui
141 1027 198 1090 sub
221 1023 362 1106 Augusto
384 1025 592 1107 eminusque
614 1027 750 1103 athletae,
773 1027 859 1106 cnjus
879 1026 1025 1092 Aelianus
1044 1031 1171 1095 mentio

51 1153 126 1198 nem
145 1140 260 1206 mosen
280 1151 379 1215 neque
399 1133 520 1212 rhetori,
542 1135 580 1197 D.
601 1133 762 1214 Augustini
781 1132 940 1215 magistro;
964 1155 1063 1220 nequo
1082 1139 1169 1219 Lysi·

50 1242 103 1318 dis
125 1241 276 1304 Platonici
299 1241 393 1322 patri;
417 1261 516 1323 neque
537 1241 590 1320 illi,
611 1241 664 1325 qui
684 1241 766 1303 eirca
787 1241 908 1322 Olymp.
929 1245 990 1306 CX
1008 1244 1171 1308 Athenien-

51 1350 138 1412 sium
159 1348 377 1428 rempublicam
397 1348 624 1426 administravit,
644 1368 707 1412 non
727 1349 864 1412 dvorsus
887 1351 1012 1414 forsitan
1033 1372 1053 1414 a
1072 1353 1170 1433 philo-

48 1457 166 1538 sopito,
197 1455 324 1537 Epicuri
357 1457 551 1519 acerbitatem
588 1456 629 1519 ob
662 1455 855 1537 compilatam
892 1459 957 1538 ejus
992 1457 1169 1538 sapientiam

49 1571 198 1645 experto;
220 1583 320 1647 neque
343 1563 372 1626 ei
392 1563 531 1648 denique,
547 1566 634 1644 cujus
657 1563 704 1626 bis
723 1564 858 1640 meminit
871 1565 1022 1628 Stobaeus
1032 1562 1071 1648 ⁶).
1101 1567 1169 1630 llnc

48 1670 183 1750 amedit,
202 1671 285 1753 quod
307 1679 418 1752 magna'
446 1691 518 1752 pars
546 1671 762 1735 sententiarum
787 1693 866 1757 quae
885 1673 1076 1736 Democratis
1100 1692 1169 1737 esse
1211 1731 1215 1740 ,

49 1781 202 1858 seruatam,
223 1778 274 1842 vel
301 1779 333 1842 iu
361 1778 486 1844 Stobaei
508 1777 691 1860 Florilegio,
712 1779 795 1861 quod
818 1780 890 1843 olim
913 1780 1005 1862 longe
1025 1782 1169 1862 integrius

51 1889 113 1950 ruit
126 1885 167 1966 ⁷),
189 1887 238 1949 val
265 1887 297 1949 in
322 1888 489 1968 fragmento
522 1886 660 1964 Stobaei,
680 1887 763 1969 quod
784 1905 801 1950 e
821 1888 968 1951 lobannis
988 1889 1169 1952 Damasceui

50 1997 123 2060 cod.
142 1995 321 2058 Florentino
343 2001 462 2057 erutum
487 2000 595 2076 quarto
622 1994 762 2058 editionis
784 2015 857 2058 suae
876 1995 1022 2059 volumini
1042 1996 1168 2059 inseruit
1211 2053 1214 2060 .

52 2103 249 2166 Gaisiordius
273 2103 355 2184 (pag.
378 2104 439 2166 375
463 2121 547 2185 seqq.
570 2101 618 2163 ed.
638 2103 746 2184 Lips.)‚
770 2103 819 2166 vel
849 2105 931 2186 apud
951 2103 1117 2167 Antonium
1139 2110 1169 2167 et

51 2213 219 2274 Maximum
242 2212 295 2294 qui
322 2211 452 2292 septimo
483 2215 514 2272 et
538 2215 648 2272 octavo
665 2209 789 2271 saeculo
813 2231 883 2273 oum
904 2230 943 2273 ex
960 2211 1026 2274 aliis
1045 2219 1109 2276 tum
1131 2232 1169 2276 ex

52 2319 191 2382 Stobaeo
214 2317 395 2400 florilegium
416 2337 504 2381 suum
527 2315 783 2395 conscripserunt,
803 2317 905 2380 addito
925 2319 1095 2382 Democriti
1114 2340 1168 2383 no·

50 2426 136 2490 mine
156 2425 315 2490 iuncum.
361 2427 521 2490 Praeterea
538 2423 657 2500 accidit,
679 2429 714 2486 ut
733 2422 893 2507 aliquoties
911 2425 1104 2490 librariorum
1121 2447 1168 2490 er-

49 2553 135 2613 rore,
152 2534 205 2618 qui
226 2533 394 2615 scripturae
416 2532 597 2614 compendia
617 2530 754 2616 Δημονρ.
778 2539 809 2596 at
831 2531 930 2616 Δημο.
945 2529 976 2613 ³)
998 2552 1062 2597 uon
1081 2533 1167 2598 intel-

124 2777 203 2842 ⁸)Ct
222 2777 323 2830 llarles.
344 2777 378 2830 ad
394 2775 495 2829 fabric.
513 2777 579 2830 Bibl.
598 2779 642 2829 Gr.
662 2779 677 2828 l.
695 2779 711 2829 l.

120 2871 144 2935 ⁸1
163 2869 297 2922 Stobaaua
315 2867 381 2920 Flor.
401 2869 465 2930 1111,
486 2865 533 2920 30Ι
569 2863 743 2940 Δημοκράτης
768 2865 830 2920 laba
856 2862 969 2935 rhina-qn
988 2861 1037 2918 bct
1054 2868 1108 2918 τῶν
1127 2863 1166 2920 ir·

50 2949 118 3002 dara
138 2947 312 3020 ἀπαγόμενον,
328 2943 428 3012 'Attae
447 2947 513 3012 alca,
534 2947 559 3000 ri
583 2948 631 3019 γὰρ
648 2947 681 3000 τὰ
699 2947 779 3020 μικρὰ
795 2944 925 3010 ἔκλεπτες,
943 2941 1001 2997 ἀλλ’
1021 2943 1051 2998 οὺ
1072 2946 1105 2997 τὰ
1123 2965 1166 3015 μι-

48 3029 132 3102 qaia,
148 3027 191 3082 irc
216 3029 262 3080 acl
285 3025 316 3080 cb
340 3026 435 3087 ἄλλους
455 3027 551 3098 ἀπῆρας
571 3035 599 3082 et
615 3029 689 3091 llllll,
706 3025 752 3080 43ῑ
775 3024 949 3097 Δημοκράτης
966 3024 1113 3095 ἀναβαίνων
1132 3025 1167 3085 aie
1261 3023 1270 3038 '

48 3111 98 3182 τἠν
121 3106 263 3182 ἀκρόπολιν
290 3107 317 3161 ἐν
342 3109 409 3182 iiii
433 3109 478 3160 real
502 3113 654 3171 masaritias,
676 3111 757 3160 ποιεῖν
781 3107 831 3179 ἔφη
856 3102 918 3177 ὅπερ
944 3106 989 3157 καὶ
1009 3103 1165 3179 piperbach

48 3196 105 3243 τῶν
119 3185 270 3260 Ἀοηναίων
288 3187 378 3248 πόλις·
402 3193 474 3242 craia
501 3188 548 3257 pia
566 3187 614 3259 γὰρ
633 3187 708 3257 μέγα,
726 3185 822 3259 lophem
841 3185 869 3239 dl
892 3184 993 3258 μιαρόν.
1031 3184 1088 3237 Alio
1105 3187 1165 3240 loeo

49 3266 138 3334 xclll,
155 3268 190 3322 ³0
213 3266 402 3342 Δημοκράτους
426 3285 525 3323 nornen
554 3283 570 3323 o
594 3271 672 3323 codd.
693 3271 746 3322 fide
771 3273 845 3321 recte
867 3281 940 3320 nuno
962 3269 989 3318 in
1008 3262 1164 3338 Σωκράτους

51 3355 186 3404 mutatum
200 3355 250 3414 est,
272 3355 432 3417 praesertim
453 3367 537 3418 quum
562 3353 695 3404 sententia
718 3351 800 3401 attico
818 3361 944 3400 sermone
961 3350 1063 3414 scripta
1080 3350 1166 3402 lithe-

50 3433 154 3484 niensis
171 3431 321 3498 philosophi
340 3446 401 3486 asae
418 3436 549 3486 videatur.
585 3431 666 3496 Apud
678 3432 811 3494 (trellum,
831 3431 910 3494 bidus
927 3431 967 3481 rei
984 3443 1038 3480 non
1057 3443 1166 3482 memo-

50 3526 119 3574 rem,
137 3513 273 3577 reperitur
298 3515 471 3566 hecdicium
492 3515 518 3566 ln
539 3515 605 3579 0pp.
622 3516 689 3565 aaut.
709 3507 720 3566 l
742 3527 767 3578 p.
786 3507 805 3562 6
831 3513 900 3564 iuter
916 3510 1064 3576 Damophili
1080 3513 1166 3564 slmi-

49 3593 145 3646 litudd
165 3593 275 3659 Pythag.

124 3685 147 3748 ³)
166 3685 223 3736 lloo
249 3685 292 3736 nal
314 3699 348 3738 ea
368 3684 534 3738 Frobenlano
559 3686 753 3738 sententiarum
778 3695 893 3748 corpore
913 3683 972 3748 cogi
991 3686 1082 3747 potest
1097 3683 1164 3745 (Vid.

49 3765 86 3817 ad
108 3765 200 3830 tregru.
219 3780 293 3830 spur.
310 3763 336 3828 2)
361 3765 434 3831 quod
450 3765 485 3816 ad
505 3765 638 3816 bonorum
661 3766 739 3818 codd.
758 3765 840 3816 fldem
853 3775 1019 3828 expressum,
1040 3763 1164 3817 Galaior-

50 3847 163 3900 dianum
181 3846 290 3898 Stobaei
304 3849 405 3898 textum
422 3845 500 3910 copla
514 3849 633 3910 superat.

122 3937 147 4001 ⁸)
172 3939 277 3990 idcireo
302 3939 330 3989 at
356 3936 407 3988 alia
433 3935 643 4000 contunduntur,
663 3941 694 3989 ut
719 3951 760 4002 ep.
783 3940 880 3988 anton.
908 3938 936 3987 at
954 3935 1021 3987 Dor.
1050 3951 1076 4000 p.
1097 3933 1164 3988 933:

50 4011 237 4086 Δημοσθένους
246 4015 263 4088 ἢ
271 4011 446 4088 Δημοκρίτου.
463 4013 529 4069 lbid.
543 4032 568 4082 p.
581 4014 631 4070 304
643 4013 865 4088 οοῑΔημοοιρίτου.
885 4011 1028 4086 'Apparere
1041 4012 1085 4066 iao
1097 4014 1165 4067 rard

49 4101 112 4148 νοῦν
127 4094 217 4150 mal.
232 4112 284 4162 pro
298 4093 453 4167 Δημοφοου
473 4096 505 4148 ol.
524 4098 600 4149 orell.
611 4099 709 4163 Oposo.
724 4103 791 4150 aaut
809 4093 821 4151 1
838 4113 864 4162 p.
877 4093 911 4148 30
930 4098 1000 4147 inter
1015 4095 1164 4160 Damophili

49 4179 206 4232 sententiaa.
242 4175 324 4244 Apud
342 4179 411 4243 orig.
432 4191 455 4229 e
473 4178 540 4230 Cela.
556 4193 583 4244 p.
602 4177 637 4232 30
650 4179 812 4245 (emtabrig)
834 4171 1045 4248 ηἘτικοὺριιος
1062 4173 1127 4228 εἶναι
1146 4173 1164 4246 ὴ

49 4251 247 4330 Δημοκράτυος
267 4257 284 4332 η
296 4253 498 4330 Περιπατητικός
511 4274 580 4314 corr.
592 4255 787 4332 Δημοκρίτειος.
813 4257 894 4324 Apud
909 4256 983 4309 Stoh.
1001 4257 1050 4310 eol.
1063 4255 1139 4324 phys.
1153 4249 1164 4308 1

880 4354 961 4418 11*
