2956 4860
265 317 309 380 52
598 311 796 374 Quaestionum
824 307 1058 366 Democritenmna

269 483 435 548 Philolaum
463 481 652 558 nominantis,
679 497 768 560 quem
790 473 1028 557 Boeelthius⁵⁹)
1047 478 1125 542 inter
1145 477 1266 560 Olymp.
1287 480 1329 542 70
1353 487 1385 542 et

269 595 311 656 95
334 592 445 653 vixisse
465 589 634 650 arbitratur.
683 587 716 648 ld
747 584 845 648 solum
867 585 971 666 quaeri
994 593 1125 665 oportet,
1150 593 1251 648 utrum
1271 589 1385 648 Demo-

271 701 364 762 critas
386 697 552 760 Philolaum
579 695 708 772 Thebis,
735 693 787 756 ubi
807 691 1021 775 aliquantisper
1043 700 1180 758 versatus
1203 702 1249 758 est
1262 695 1324 774 ⁶⁰),
1346 716 1384 756 au

271 811 303 872 in
326 807 410 870 ltalia
431 806 573 868 inferiore
601 803 776 866 convenerit
788 801 800 834 ⁶
812 801 849 882 ¹).
898 801 972 864 Mihi
991 801 1100 882 placet,
1124 803 1334 867 Democritum
1354 805 1385 864 in

272 915 357 978 ltalia
378 913 513 976 Philoleo
535 911 721 974 familiariter
741 929 830 972 usum
850 929 926 986 esse,
953 909 1096 991 qnoniam
1120 912 1196 973 inter
1218 917 1310 974 testes
1330 913 1386 974 hu-

268 1028 320 1104 jus
347 1023 391 1084 roi
420 1020 555 1084 Glaucus
587 1024 648 1094 est,
681 1038 699 1080 e
728 1020 793 1080 Teo
821 1017 968 1098 Rhegium
999 1020 1156 1097 proiectus
1190 1027 1279 1102 atque
1312 1020 1385 1082 ideo

272 1129 428 1195 Aristoteli
455 1129 687 1191 Rhetorieorum
717 1125 768 1188 lib.
786 1125 826 1187 lll
864 1125 969 1206 capi
1005 1129 1111 1203 Teius,
1140 1127 1205 1190 aliis
1230 1129 1386 1208 Rheginos

273 1236 434 1317 dictus⁶')
462 1236 514 1320 qai
542 1234 765 1310 Democritum,
795 1234 883 1312 eujus
909 1233 1064 1315 aequalem
1093 1235 1186 1298 luisse
1209 1256 1278 1299 eum
1307 1237 1388 1300 iuter

274 1358 415 1412 auctores
442 1344 599 1418 contremit,
623 1343 752 1404 tortasse
780 1341 809 1402 iu
835 1340 920 1402 ltalia
945 1341 1076 1418 viderat,
1111 1344 1166 1406 sed
1190 1347 1389 1425 postmodum

275 1456 313 1516 de
334 1474 371 1516 oo
390 1453 525 1515 scribens
548 1467 609 1512 non
632 1448 759 1530 amplius
783 1448 907 1526 sciebat,
935 1469 1024 1532 quem
1044 1449 1095 1512 ille
1114 1452 1388 1533 Pythagoricorum

276 1562 453 1636 sorduisset,
479 1561 523 1624 sic
552 1565 585 1622 ut
611 1557 816 1620 Democritum
842 1557 1023 1637 Pythagorei
1052 1556 1180 1638 alicujus
1203 1559 1389 1641 discipulum

276 1689 343 1730 esse
363 1669 509 1744 traderet,
539 1665 672 1746 magistri
701 1670 799 1726 autem
827 1683 939 1726 nomeu
969 1685 1032 1728 nou
1061 1667 1172 1730 ederet
1215 1671 1334 1750 Quodsi
1355 1671 1389 1732 iu

276 1778 358 1840 ltalia
389 1775 582 1838 Democritus
615 1771 741 1835 Philolai
775 1773 932 1853 disciplina
962 1773 1069 1836 imitus
1098 1781 1161 1854 est,
1196 1795 1258 1838 uon
1292 1778 1389 1840 modo

259 1903 382 1948 ,omues
409 1882 609 1964 philosophus
633 1879 836 1942 Abderitanae
858 1880 934 1942 obiit
954 1887 1059 1958 terres,
1086 1903 1160 1964 quas
1179 1885 1288 1946 Graeci
1312 1893 1390 1948 turm

276 1992 453 2056 eruditionis
476 2009 567 2052 causa
594 1997 699 2070 petere
720 1988 873 2066 solebant,
902 1989 956 2051 sed
980 1989 1053 2052 alias
1076 1992 1163 2054 etiem
1184 1992 1321 2055 lustravit
1341 2013 1392 2055 re

276 2102 382 2182 giones
403 2099 508 2179 paucis
525 2097 647 2160 illorum
665 2103 834 2176 temporum
857 2098 1134 2178 peregrinatoribus
1155 2100 1244 2162 visas.
1274 2105 1392 2181 Quaru-

276 2208 382 2272 obrem
404 2207 429 2268 si
450 2207 565 2268 Noster
591 2209 710 2285 praeter
730 2203 889 2266 Graeciam
913 2205 1119 2285 Europaeam,
1140 2206 1244 2270 Asiam
1264 2229 1392 2291 quoque

276 2313 496 2394 uriuoreru⁶³),
523 2312 687 2386 Persidem,
707 2310 888 2392 Aegyptum,
910 2311 1101 2394 Aethiopiam
1121 2315 1392 2396 septentrionalem

278 2432 309 2486 et
330 2423 442 2486 ltaliam
464 2421 638 2483 interiorem
659 2421 828 2500 peragravit
846 2427 935 2504 atque
956 2421 1025 2484 ideo
1043 2423 1091 2486 vel
1112 2423 1272 2486 doctorum
1291 2426 1395 2488 homi-

276 2553 347 2596 uum
372 2531 466 2612 gratia
486 2528 533 2590 vel
563 2529 600 2590 ad
620 2528 861 2608 cognoscendam
887 2529 966 2592 coeli
986 2529 1104 2612 solique
1124 2536 1260 2594 notorum
1281 2536 1379 2597 oculta

277 2663 344 2704 rrrrn
371 2641 454 2702 orbis
482 2637 639 2716 regionum
668 2635 719 2696 diu
739 2657 757 2696 a
776 2637 873 2716 patria
895 2638 999 2712 abluit,
1023 2639 1194 2702 luculentus
1214 2640 1265 2702 ille
1288 2643 1395 2722 philo-

276 2750 365 2829 sophi
389 2746 470 2828 apud
495 2743 681 2804 Clementem
707 2743 943 2807 Alexandrinum
968 2753 999 2806 et
1022 2746 1185 2808 Eusebium
1206 2747 1301 2825 loeus,
1326 2774 1397 2834 quo

276 2857 382 2918 itinera
403 2875 458 2917 sua
484 2850 673 2932 perosissimis
695 2852 796 2915 verbis
829 2853 931 2932 tangit,
961 2854 1032 2917 nihil
1054 2855 1182 2935 amplius
1202 2857 1397 2922 difficultatis

277 2963 449 3024 coartiuebit.
495 2959 574 3020 Natu
602 2979 694 3038 quum
722 2959 802 3022 dicat
823 2963 1034 3040 Democritus,
1069 2963 1139 3045 plus
1169 2982 1203 3026 se
1237 2972 1398 3033 terrarum

276 3117 478 3131 ——-—

349 3185 389 3246 ⁵⁹)
414 3185 543 3235 Philolaus
574 3183 622 3233 des
651 3183 842 3246 Pythagorcers
869 3185 970 3236 Lehren
997 3183 1076 3235 uebst
1108 3185 1160 3236 den
1183 3186 1397 3244 Drocbstticken

276 3267 364 3316 selures
386 3265 496 3314 ll'erhes
518 3279 569 3314 rou
588 3265 693 3314 boeckh
712 3265 803 3324 (Berol.
825 3262 899 3328 toto)
921 3281 978 3330 pag.
998 3264 1101 3331 5seqq.

349 3365 388 3426 ⁸⁰)
409 3365 466 3414 vm.
490 3365 588 3415 Platon.
611 3365 743 3414 Phaedon.
770 3379 795 3428 p.
813 3361 845 3414 61
865 3365 897 3428 E,
931 3365 976 3416 ubi
998 3367 1121 3416 Simmiae
1152 3371 1180 3417 et
1203 3368 1291 3422 Cebes
1320 3374 1399 3425 iuter

276 3445 381 3495 Philolai
403 3445 546 3506 auditorm,
565 3459 618 3508 quo
639 3450 760 3509 temporo
779 3445 875 3498 Thebis
896 3451 961 3508 erat,
981 3447 1063 3498 luisse
1083 3447 1217 3500 dicuutur.

347 3537 387 3597 ⁶¹]
408 3535 553 3585 Scholiasta
575 3537 608 3584 ad
625 3537 740 3587 Plutonis
759 3538 773 3586 l.
793 3538 807 3589 l.
826 3531 908 3593 Οὗτος
928 3533 941 3586 ὁ
959 3533 1088 3596 Φιλόλαος
1106 3535 1280 3610 llailepdpsmg
1298 3541 1346 3612 ἦν,
1365 3543 1399 3606 ἐξ

273 3613 383 3673 Ἰταλίας
402 3615 534 3684 :sarapta
554 3612 596 3664 διὰ
614 3613 658 3664 τὸν
682 3615 832 3687 ἐμπρησμὸν
853 3616 897 3668 τὸν
918 3615 975 3670 τότε
995 3615 1044 3669 ὑπὸ
1062 3615 1184 3678 Γύλωνος
1200 3622 1326 3690 γεγονότα
1349 3624 1400 3678 διὰ

274 3695 304 3748 τὸ
322 3693 495 3765 ἀνεπιτήδειον
514 3691 591 3744 αὐτὸν
615 3693 678 3766 πρὸς
704 3694 858 3767 φιλοσοφίαν
882 3694 942 3749 ὄντα
961 3693 1120 3769 ἀπελαθῆναι
1136 3703 1182 3751 τοῦ
1201 3698 1345 3770 Apostolos.
1364 3704 1399 3766 ὃς

274 3778 320 3830 καὶ
340 3775 373 3829 δι’
397 3775 553 3844 αἰνιγμάτων
574 3772 702 3832 ἐδίδασκε,
723 3773 840 3848 καθάπερ
858 3775 890 3848 ἦν
910 3773 970 3835 ἔθος
992 3775 1089 3838 αὐτοῖς.
1115 3775 1214 3832 'litia
1242 3780 1289 3834 οὖν
1309 3783 1400 3850 οὗτος

275 3857 310 3917 ele
329 3853 427 3927 Θήβας,
446 3851 567 3907 τεθνεῶτι
587 3857 625 3924 τῷ
644 3853 793 3927 διδασκάλῳ
815 3855 903 3913 haam
922 3857 988 3930 χοὰς
1005 3859 1131 3930 ποιήσων,
1148 3859 1202 3911 tasi
1218 3859 1399 3932 τεθαμμένω,

268 3937 410 4009 ιΙιςπσρχος
435 3935 462 3988 δὲ
487 3938 532 3988 stol
552 3932 681 3996 Φιλόλαος
711 3937 787 4007 μόνοι
811 3941 857 4010 τῆς
879 3938 1015 4011 εἰρημένης
1037 3944 1170 4011 συμφορᾶς
1193 3945 1247 3992 τῶν
1268 3921 1401 4017 Ηυθηὸ,

274 4019 349 4091 palma
368 4014 539 4088 διεσώθησαν.
711 4021 714 4028 ’

343 4111 384 4174 ⁶¹)
409 4113 474 4164 Vide
497 4126 567 4178 quae
594 4111 628 4162 de
660 4111 712 4161 hoc
738 4111 885 4174 disputarit
907 4111 1043 4178 lienagius
1070 4113 1104 4164 od
1130 4113 1203 4178 Diog.
1230 4117 1318 4167 Laert.
1344 4121 1398 4174 lib,

272 4195 335 4256 vrri,
355 4191 397 4244 oa.

339 4285 462 4350 ⁵³illanc
469 4299 575 4351 quoque
584 4295 764 4336 memoramus
773 4282 807 4335 ob
817 4285 989 4348 scriptionem
998 4289 1074 4350 ciuus
1082 4261 1396 4358 titulusillpbpoahdpoa
