2892 4872
330 307 414 364 Liber
431 307 465 364 ll.
502 307 547 364 De
564 307 714 364 Democriti
733 309 852 382 scriptia.
1082 314 1144 382 113

64 477 185 556 gordiam,
205 495 326 540 scenam
343 477 430 554 tecit,
457 484 489 540 et
516 476 555 539 de
581 496 618 539 ea
649 478 897 544 commentarium
921 479 1050 565 reliquit
1097 484 1143 548 Ex

61 607 90 648 ro
104 587 196 649 moniti
221 587 415 650 Democritus
439 593 470 648 et
489 583 686 668 Anaxagoras
708 587 745 650 de
767 588 872 650 eadem
889 609 923 652 re
942 591 1143 672 scripserunt:

60 695 286 776 quemadmodum
317 703 458 778 oporteat
482 695 520 757 ad
546 695 643 758 aciem
669 694 829 761 oculorum
853 698 1066 783 radiorumque
1093 721 1144 765 ex-

59 805 208 883 tensionem,
229 811 317 869 certo
338 807 410 868 loeo
433 813 539 866 centro
559 805 734 883 constituto,
754 805 793 867 ad
811 805 906 869 lineas
922 809 1040 871 ratione
1058 817 1145 872 natu·

58 913 99 974 rati
116 913 309 994 respondere;
330 915 374 977 uti
397 915 436 976 de
454 913 569 974 incerta
592 932 626 976 re
646 921 747 976 certae
768 914 912 996 imagines
936 917 1143 981 aedificiorum

56 1023 78 1081 in
103 1041 251 1084 scenarum
283 1022 409 1102 picturis
430 1021 592 1085 redderent
618 1022 770 1103 speciem,
803 1030 833 1086 et
861 1043 937 1105 quae
965 1023 996 1086 in
1024 1025 1144 1089 directis

56 1129 188 1212 plurisque
208 1131 360 1192 frontibus
389 1107 450 1192 siut
471 1132 631 1211 figuratae,
654 1130 714 1192 alia
731 1131 932 1209 abscedentia,
952 1131 1011 1194 alia
1031 1134 1144 1213 promi·

55 1241 135 1300 nentia
155 1259 220 1303 esse
240 1237 426 1302 videantur.’'
465 1239 609 1320 Apparet,
640 1239 807 1301 Democriti
833 1259 912 1319 opus
933 1259 971 1302 ex
992 1259 1030 1303 eo
1050 1241 1143 1306 inisse

56 1367 145 1426 genere
171 1369 233 1433 quo
257 1347 496 1429 scenographiae
525 1346 690 1429 primordia
718 1348 950 1412 continerentur.
998 1349 1070 1412 Non
1100 1350 1144 1412 in-

54 1455 144 1518 videbo
168 1458 216 1521 hic
242 1456 411 1520 lectoribus
440 1456 498 1517 viri
529 1456 638 1518 artium
668 1456 942 1518 matbematicarum
971 1457 1143 1538 peritissimi

55 1561 84 1620 de
105 1564 277 1629 Democrito
302 1564 459 1642 judicium.
504 1565 660 1628 Montuola
686 1565 752 1627 hist.
774 1565 863 1626 math.
883 1566 1001 1628 Tomi
1030 1573 1107 1646 part.
1131 1567 1144 1630 l

55 1666 94 1729 lib.
110 1671 151 1734 lll
168 1693 198 1752 p.
224 1675 285 1736 141
311 1673 371 1752 (ed.
391 1673 485 1736 Paris.
510 1675 623 1752 trem:
652 1667 855 1751 „Diuuocrita
874 1673 977 1755 inquit,
1001 1673 1145 1738 s’adouna

55 1795 113 1838 arec
129 1783 218 1860 mand
237 1780 309 1845 scin
331 1778 349 1844 'a
371 1781 402 1843 la
430 1778 595 1863 geometrie
621 1789 652 1843 et
677 1779 697 1842 il
723 1781 820 1861 paruit
846 1801 903 1863 que
927 1787 1004 1845 cette
1023 1783 1143 1848 science

55 1881 86 1944 lui
104 1887 151 1950 dut
169 1890 340 1971 beaucoup.
390 1891 481 1952 Nous
511 1891 724 1969 conjecturons
748 1908 804 1969 par
828 1889 928 1952 divers
955 1891 1038 1954 titres
1060 1892 1144 1955 d'ou·

56 2010 141 2072 *rages
161 1997 229 2080 qu'il
250 2000 300 2064 fut
326 2019 368 2062 un
395 1999 448 2062 des
469 1997 649 2080 principaux
676 2003 868 2079 promoteurs
893 1997 931 2059 de
958 1998 989 2061 la
1007 1999 1144 2063 doctrine

56 2094 220 2168 ilementaire
240 2128 297 2171 sur
316 2107 360 2170 les
382 2114 518 2170 contacte
537 2108 590 2170 des
612 2105 728 2169 ccrcles
749 2111 780 2167 et
799 2104 851 2167 des
871 2102 1005 2186 sphbres
1027 2127 1081 2170 sur
1099 2108 1145 2170 les

58 2205 134 2286 lignes
154 2213 376 2278 irrationnelles
399 2224 428 2279 et
451 2218 497 2280 les
513 2214 636 2279 solides.
679 2218 721 2277 La
740 2214 930 2295 perspective
950 2221 980 2277 ct
998 2213 1144 2295 l'optique

56 2313 88 2376 lui
106 2319 206 2384 durent
226 2325 311 2388 aussi
332 2323 547 2406 quelques-uns
569 2322 607 2383 de
626 2321 707 2386 leurs
727 2323 874 2404 premiere
897 2323 990 2385 traits.
1017 2323 1144 2385 Vitruve

57 2422 128 2501 (pril.
148 2430 186 2492 du
209 2432 287 2494 livre
310 2433 380 2513 Vll)
398 2431 537 2494 l’associe
559 2427 578 2492 i
597 2431 788 2512 Anaxagora
815 2431 889 2493 daus
911 2430 1086 2492 l'invention
1106 2429 1144 2493 de

55 2527 78 2590 la
89 2535 221 2612 premiere
244 2540 284 2604 de
302 2559 353 2603 ces
375 2540 518 2616 scieuces,
531 2540 610 2618 sujet
632 2557 686 2601 sur
705 2538 807 2620 lequel
828 2540 849 2601 il
871 2535 976 2602 berivit
995 2557 1036 2600 un
1058 2532 1144 2600 truite

56 2635 150 2706 intituli
168 2647 415 2729 Actinograplrie.
454 2647 544 2710 llest
563 2647 711 2727 probable
732 2647 803 2729 qu'il
824 2647 870 2728 s’y
889 2645 1011 2727 agissait
1032 2663 1143 2707 encore

56 2743 85 2806 dt
106 2749 242 2841 l’optique
271 2757 396 2834 directe,
434 2752 549 2820 c’est'a
579 2756 660 2834 dire,
693 2756 730 2818 de
756 2757 787 2819 la
810 2749 941 2818 muniere
967 2753 1041 2815 dont
1064 2771 1143 2815 nous

54 2871 215 2932 aperccvous
234 2867 286 2928 les
307 2864 431 2946 objets.”
473 2867 557 2928 llaec
575 2865 636 2928 ille.
677 2865 746 2928 Nos
767 2865 797 2926 in
816 2865 876 2926 boc
895 2868 1010 2926 anmm
1037 2879 1055 2922 a
1077 2859 1143 2922 viro

54 2973 290 3038 Praestantissimo
305 2973 505 3049 dissentimus
522 2973 605 3056 quod
616 2992 679 3036 non
700 2972 800 3036 solum
815 2972 867 3054 τὴν
882 2965 1144 3053 Ἀκτινογραφίην,

53 3070 96 3130 sul
114 3075 193 3141 etiam
210 3079 253 3144 τὰ
270 3077 505 3164 Ἐκπετάσματα
522 3081 601 3143 inter
619 3081 721 3162 optica
744 3087 775 3143 et
791 3078 1028 3161 scenograpbica
1048 3075 1146 3158 pbilo-

54 3181 127 3256 s0pbi
148 3186 324 3253 Abderitani
351 3208 447 3270 opera
468 3207 669 3254 monueramus.
716 3188 834 3252 Etenim
863 3185 901 3249 τὰ
933 3183 1150 3266 ἐκπετάσματω

56 3283 105 3347 Sine
117 3291 202 3360 dubio
220 3307 296 3360 sunt
318 3304 460 3359 extentae
473 3317 579 3358 rerum
595 3297 822 3360 delebectcmm
843 3295 1002 3376 imagines,
1021 3291 1058 3353 de
1078 3289 1145 3372 qui·

56 3386 100 3454 bus
116 3399 262 3470 disserunt
280 3406 332 3488 qui
354 3403 604 3485 scenographiam
625 3405 789 3468 tradituros
815 3422 848 3466 se
869 3402 1057 3482 profitentur.

122 3507 173 3592 39)
204 3510 313 3594 Μέγας
338 3512 519 3595 ἑνιαυτὸςῆ
552 3512 753 3596 ἀστρονομίης
780 3509 981 3592 παράπηγμα.
1018 3508 1062 3569 lta
1083 3506 1144 3588 pri·

56 3621 109 3670 mus
125 3613 193 3682 lraec
223 3620 317 3683 verba
341 3627 423 3683 recte
454 3621 609 3700 conjunxit
628 3619 792 3684 Salmasius
814 3618 852 3680 ad
874 3616 970 3681 Solin.
992 3633 1059 3696 pag.
1082 3616 1142 3677 521

56 3713 93 3774 ttl·
114 3721 207 3807 Ultraj.
244 3731 327 3810 (pag.
357 3731 417 3792 741
448 3730 494 3792 ed.
526 3729 632 3809 Paris.)
661 3729 748 3807 cnjus
774 3725 949 3791 sententiam
977 3723 1145 3806 probarunt

56 3816 191 3910 llemgius
218 3845 249 3898 et
282 3837 449 3900 Fabricius.
499 3839 667 3917 Magnenus
704 3835 856 3917 duplicem
888 3833 996 3896 libmm
1030 3829 1146 3912 putavit

56 3943 110 3992 esse
128 3945 156 4001 et
174 3944 262 4006 codd.
284 3944 455 4008 auctoritati
476 3945 649 4021 obsecutus
670 3965 688 4006 e
708 3943 1074 4025 parapegmateltlagnum
1094 3957 1146 4001 au·

56 4049 115 4101 uum
131 4047 189 4112 sive
216 4052 441 4116 astronomiam
466 4052 611 4116 distinxit.
656 4049 874 4135 ’Aemula-fine
892 4049 1084 4132 παράπηγμα
1103 4055 1147 4111 ta·

56 4137 115 4207 bula
128 4152 187 4236 luit,
206 4179 284 4243 qnae
312 4159 510 4242 astrologiam
536 4159 709 4224 continebat
732 4157 831 4238 magni
858 4157 937 4220 illius
965 4156 1034 4218 anni
1056 4175 1147 4240 quem

58 4265 248 4338 composuerat
272 4267 475 4333 Democritus.
519 4269 580 4351 Qui
607 4267 752 4350 periodos
776 4287 814 4330 cx
834 4266 936 4330 multis
957 4263 1042 4330 annis
1064 4282 1147 4326 com·
