2956 4860
438 356 524 411 Liber
541 357 561 412 l.
603 357 646 412 De
666 357 817 414 nemoerui
838 362 901 416 nita.
1187 365 1225 428 21

117 526 241 586 ineunte
260 543 299 586 au
321 531 449 588 exeunte
462 524 578 586 Noster
591 532 678 604 partu
700 526 798 588 editus
819 526 868 601 sit,
890 533 987 590 tamen
1006 531 1134 610 propius
1156 553 1229 596 vero

115 639 172 708 est,
194 650 262 693 eum
283 631 368 694 initio
390 632 472 694 illius
492 633 561 693 antri
582 633 694 695 editum
715 653 791 712 csse,
816 639 850 696 nt
871 653 950 697 nnnc
966 636 1088 716 planum
1108 640 1228 714 locieuu

116 741 210 822 idque
235 739 333 819 ipsum
362 738 443 801 lund
470 740 544 802 levis
571 741 715 804 momenti
744 747 790 804 est
810 741 849 803 ad
869 747 987 823 ternpus
1010 766 1070 827 quo
1101 746 1229 810 decessit

115 846 341 912 accuratissime
361 849 610 910 constituendum.
652 849 686 910 Si
708 849 859 930 principio
880 853 950 913 anui
971 853 998 914 h.
1020 873 1046 916 e.
1065 854 1147 916 circa
1167 855 1228 918 sol·
1294 915 1300 926 ,

114 955 232 1018 stitium
253 954 399 1016 aestivum
419 963 580 1033 natusest,
602 976 638 1019 ao
656 963 727 1036 post
749 963 870 1018 centum
891 977 1037 1020 annorum
1063 967 1093 1022 ct
1113 961 1228 1045 aliquot

113 1063 263 1125 meusium
286 1081 321 1122 ac
344 1061 460 1124 dierum
481 1063 571 1126 vitem
584 1063 755 1144 exspiravit,
772 1065 848 1126 mori
870 1066 968 1127 adbuc
989 1066 1224 1146 0111111011

112 1169 225 1252 potnit
259 1171 338 1232 'l'um
352 1189 426 1250 ergo
445 1176 530 1233 ortus
550 1171 615 1249 ejus
635 1171 664 1232 iu
681 1191 792 1234 anunm
814 1178 883 1235 aute
904 1173 975 1234 Chr.
992 1175 1106 1250 11100,
1126 1176 1226 1240 obitus

112 1280 146 1342 iu
171 1297 281 1340 aunum
304 1277 364 1340 361
385 1278 497 1340 incidit.
538 1279 601 1340 Sed
619 1281 645 1340 si
672 1287 801 1341 exemrte
821 1299 902 1341 anno
922 1279 1021 1359 primo
1043 1281 1163 1362 Olyrnp.
1184 1287 1225 1346 80

109 1387 215 1450 lucem
233 1385 351 1466 aceepit
374 1393 404 1448 et
421 1386 513 1448 vitam
534 1385 572 1447 ad
594 1392 714 1449 centnm
731 1406 879 1448 armornm
892 1393 923 1448 et
942 1388 1058 1470 aliquot
1079 1391 1225 1452 mensium

110 1515 151 1556 ao
173 1493 290 1554 dierum
316 1494 445 1573 spatium
468 1493 628 1574 perduxit,
654 1494 846 1558 verisimilius
864 1499 917 1572 est,
949 1515 1018 1557 eum
1040 1496 1088 1558 Ol.
1112 1499 1181 1575 105,
1207 1501 1222 1561 1

109 1607 267 1664 mortuum
292 1621 368 1664 csse.
418 1604 483 1664 llac
511 1601 627 1664 ratione
655 1607 774 1682 ternpus
801 1604 867 1680 ejus
893 1603 990 1664 natale
1020 1605 1222 1667 revocandum

108 1709 153 1774 sit
177 1709 215 1771 ad
241 1729 352 1772 annum
372 1715 441 1770 ante
458 1707 530 1770 0111.
549 1711 610 1770 150
637 1707 688 1790 qui
711 1709 874 1790 respondet
895 1709 1045 1789 01.80,1
1076 1713 1115 1772 ad
1135 1713 1223 1775 smeru

108 1817 265 1898 vergenti,
293 1825 324 1879 ct
346 1823 466 1897 tempus
498 1815 665 1878 emortuale
690 1817 728 1877 ad
753 1835 863 1878 anunm
893 1817 955 1880 360
983 1827 1051 1880 ante
1070 1821 1140 1882 Chr.
1182 1820 1223 1882 At

106 1925 247 2007 priorem
275 1924 437 2001 rationem,
472 1943 532 2006 que
560 1943 629 1985 enm
655 1921 704 1984 01.
726 1925 812 2002 00,1
842 1924 962 1988 ineunte
987 1934 1089 1988 natum
1121 1932 1152 1989 ct
1172 1928 1222 1990 Ol.

109 2035 224 2112 101,1
255 2033 394 2094 denatum
417 2031 639 2106 contendimus,
664 2029 760 2092 solam
786 2037 906 2094 tuentur
932 2039 1066 2096 veterum
1090 2035 1222 2096 testimo-

104 2142 169 2206 nia
211 2140 329 2204 Auctor
348 2139 494 2202 chronici
512 2137 666 2201 Posolralis
688 2139 736 2201 vel
755 2137 900 2222 ἐπιτομῆς
921 2141 1051 2225 χρόνων,
1073 2147 1107 2203 nt
1125 2143 1220 2205 Scali-

105 2269 167 2331 ger
195 2248 305 2310 librum
339 2252 509 2328 nuncupet,
541 2245 757 2327 philosophum
786 2255 941 2326 nostrum,
975 2269 1066 2330 quum
1101 2257 1220 2312 eentum

104 2377 208 2420 annos
232 2357 361 2418 vivendo
390 2355 555 2436 exegisset,
583 2354 632 2418 Ol.
660 2357 769 2432 1011
800 2363 953 2419 mortuum
985 2363 1117 2419 testatur.
1164 2359 1220 2420 llic

105 2464 204 2544 igitur
230 2461 454 2544 Apollodorum
489 2470 519 2525 et
549 2463 757 2525 Antisthenen
789 2474 911 2526 secutus
938 2459 1007 2526 est'
1040 2465 1159 2545 Quodsi
1190 2465 1219 2525 iu

103 2571 262 2634 Diodorlii
291 2570 422 2632 editione
445 2589 507 2632 nou
533 2569 582 2634 01.
608 2572 719 2647 101,1
749 2575 784 2632 nt
813 2569 844 2630 iu
870 2571 1071 2651 Scaligerana,
1093 2572 1145 2632 sed
1170 2571 1218 2632 01.

106 2680 183 2755 105,
205 2677 361 2758 11131111,
378 2679 438 2740 boc
460 2685 563 2759 aperte
581 2678 688 2739 falsum
707 2683 761 2740 est.
804 2678 907 2759 ltaque
929 2679 971 2740 ibi
993 2684 1044 2738 aut
1058 2677 1106 2738 Ol.
1122 2681 1215 2753 105‚1

103 2785 184 2868 poni
206 2791 329 2866 oportet
353 2790 422 2862 ant,
450 2785 533 2867 qnod
557 2786 596 2847 ad
613 2803 720 2848 verum
741 2783 837 2862 magis
862 2786 994 2860 aceedit,
1027 2783 1219 2863 Scaligerana

101 2895 202 2957 lectio
235 2892 420 2956 restituenda
451 2897 505 2954 est.
559 2893 640 2954 Nam
672 2891 896 2970 Scaligeronam
927 2891 1088 2952 lectionem
1118 2911 1219 2954 veram

103 3021 177 3064 esse
203 2999 289 3063 testis
316 3007 362 3062 est
384 2999 533 3062 Eusebius
560 2999 609 3062 vel
635 2998 754 3062 invitus.
797 3001 827 3062 ls
857 2999 1108 3083 quemadmodmu
1128 3019 1217 3081 supe-

101 3109 172 3172 rins
193 3109 331 3185 diximus,
353 3107 392 3170 ad
412 3107 531 3187 Olyurp.
554 3109 604 3184 91,
626 3109 645 3169 1
664 3103 694 3185 ⁶)
716 3108 839 3185 notavit,
868 3109 1075 3170 Democritum
1097 3100 1218 3170 centum

102 3235 206 3280 annos
226 3223 329 3279 netum
349 3213 460 3278 obiisse
480 3211 685 3296 (Δημόκριτος
704 3213 832 3296 τελευτᾷ
855 3216 950 3298 ζήσας
972 3209 1023 3296 ἔτη
1043 3206 1089 3296 ᾖ).
1133 3220 1217 3296 Quo

102 3323 203 3385 modo
233 3321 383 3386 Eusebius
411 3323 442 3383 in
468 3323 548 3384 liunc
575 3340 711 3384 errorem
740 3319 887 3398 inciderit,
917 3327 950 3384 nt
977 3321 1098 3401 Olymp.
1124 3324 1215 3398 911

101 3448 166 3512 pro
191 3428 313 3510 Olymp.
339 3431 449 3507 1011
479 3429 635 3505 scriberet,
662 3427 749 3490 lecile
773 3427 973 3508 intelligimus
1014 3428 1170 3511 Siquidem
1192 3425 1217 3490 P

103 3536 158 3598 vel
189 3558 205 3619 p
239 3539 327 3617 cnjus
358 3538 544 3600 aritlunetica
569 3543 704 3617 potestas
732 3545 856 3599 centum
886 3541 932 3597 ost
968 3555 1105 3615 maguam
1140 3536 1217 3616 gerit

103 3643 335 3708 similitudinem
352 3665 420 3710 cnm
442 3646 551 3727 Coppa
568 3645 608 3726 ⁶),
636 3645 719 3727 quod
739 3643 848 3706 Gracci
866 3645 912 3706 bis
935 3645 998 3705 lere
1018 3643 1123 3704 lorruis
1145 3642 1218 3704 scri·
1303 3727 1306 3734 Ι

105 3751 266 3838 hebent?
291 3757 313 3827 q
342 3757 366 3828 Ρ
390 3759 422 3816 et
442 3755 525 3837 quod
538 3754 701 3836 nonaginta
721 3751 906 3833 designabat,
921 3750 1020 3814 elucet
1039 3751 1112 3812 baec
1133 3751 1219 3830 sigua

104 3911 310 3930 μ

190 3982 211 4046 ⁵)
230 3983 407 4046 lntcrprctem
425 3981 578 4034 Armenium
599 3981 643 4046 qui
663 3980 730 4030 hacc
756 3979 790 4028 ad
810 3972 963 4043 0111111101,
975 3973 998 4026 1.
1026 3977 1109 4028 retent
1128 3989 1218 4028 erroro

107 4063 171 4116 duct
189 4069 270 4130 utque
296 4064 397 4114 idcirco
416 4062 459 4114 blo
479 4061 558 4112 nobis
574 4060 671 4110 ducem
692 4073 752 4110 csso
774 4073 827 4109 nou
845 4072 926 4122 posse
944 4071 998 4108 nou
1018 4058 1104 4110 solum
1121 4059 1220 4108 111111-

108 4145 192 4208 uymt,
222 4157 317 4195 verum
344 4145 424 4194 etiem
443 4143 529 4208 ipsius
551 4139 657 4192 Eusebil
685 4141 832 4191 arroteritae
856 4139 944 4189 uincit.
961 4163 962 4168 =
979 4139 1046 4190 Nam
1062 4138 1219 4188 lattnailtius

109 4225 251 4276 translatio
269 4237 332 4276 cum
349 4225 428 4288 trajice
449 4222 595 4286 archetypo
614 4222 722 4272 oumtuo
741 4223 871 4286 congruit.

182 4319 206 4378 ‘t
228 4317 286 4368 l'ld.
306 4317 432 4368 llattluao
452 4317 494 4366 Gr.
514 4315 557 4365 Gr.
572 4325 630 4378 pag.
651 4307 691 4363 11,
