2892 4872
308 313 372 380 158
636 311 833 377 Quaestione·
852 313 1087 372 Democriteum

306 501 365 549 son
390 477 536 546 veritable
556 487 665 546 auteur
690 502 710 544 a
736 499 775 546 en
796 483 1012 546 connaissance
1034 484 1076 546 du
1100 481 1333 546 christianisne.”
1368 483 1396 544 ln

306 590 432 656 scholiis
453 590 578 654 Graecis
599 609 699 653 sermo
721 597 768 654 est
789 589 827 653 de
853 592 967 654 Ostone
989 592 1120 674 quodam
1140 611 1227 674 quern
1247 589 1398 654 Democriti

306 699 490 780 inAegypto
510 697 685 779 magistrum
706 698 809 777 luisse,
832 699 974 762 citeriora
995 699 1118 763 saecula
1137 700 1236 782 inepte
1257 699 1396 761 tinxerunt

305 810 373 872 llno
390 807 516 870 tendunt
537 804 673 888 Synoelli
696 808 790 870 verbe
816 827 884 889 pag.
905 809 985 872 248:
1029 805 1216 891 Δημόκριτος
1232 803 1398 892 Ἀβδηρίτης

306 914 434 1002 φυσικὸς
449 911 621 999 φιλόσοφος
635 911 781 998 ἤκμαζεν.
821 911 875 978 Ἐν
886 911 1030 1000 Αἰγέστῳ
1046 913 1173 998 μυηθεὶς
1189 913 1245 978 ὑπὸ
1262 909 1396 977 Ὀστοὶνου

304 1025 359 1086 τοῦ
378 1019 499 1104 Μήδου,
530 1019 691 1089 σταλέντος
716 1021 747 1082 ἐν
777 1021 921 1106 Αἰγύπτῳ
948 1020 1034 1106 παρὰ
1059 1027 1119 1086 τῶν
1147 1025 1307 1107 τηνικαῦτα
1329 1019 1397 1104 βασι-

305 1127 385 1194 λέων
406 1123 544 1212 Περσῶν,
576 1125 681 1212 ἄρχειν
709 1131 770 1192 τῶν
791 1127 823 1192 έν
844 1127 988 1215 Αἰγέστῳ
1012 1129 1115 1214 ἱερῶν,
1142 1129 1174 1194 έν
1200 1134 1245 1216 τῷ
1269 1130 1338 1213 [εριγῖ
1355 1129 1398 1208 τῆς

304 1235 464 1322 Μέμφεως
493 1233 546 1298 obe
578 1233 685 1303 ἄλλοις
716 1235 831 1319 ἱερεῦσι
861 1236 913 1300 καὶ
940 1235 1138 1323 φιλοσόφοις,
1169 1237 1200 1302 έν
1229 1237 1274 1307 οἶς
1299 1235 1333 1320 ἦν
1357 1231 1398 1296 καὶ

303 1342 411 1428 Μαρία
441 1364 485 1412 τις
506 1338 639 1428 Ἕβραέα
674 1343 756 1428 σοφὴ
786 1345 839 1408 καὶ
867 1342 1044 1428 Παμμένης.
1086 1344 1277 1432 Συνέγραψεν
1299 1343 1329 1422 (ὁ
1349 1339 1397 1422 Δη-

304 1450 459 1537 μόκριτος)
478 1450 549 1534 περὶ
568 1451 686 1534 χρυσοῦ
704 1450 756 1513 καλ
778 1450 912 1538 ἀργύρου
934 1453 985 1516 καὶ
1004 1451 1092 1518 λίθου
1112 1455 1165 1518 καλ
1183 1453 1338 1540 πορφύρας
1357 1450 1397 1510 λθ·

303 1559 370 1637 irinc,
391 1558 508 1641 ὁμοίως
529 1557 564 1620 δέ
591 1556 643 1620 καὶ
672 1553 786 1641 Μαρία.
836 1557 926 1624 Ἀλλ’
952 1559 1037 1624 οὔτοι
1069 1562 1125 1646 μὲν
1151 1560 1334 1647 Δημόκριτος
1355 1553 1397 1618 καὶ

302 1664 408 1751 Μαρία
421 1663 616 1749 ἐπῃνέθησαν
629 1663 715 1748 παρὰ
725 1662 885 1746 Ὀστάνου,
894 1669 937 1736 ὡς
945 1670 1072 1738 πολλοῖς
1080 1671 1133 1734 καὶ
1141 1673 1250 1757 σοφοῖς
1262 1665 1396 1748 αἰνίγμασι

301 1773 470 1860 κρύψαντες
499 1759 553 1856 τὴν
583 1769 704 1856 τέχνην.
762 1771 948 1858 Παμμένους
976 1775 1010 1839 δὲ
1038 1773 1239 1859 κατέγνωσαν,
1269 1769 1397 1860 ἀφθόνους

300 1881 481 1966 γράψαντος.
514 1879 658 1944 Similiter
670 1881 816 1962 Synesius
838 1882 869 1945 in
888 1884 1019 1948 Scholiis
1034 1884 1073 1946 ad
1093 1884 1182 1948 istam
1203 1884 1395 1965 scriptionem:

301 1987 491 2074 Δημόκριτος
518 1984 618 2050 tutha
648 1985 709 2050 ἀπὸ
740 1986 897 2073 Ἀβδήρας
922 1990 1050 2076 φυσικὸς
1085 1993 1130 2055 ὢν
1167 1993 1220 2058 καὶ
1249 1991 1341 2054 πάντα
1366 1982 1396 2046 τὰ

301 2095 415 2184 φυσικὰ
449 2093 617 2178 ἐρευνήσας
645 2093 697 2158 καὶ
731 2096 984 2181 συγγραψάμενος
1015 2097 1054 2161 τὰ
1089 2097 1164 2164 ὄντα
1195 2098 1272 2163 κατὰ
1306 2094 1394 2180 φύσιν·

155 2295 160 2306 Ι
293 2203 436 2290 Ἄβδηρα
458 2199 493 2265 δέ
516 2201 580 2264 ἐστι
598 2199 687 2270 πόλις
710 2201 846 2288 Θρᾴκης·
870 2202 990 2287 ἐγένετο
1017 2205 1052 2268 δέ
1075 2206 1092 2270 b
1116 2205 1195 2292 ἀνὴρ
1221 2206 1395 2289 λογιώτατος,

299 2311 334 2381 t<
359 2309 460 2374 ἐλθὼν
494 2307 525 2372 έν
555 2311 601 2394 τῷ
636 2308 779 2395 Αἰγέστῳ
808 2308 1052 2396 έμυσταγωγήθη
1077 2314 1165 2400 παρὰ
1191 2317 1246 2378 τοῦ
1276 2310 1394 2396 μεγάλου

293 2416 445 2484 Ὀστάνου
473 2417 506 2482 έν
534 2421 580 2504 τῷ
602 2417 677 2502 ἱερῷ
697 2419 751 2499 τῆς
770 2413 931 2502 Μέμφεως
953 2419 1007 2482 σὺν
1027 2424 1103 2485 πᾶσι
1125 2425 1191 2492 τοῖς
1210 2423 1334 2506 ἱερεῦσιν
1354 2413 1395 2479 At-

296 2526 422 2612 γέιιτου.
463 2523 522 2590 Ἐκ
543 2523 651 2588 τούτου
670 2525 775 2609 λαβὼν
801 2524 945 2611 ἀφορμὰς
968 2529 1182 2614 συνεγράψατο
1206 2529 1326 2616 pipios<
1342 2520 1396 2587 τέο·

299 2656 395 2720 σαρας
418 2633 558 2721 βαφικάς,
579 2633 650 2718 περὶ
667 2635 786 2716 χρυσοῦ
806 2633 857 2696 καὶ
877 2633 1011 2718 ἀργύρου
1033 2635 1085 2699 καὶ
1105 2636 1205 2700 λίθων
1228 2637 1276 2700 καὶ
1295 2628 1395 2716 πορφυ-

297 2763 361 2826 ρας.
404 2741 566 2806 Caeterum
585 2741 616 2802 in
636 2739 776 2821 pluribus
793 2741 936 2824 Europae
957 2744 1152 2809 bibliothecis
1175 2747 1256 2810 huuc
1277 2741 1397 2806 libellum

294 2871 412 2932 graece,
442 2869 512 2914 cum
538 2847 605 2912 aliis
634 2848 701 2926 ejus
729 2849 864 2929 generis,
895 2852 1003 2914 additis
1028 2853 1262 2916 Commentariis
1283 2857 1395 2920 οιιυλενε,

293 2958 366 3023 satis
385 2964 491 3022 notum
522 2958 600 3020 inter
623 2954 708 3018 viros
731 2958 867 3021 cruditos
888 2966 942 3021 est
985 2959 1065 3022 Vide
1091 2960 1236 3024 lleuvens
1254 2949 1397 3023 Lettresi

292 3067 349 3129 Mr.
378 3069 540 3130 betronuc.
578 3063 662 3128 Leid.
694 3064 785 3128 1830.
839 3064 928 3128 hdtc
957 3066 1096 3131 Lambec
1128 3089 1240 3132 comm.
1268 3068 1305 3129 de
1331 3059 1395 3126 bibl.

293 3173 425 3236 Vindob.
444 3176 487 3237 Vl
509 3195 539 3254 p.
562 3172 743 3236 teo-too
765 3172 811 3235 ed.
834 3173 949 3237 Kollnr.

389 3281 443 3360 10)
474 3281 614 3361 Mystico
644 3287 677 3342 et
694 3280 827 3360 physica
862 3301 932 3346 curn
960 3281 1097 3362 synesii,
1128 3283 1223 3348 Mich.
1253 3279 1342 3346 Pselli
1369 3284 1395 3338 et

290 3385 405 3467 Pelagii
430 3389 660 3450 commentariis.
708 3388 797 3451 lluno
821 3387 941 3466 librurn,
970 3409 1060 3472 quem
1085 3410 1103 3453 a
1123 3391 1231 3472 priore
1252 3385 1395 3466 donent

289 3495 447 3574 Menagius
476 3497 515 3560 ad
542 3499 639 3559 baert
658 3496 777 3572 1Χ,49
807 3495 936 3558 eundem
965 3517 1034 3560 esse
1061 3498 1203 3580 opinatus
1232 3505 1279 3562 est
1298 3489 1394 3558 Fabri-

290 3603 354 3664 cius
380 3601 458 3665 Bibl.
486 3623 531 3684 gr.
558 3603 663 3668 vohll
693 3624 723 3684 p.
746 3606 807 3668 ott
837 3604 919 3666 llarl.
949 3604 1178 3686 inscriptionem
1199 3607 1241 3668 ita
1260 3601 1393 3666 laudans:

289 3706 412 3772 Φυσικὰ
439 3709 490 3774 καὶ
520 3707 661 3775 Μυστικὰ
692 3711 730 3773 dc
762 3717 826 3774 arte
857 3731 945 3774 sacra
974 3713 1039 3776 sive
1076 3714 1214 3778 chemica
1246 3729 1316 3774 cnm
1344 3706 1395 3786 Sy·

288 3816 365 3879 nesii
382 3837 418 3881 ac
439 3818 554 3900 Pelagii
578 3818 801 3883 commentariis
828 3817 919 3880 latine
939 3817 1020 3882 edita
1041 3819 1154 3882 Patavii
1180 3819 1320 3894 1572&
1358 3811 1394 3873 Al

286 3923 422 3988 libellum
445 3927 558 3990 Patavii
579 3947 599 3989 a
620 3927 797 3990 Picimentio
819 3925 1013 4007 publicatum,
1040 3947 1130 4008 quern
1150 3927 1218 4008 ipse
1239 3924 1311 3989 olim
1331 3937 1394 4001 per-

285 4030 420 4111 lustravi,
439 4035 505 4098 scio
526 4053 588 4097 non
610 4034 735 4098 inscribi
755 4033 884 4115 Physica
905 4039 936 4095 et
957 4033 1093 4114 mystica
1133 4033 1245 4114 Neque
1262 4031 1393 4092 Reuvcn-

285 4137 388 4203 siusl.
413 4140 433 4203 l.
465 4142 526 4206 alio
554 4141 642 4206 titulo
669 4141 728 4205 nisi
758 4142 827 4225 περὶ
862 4140 946 4226 ἱερᾶς
978 4139 1088 4227 τέχνης
1114 4127 1391 4204 Pseudodemocriti
