2956 4860
498 315 794 374 Praefatio.
1139 343 1198 386 χῃ,

98 484 246 561 vertendi
262 484 402 582 negotio
421 484 611 581 argumenti
630 485 944 583 sententiarumque
963 486 1198 565 diversitatem

98 607 230 682 ‹lircrso
250 605 415 681 orationis
441 609 569 696 colore,
594 619 630 680 nt
658 631 721 703 par
746 621 828 697 erat,
852 608 1048 705 exprimere
1072 612 1197 686 studui.

98 733 148 802 Est
179 741 293 804 autern
326 727 414 801 inter
438 726 657 803 Democritea
686 731 818 824 duplex
841 733 1109 826 fragmentorum
1134 759 1197 830 ge-

98 877 162 940 nus,
183 863 367 946 utrumque
398 873 514 922 rerum
537 854 693 924 ubertate
718 851 937 948 praestabile,
963 857 1027 928 sed
1053 858 1198 928 alterum

98 970 188 1066 quasi
221 985 320 1044 extra
359 967 576 1067 disciplinam
609 969 760 1067 pesitum
791 971 944 1070 ideoque
978 975 1197 1071 eloquentiae

98 1092 232 1167 tloribus
257 1095 348 1164 baud
381 1116 460 1165 raro
492 1104 665 1182 ornatum,
696 1096 840 1167 alterum
864 1120 911 1169 ex
935 1094 1020 1194 ipsis
1042 1096 1198 1194 philoso-

97 1213 191 1308 phiae
215 1211 450 1309 penetralibus
476 1225 610 1287 erutum
636 1226 740 1310 atque
766 1239 844 1289 eam
869 1221 915 1292 ob
940 1242 1080 1292 causam
1099 1217 1199 1293 lima-

97 1347 158 1408 tum
193 1333 353 1430 quidem,
396 1337 462 1407 sed
503 1360 572 1409 non
612 1332 688 1409 aliis
719 1335 878 1411 dictionis
912 1335 1093 1412 virtutibus
1133 1338 1198 1412 nisi

96 1453 332 1552 perspicuitate
367 1482 409 1531 ae
442 1455 611 1530 breuitate
643 1455 784 1553 insigne.
841 1457 931 1532 Nihil
961 1458 1093 1534 facilius
1126 1473 1201 1535 erat

95 1603 193 1672 quam
218 1576 342 1674 prioris
369 1576 508 1673 generis
538 1577 675 1676 copiam
706 1591 742 1652 et
763 1593 923 1655 ornatum
949 1580 1081 1656 imitari.
1132 1585 1198 1656 lta-

95 1725 157 1792 que
178 1705 253 1794 jam
283 1714 421 1775 veteres
453 1699 658 1796 interpretes
684 1705 857 1797 quaedam
882 1729 952 1778 non
987 1702 1200 1799 ineleganter

97 1833 271 1895 verterant.
323 1825 375 1895 Ad
404 1818 577 1918 posterius
613 1847 723 1916 genus
755 1821 899 1922 physica
923 1830 1091 1921 pleraque
1117 1848 1199 1922 per-

95 1939 203 2032 tinent,
227 1968 319 2039 qnae
345 1968 455 2040 prope
481 1941 596 2016 omnia
619 1947 663 2016 ab
692 1942 767 2017 aliis
793 1945 1006 2042 negligenter
1029 1969 1200 2020 conversa

94 2067 407 2160 deprehendebarn.
463 2067 533 2136 Sed
567 2089 609 2137 ea
639 2067 746 2138 lidum
781 2063 1000 2164 interpretem
1023 2064 1201 2164 requirunt

95 2185 149 2280 qui
172 2213 289 2283 neque
313 2192 391 2285 plus
417 2184 510 2259 dicat
541 2209 656 2281 neque
682 2185 794 2260 minus
818 2213 922 2284 quam
947 2187 998 2262 rei
1022 2199 1143 2261 natura
1165 2199 1200 2259 et

94 2307 267 2382 doctrinae
298 2307 384 2382 ratio
412 2312 506 2380 ferat.
557 2309 790 2392 Quamobrem
816 2307 846 2382 si
870 2308 904 2383 in
930 2312 1112 2383 reddenda
1134 2311 1201 2381 bae

94 2433 358 2524 fragmentorum
391 2441 489 2526 parte
514 2426 632 2524 peritis
659 2427 835 2523 judicibus
866 2429 1078 2516 satisfecero,
1104 2432 1200 2524 quod

93 2550 230 2626 omnino
262 2549 297 2623 in
328 2548 574 2624 transferendis
601 2549 766 2624 librorum
797 2551 1095 2624 Democriteorum
1116 2546 1199 2622 reli-

93 2671 178 2766 quiis
205 2683 347 2746 secutus
373 2696 450 2744 sum
472 2684 653 2746 assecutus
676 2695 758 2744 esse
784 2668 866 2744 mibi
888 2670 1044 2746 videbor.
1094 2667 1201 2742 Deni-

92 2819 157 2888 que
179 2804 324 2890 quartus
351 2795 396 2865 dc
426 2790 612 2868 Democriti
644 2789 779 2888 placitis
801 2790 891 2865 liber
913 2789 959 2864 ita
987 2789 1200 2888 compositus

92 2927 157 3004 est,
188 2927 226 2989 ut
257 2917 364 2988 multa
395 2911 537 3009 quidem
573 2912 747 2989 contineat
774 2939 865 3011 quae
895 2908 976 2985 mibi
1007 2911 1202 2987 communia

91 3035 155 3110 sint
179 3063 260 3111 omn
292 3033 335 3109 iis
368 3034 427 3132 qui
457 3047 559 3109 antea
591 3039 635 3109 de
669 3040 795 3111 eodem
826 3048 1027 3132 argumento
1052 3033 1203 3132 seripse-

91 3171 188 3232 mnt:
215 3161 281 3232 sed
308 3183 414 3253 quum
435 3155 589 3253 singulos
614 3154 744 3253 ubique
774 3163 887 3231 fontes
911 3154 1066 3246 adierim,
1092 3155 1203 3231 conti-

90 3279 135 3374 git
156 3278 251 3369 mini,
275 3291 312 3352 ut
336 3283 499 3353 nonnulla
524 3303 615 3373 quae
640 3282 685 3352 ab
710 3277 784 3352 aliis
808 3303 879 3353 ιιοιι
903 3291 1022 3352 essent
1046 3277 1203 3352 animad-

88 3427 193 3476 versa
237 3399 368 3498 primus
412 3398 446 3475 in
485 3403 685 3496 dogmatum
723 3398 1019 3474 Democriteorum
1059 3425 1203 3474 numero

89 3548 270 3618 ponerem,
302 3521 369 3597 alia
401 3546 487 3596 vero
525 3517 671 3617 plenius
703 3518 839 3610 rectius²
872 3520 1063 3596 accuratius
1091 3521 1205 3619 expli-

89 3669 218 3718 rarem.

191 3787 324 3885 Scripsi
347 3786 499 3863 Berolini
524 3813 552 3862 a.
578 3789 610 3860 d.
636 3789 677 3860 lll
701 3789 748 3860 ld.
773 3789 846 3862 Jun.
872 3813 901 3863 a.
929 3788 1032 3861 1843.
