2984 4876
344 326 430 384 Liber
445 326 493 384 ΙΙΙ.
528 325 679 382 Democriti
698 341 809 398 operum
828 327 992 399 fragmenta.
1164 327 1226 392 189

195 495 265 557 156.
307 490 484 577 Δυνάμινος
504 491 687 579 χαρίζεσθαι
709 490 751 577 μὴ
772 489 914 577 βράδυνι,
936 459 1018 554 ἀλλιλ
1038 491 1137 574 δίδου,
1163 491 1224 558 ἐπι-

107 601 259 686 στάμενος
283 599 325 686 μὴ
344 598 423 664 εἶναι
443 600 481 666 τὰ
498 601 661 687 πράγματα
686 598 809 684 μόνιμα.
840 597 952 662 Antou.
965 605 996 662 et
1011 600 1090 664 Max.
1110 623 1139 684 p.
1152 603 1223 670 978.

196 712 267 773 157.
310 705 413 794 Μικρὰ
442 708 560 772 διδόναι
593 708 708 794 βούλου
740 707 875 791 μᾶλλον,
902 704 923 790 ἦ
954 707 1072 790 μεγάλα
1096 709 1224 796 ἐγγυᾷν·

105 817 125 880 δ’
147 838 182 879 τε
203 815 260 901 γὰρ
281 815 419 886 κίνδυνος
438 816 545 881 ἄπεστι
565 817 616 881 καὶ
637 817 654 880 6
677 817 781 902 λαβὼν
804 811 913 899 ἔργον,
938 810 974 876 οὐ
996 811 1089 898 λόγου
1114 817 1222 903 χρείαν

9 937 11 1044 ρ
106 922 187 1010 ἔχει.
231 924 344 988 Anton.
366 932 397 989 et
410 927 493 1020 Max.
516 947 547 1008 p.
565 927 647 990 278:

9 1085 10 1104 t
196 1035 265 1097 158.
308 1029 423 1117 Μικρσὶ
442 1033 565 1118 χάριτες
588 1031 620 1096 ἑν
642 1034 741 1117 καιρῷ
761 1029 899 1116 μέγισται
921 1034 1001 1096 τοῖσι
1021 1032 1223 1118 λαμβάνουσι.

9 1123 10 1128 ¹
102 1144 281 1205 Demean-at
309 1141 404 1204 Orell.
426 1161 455 1204 n.
478 1143 529 1204 60.

195 1253 265 1315 159.
307 1243 444 1332 Χάριτας
462 1245 610 1334 δέχεσθαι
629 1248 731 1332 χρεὼν
748 1246 1037 1333 προσκοπευόρενον
1057 1247 1225 1332 κρέσσονας

105 1357 231 1426 αὐτέων
250 1352 383 1441 ἀμοιβὰς
406 1353 586 1418 ἀποδοῦναι.
627 1355 799 1418 Democrat.
819 1355 914 1419 Orell.
932 1375 962 1420 n.
983 1357 1033 1420 58.

197 1466 267 1530 160.
309 1459 493 1546 Χαριστικδς
515 1459 572 1524 οὐκ
604 1460 767 1548 δβλέπιυν
795 1462 871 1546 πρὸς
896 1463 949 1546 ιὴν
976 1461 1118 1547 ἀμοιβήν,
1149 1459 1221 1526 ἀλλ’

102 1579 121 1640 δ
147 1571 185 1638 εὖ
209 1573 283 1657 δρᾷν
304 1566 530 1653 προῃρημένος.
574 1569 774 1634 minutia.

194 1681 264 1744 161.
309 1671 385 1740 Οὐδ’
414 1674 468 1739 ὑπ’
503 1675 571 1745 ἑνδς
598 1677 761 1761 φιλέασδαι
789 1673 891 1739 δοκέει
913 1697 966 1760 ραι
991 1675 1007 1739 6
1031 1675 1147 1762 φιλέων
1174 1674 1224 1740 οὔ·

102 1790 194 1856 δένα.
242 1789 415 1850 Democrat.
437 1785 531 1848 Orell.
550 1805 578 1850 n
600 1789 651 1850 69.

194 1897 264 1960 162.
307 1889 373 1977 Ζῆν
407 1892 464 1958 οὐκ
500 1891 601 1973 ἄξιος,
633 1893 696 1980 δτιρ
726 1894 833 1980 μηδείς
865 1893 929 1958 ἐστι
960 1893 1094 1979 χρηστὸς
1126 1893 1224 1981 φίλος.

9 2005 10 2018 ²
100 2008 284 2071 Democrat.
306 2001 401 2065 Orcli
428 2020 457 2065 ιι.
478 2003 529 2066 65.

195 2112 267 2177 163.
302 2105 395 2178 ‘Eece
424 2108 509 2194 φιλίη
542 2107 665 2179 iuvenci
699 2107 837 2194 apiacum
879 2107 1030 2180 ἀξυνίτιυν
1069 2109 1222 2176 ἁπάντων.

68 2237 73 2243 ’
99 2226 282 2288 Democrct.
308 2217 402 2281 Orell.
421 2237 450 2282 n.
469 2218 520 2281 61.

196 2329 267 2392 163.
305 2321 359 2390 Ἐν
382 2324 508 2410 εὐτυχίῃ
538 2323 626 2409 φίλον
657 2321 773 2407 εδρέιιν
799 2322 943 2410 εὔπορον,
967 2324 999 2390 ἐν
1022 2325 1058 2390 δὲ
1079 2324 1222 2413 δυςτυχίρ

9 2487 10 2532 t
99 2435 230 2501 πάντων
252 2433 463 2520 ἀπορώτατον.
505 2435 678 2497 Βιιοιοοιιι.
703 2432 920 2498 06611670.

197 2658 265 2722 156.
308 2657 342 2721 Si
361 2657 541 2720 benefacere
558 2662 656 2736 potes,
678 2674 717 2718 ne
738 2654 897 2733 cuncteris,
914 2655 970 2718 sed
981 2652 1103 2739 largire,
1114 2657 1223 2738 sciens,

99 2785 173 2831 non
194 2784 261 2828 esse
282 2784 333 2828 res
353 2765 430 2829 ullas
451 2765 616 2830 diuturnas.

197 2877 265 2936 157.
309 2875 405 2936 Parva
424 2873 528 2954 potius
546 2871 693 2954 largiariS,
710 2890 798 2955 quum
817 2889 924 2952 magna
944 2871 1111 2952 promittas·
1144 2872 1224 2938 illud

100 2981 190 3046 enim
211 2980 349 3062 periculo
372 2987 468 3059 vacat,
490 2987 520 3043 et
541 2981 594 3062 qui
615 2979 735 3062 accipit,
753 2999 795 3058 re,
818 2999 881 3042 uon
901 2980 1001 3042 verbis
1021 2980 1143 3062 indiget

197 3091 266 3153 158.
309 3089 405 3150 Parva
423 3089 570 3151 beneficia
588 3088 766 3169 tempestive
785 3087 895 3151 collata
913 3087 1129 3168 accipientibus
1149 3089 1225 3154 fiunt

100 3195 247 3260 maxima.

201 3307 270 3369 159.
313 3305 499 3388 Accipienda
529 3317 600 3370 sunt
632 3307 779 3370 beneficia
813 3326 852 3371 eo
884 3305 1013 3370 consilio
1039 3305 1104 3387 jam
1137 3313 1225 3372 autea

101 3413 194 3489 inito,
217 3419 252 3475 ut
273 3413 403 3493 majores
428 3412 590 3496 aliquando
612 3416 721 3495 gratias
744 3416 919 3478 referamus.

197 3521 267 3584 160.
309 3520 469 3584 Beneficus
491 3527 545 3598 est,
568 3541 630 3584 non
651 3524 703 3605 qui
724 3523 998 3587 remunerationem
1022 3529 1147 3604 spectat,
1168 3525 1223 3588 scd

103 3626 163 3710 qui
185 3647 240 3690 sua
259 3637 370 3709 sponte
391 3627 570 3692 beneficium
590 3629 670 3691 facit.

196 3739 266 3799 161.
309 3735 336 3798 Α
358 3735 477 3799 nemine
493 3735 586 3798 amari
608 3735 746 3798 existimo
772 3755 841 3799 eum
863 3736 914 3819 qui
934 3737 1084 3800 neminem
1104 3747 1194 3802 amat.

197 3847 267 3907 160.
298 3843 443 3925 Indignus
454 3851 500 3906 est
513 3843 564 3925 qui
578 3844 666 3922 vivat,
676 3843 726 3906 cui
745 3843 846 3906 nutius
859 3855 905 3907 est
918 3844 1033 3906 amicus
1046 3846 1223 3910 benevolus.

196 3953 267 4015 163.
310 3951 404 4014 Unius
430 3951 587 4032 prudentis
608 3953 737 4015 hominis
759 3951 889 4016 amicitia
909 3951 1068 4014 stultorum
1088 3952 1222 4015 omnium

101 4057 258 4122 amicitiae
279 4066 325 4121 est
344 4060 551 4140 praeferentia.

216 4169 285 4231 161.
327 4167 361 4229 lu
387 4167 480 4230 rebus
508 4167 649 4232 secundis
678 4168 806 4234 amicum
833 4168 967 4232 invenire
997 4165 1084 4230 facilc
1110 4173 1164 4246 est,
1190 4167 1222 4231 in

99 4275 242 4338 adversis
264 4273 396 4339 omnium
420 4277 635 4340 difficillimum.
