2892 4872
346 336 432 392 Liltar
452 335 488 390 ll.
531 333 575 388 Da
595 333 744 388 Democriti
765 333 884 404 scriptia.
1104 337 1172 402 {09

77 507 268 570 Democritum
290 504 405 568 obierit
443 503 510 564 lam
533 499 559 564 si
577 519 634 562 nec
655 501 756 564 ninom
785 520 843 564 uec
864 509 1015 567 mortuum
1035 504 1072 568 iis
1094 525 1172 588 qnae

75 617 191 696 scripsit,
209 621 316 678 testem
339 611 490 686 adhibere,
512 616 564 670 aut
581 609 712 672 refutare
738 617 769 671 et
787 631 913 692 carpere
933 612 1056 676 volebat
1075 613 1171 690 Plato,

70 725 221 800 justissima
248 723 292 786 uti
321 727 441 802 poterat
468 718 670 780 excusatione.
717 718 835 780 Etenim
862 724 943 781 tanta
964 722 1086 783 inerunt
1111 725 1171 784 De-

73 831 179 893 mocriti
197 832 236 893 de
258 831 367 894 litteris
385 825 499 902 merita,
528 831 562 887 ut
583 824 611 886 si
633 843 703 888 eum
722 825 867 901 laudaret,
888 827 1028 890 facillime
1049 830 1078 890 in
1098 829 1171 892 adn-

72 936 179 1000 latiouis
203 939 409 1020 suspicionem
432 935 615 1012 incurreret,
642 934 669 997 si
690 934 890 1015 vituperaret,
919 956 981 998 una
1001 957 1070 998 cum
1099 936 1173 998 iuvi·

72 1045 129 1106 diae
149 1045 438 1125 obtrectationisque
470 1041 595 1104 crimine
616 1049 647 1105 et
666 1042 762 1122 ipsius
781 1042 948 1106 Democriti
969 1052 1000 1106 et
1017 1045 1081 1122 ejus
1101 1045 1173 1104 and-

71 1171 166 1214 corum
200 1153 374 1215 inimicitiae
408 1150 629 1231 suscipiendiae
660 1155 785 1240 essent..
833 1151 942 1230 Neque
972 1156 1071 1212 tamen
1100 1152 1171 1213 milri

71 1279 237 1337 persuasum
262 1268 317 1336 est,
346 1261 416 1322 ideo
436 1258 598 1337 accidisse,
623 1265 657 1321 ut
685 1265 834 1338 perpetuo
857 1258 976 1320 silentio
998 1258 1172 1322 Abderitam

69 1372 194 1430 nostrum
213 1369 303 1430 Plato
322 1365 509 1448 praeteriret
549 1366 653 1443 immo,
672 1366 731 1428 nisi
754 1365 854 1428 omnia
875 1386 923 1428 ure
945 1366 1060 1442 fallunt,
1080 1366 1173 1446 pluri-

69 1473 118 1536 bus
137 1475 214 1538 locis
227 1454 444 1538 'Democritum
465 1493 528 1535 nou
548 1474 733 1536 nominatum
762 1475 808 1536 vel
834 1474 1000 1536 confutavit
1022 1475 1071 1538 vel
1094 1476 1174 1538 iacc-

53 1581 110 1643 'tiis
135 1583 311 1662 perstrinxit
329 1581 390 1661 ²¹).
442 1587 541 1663 Quam
569 1603 632 1643 rem
661 1583 691 1645 in
719 1583 884 1646 clarissima
902 1583 971 1645 luce
994 1583 1172 1646 collocatam

70 1691 197 1753 omndtus
221 1689 311 1774 quasi
332 1689 526 1770 spectandam
547 1691 764 1766 exhiberemus
791 1691 817 1753 si
839 1693 869 1752 in
892 1691 1041 1754 Platonici
1061 1691 1173 1772 ingenii

70 1793 179 1858 latebris
201 1798 337 1860 certiora
347 1797 473 1878 vestigia
487 1800 629 1879 persequi
649 1798 739 1860 nobis
761 1818 940 1860 concessum
962 1806 1051 1863 esset.
1081 1801 1173 1862 Nunc

70 1921 156 1984 neque
184 1906 373 1986 conjecturis
400 1906 565 1987 indulgere,
593 1925 693 1989 neque
722 1907 822 1970 omnia
842 1905 880 1967 ad
909 1907 1010 1969 vivum
1035 1925 1173 1970 resecare

71 2007 165 2086 placet

142 2123 215 2184 Post
234 2121 411 2184 Aristotelis
439 2129 575 2204 tempora
605 2122 689 2185 nulla
714 2142 764 2186 res
784 2125 880 2202 majus
901 2124 1041 2185 damnum
1061 2125 1174 2184 Demo·

72 2226 129 2288 criti
153 2230 278 2311 scriptis
308 2230 407 2293 attulit
449 2249 545 2312 eaque
573 2231 729 2309 paullatim
762 2230 792 2292 in
825 2231 1011 2293 oblivionem
1041 2229 1173 2304 adduxit,

72 2353 147 2412 quarn
170 2337 281 2400 aclrola
311 2339 507 2417 aGargettio
528 2339 711 2418 philosophe
743 2338 872 2400 condita.
918 2338 979 2419 Qui
1007 2337 1080 2398 lieet
1109 2336 1175 2397 diu-

72 2449 146 2504 trinta
168 2465 300 2527 operum
327 2446 592 2508 Democriteorum
614 2446 744 2509 lectione
773 2448 899 2508 multum
920 2441 1174 2526 proiecissetn),

72 2567 101 2608 cc
125 2551 286 2615 Plutarcho
314 2560 389 2614 teste
418 2552 502 2614 initio
530 2555 758 2617 Democriteum
782 2573 816 2616 se
841 2558 921 2616 esset
943 2548 1173 2632 protessus²³)‚

73 2666 166 2731 postea
182 2667 285 2722 tamen
313 2658 350 2720 de
377 2677 424 2735 ee,
449 2678 468 2720 a
493 2681 555 2741 quo
581 2682 719 2743 maguam
747 2663 941 2724 decretorum
965 2665 1081 2738 partem
1109 2677 1174 2718 mu-

72 2769 159 2828 tuatus
189 2773 270 2842 erat,
308 2751 409 2848 iniql1e
440 2766 608 2846 judicando
627 2767 679 2851 Η)
714 2789 770 2834 sua
799 2767 977 2831 auctoritate
1010 2765 1175 2849 plerosque

71 2891 262 2911 ξ--ι--ι-

132 2978 169 3040 ²¹t
187 2980 225 3028 Ci.
255 2977 371 3042 Sophist.
389 2991 449 3042 pag.
468 2973 557 3029 Didi.
586 2977 676 3044 ibique
705 2978 942 3030 Sclrleicrmachcri
966 2977 1173 3034 adnotationem,

73 3055 111 3116 qni
138 3057 275 3108 Platonem
309 3071 325 3108 a
350 3059 504 3110 Democrito
535 3062 681 3123 praecipua
713 3061 885 3111 abhorruisse
913 3061 988 3110 ratus
1016 3059 1071 3117 est,
1101 3055 1175 3120 qnod

73 3131 212 3202 Aristippus
242 3141 300 3202 ejus
325 3139 359 3189 da
382 3139 503 3191 moribus
529 3141 679 3190 doctrinam
712 3145 821 3192 secutus
854 3145 945 3190 castae
973 3138 1174 3188 Socraticorum

73 3213 216 3281 disciptinae
237 3221 384 3282 volrrptatis
403 3222 535 3270 mucidam
557 3222 725 3284 aspersisset.
763 3221 840 3270 Adde
858 3220 992 3270 Theaetet.
1013 3231 1036 3281 p.
1054 3214 1109 3276 tot,
1129 3213 1174 3264 nbi

74 3294 174 3351 lerinam
192 3303 281 3364 tangit
299 3302 443 3364 Democriti
466 3301 564 3364 dogma
584 3303 761 3350 rnemorotum
782 3313 797 3349 a
815 3302 895 3350 Sexto
915 3299 1048 3363 Empirieo
1069 3297 1174 3346 advers.

73 3371 181 3431 liallrem.
202 3381 248 3432 lib.
268 3381 311 3431 Vll
333 3383 356 3446 g
374 3377 465 3444 1351).
484 3377 535 3431 399
553 3381 595 3431 ed.
610 3379 710 3430 fabric.
727 3377 800 3448 νόμῳ
819 3377 899 3448 γλυκὺ
918 3379 964 3429 καὶ
982 3375 1054 3446 νόμιμ
1071 3371 1174 3445 πικρόν,

74 3451 136 3524 tiraq
152 3458 263 3533 ψυχρόν,
282 3457 355 3530 νόμῳ
373 3459 463 3532 χροιὴ·
488 3459 544 3532 ἐτεῇ
573 3457 601 3512 tt
622 3457 707 3527 ἄτομα
728 3457 808 3527 μόνον
829 3459 874 3510 καὶ
893 3456 978 3511 κενόν.
1002 3454 1084 3526 ''Arrtp
1103 3452 1174 3522 nepl-

75 3527 133 3587 ittat
155 3539 201 3604 μὲν
228 3539 294 3592 εἶναι
321 3540 365 3592 καὶ
393 3539 527 3600 δοξάζεται
547 3539 581 3591 τὰ
598 3535 719 3608 αἰσθητά,
743 3537 794 3592 οὐκ
821 3538 873 3591 ἔστι
900 3538 927 3590 δὲ
949 3538 1017 3590 κατὰ
1043 3531 1172 3604 ἀληθηῑνμι

74 3619 156 3666 τοῦτο·
174 3617 241 3671 titt
258 3619 291 3671 τὰ
312 3620 397 3688 ἄτομοι
417 3618 496 3688 μόνον
517 3617 664 3672 saltantis.
699 3621 730 3672 Et
749 3623 828 3684 paulo
846 3625 908 3687 post
924 3619 1002 3692 ἡμέες
1023 3615 1050 3669 dl
1068 3619 1105 3684 τῷ
1126 3614 1173 3681 μὲν

75 3689 132 3746 ἐόντι
150 3697 224 3752 οὐδὲν
248 3700 355 3771 ἀτρεκὲς
376 3699 509 3769 ξυνίεμεν,
535 3705 692 3769 pransisset
721 3699 748 3752 δὲ
769 3702 835 3752 rard
860 3717 888 3753 τε
906 3701 1027 3770 σώματος
1047 3693 1173 3766 drailqipr,

75 3775 112 3824 tei
128 3783 177 3828 τῶν
195 3780 359 3833 ἐπεισιόντων
379 3783 424 3832 nai
443 3787 496 3834 τῶν
522 3779 761 3852 ἀντιοτηριζόντιιν.
797 3783 940 3834 Praeterea
957 3783 1013 3832 lieri
1030 3782 1127 3843 potest,
1145 3781 1175 3828 ut

76 3853 97 3904 in
118 3861 220 3924 Cratyto
245 3863 370 3912 nonnullo
398 3875 413 3910 a
438 3862 590 3915 Denrocrito
621 3864 655 3915 dc
682 3863 832 3927 linguarum
857 3867 953 3914 natura
979 3865 1007 3914 et
1034 3861 1068 3912 da
1092 3858 1174 3910 rebus

76 3945 243 3994 grammaticis
262 3943 334 3992 dictu
356 3944 510 3994 traduxerit

137 4031 173 4094 ²²)
192 4035 230 4085 (ΣΙ.
252 4033 319 4096 Dieg
344 4035 429 4084 laert
450 4033 493 4086 lib.
515 4035 544 4094 ll,
563 4029 586 4082 D.

137 4122 175 4186 ²³)
197 4125 239 4176 lib.
251 4117 326 4174 'adn
347 4125 431 4174 Celet.
451 4139 511 4190 pag.
532 4122 598 4174 1108
617 4125 643 4175 E.
662 4126 762 4186 (rolli
788 4140 847 4190 pag.
864 4121 915 4175 5⁶0
933 4122 974 4174 ed.
992 4121 1085 4186 Doisit)
1122 4113 1176 4172 Καὶ

77 4195 147 4250 nolim
165 4203 259 4275 χρόνον
278 4200 355 4260 αὐτὸς
378 4201 468 4254 ἑαυτὸν
489 4203 626 4275 ἀνηγόρευε
644 4197 830 4276 Δημοκρίτειον
849 4203 862 4256 t
878 4199 1041 4272 Ἐπίκουρος.

138 4294 175 4358 Η)
192 4297 264 4361 utcg.
287 4299 371 4350 Lacrt.
392 4297 422 4359 x,
441 4295 459 4347 8
479 4301 578 4360 narrat,
601 4299 785 4351 Democritum
810 4297 844 4352 ub
862 4298 987 4364 Epicuro,
1010 4295 1056 4362 qni
1081 4293 1176 4344 Plato-
