2984 4876
308 297 394 354 Liber
406 295 455 356 lli.
490 297 640 354 Democriti
659 313 769 370 operum
790 298 950 371 deponente.
1123 301 1184 367 191

160 463 229 528 173.
271 459 462 546 Δημόκριτος
476 461 549 526 ἰδών
568 481 635 526 τινα
646 461 821 548 προχείρως
831 465 906 526 πᾶσι
920 463 1123 550 χαριζόμενον
1133 467 1186 532 καὶ

77 569 280 641 ἀνεξετάστως
299 567 560 654 ὑπηρετοόρενον·
574 574 686 650 κακῶς,
702 569 795 651 εἶπεν,
807 570 949 652 ἀπόλοιο,
962 571 1008 635 ότι
1022 573 1076 642 τὰς
1089 571 1183 661 Χοίρι-

75 701 137 755 τσς,
156 673 331 761 παρθένους
351 674 457 754 οὔσας,
476 675 592 762 πόρνας
613 676 770 762 ἐποίησας.
810 679 922 744 Autem
935 682 1054 747 otMax.
1069 703 1099 763 p.
1112 687 1184 750 277.

159 787 228 850 171.
271 781 324 869 Μὴ
347 783 491 862 ὕποπτος,
512 785 589 870 πρὸς
608 785 759 868 ἅπαντας,
781 784 853 852 ἀλλ’
877 785 1012 873 εὐλαβὴς
1031 789 1113 874 γόνου
1133 792 1185 855 καὶ

74 893 226 979 ἀσφαλής.
265 895 437 958 Demoorst
467 893 562 958 Orell.
583 914 614 957 n.
632 896 683 958 57.

273 1045 335 1123 Περὶ
355 1053 494 1121 γυναικῶν,
513 1047 550 1102 ότι
566 1049 624 1121 περὶ
640 1049 726 1121 γόρσυ
743 1050 789 1104 καὶ
808 1047 981 1112 sationarius.

159 1165 227 1230 175.
271 1161 352 1250 Γυνὴ
376 1163 479 1230 πολλὰ
499 1165 610 1251 ἀνδρὸς
632 1165 757 1254 όξυτέρη
777 1168 854 1254 πρὸς
874 1167 1183 1254 κακορρσδμοσόνην.

73 1275 159 1339 Stob.
178 1275 261 1338 Flor.
282 1275 456 1354 LXXXIII,
479 1277 529 1339 52.

159 1383 228 1447 176.
271 1379 398 1465 Κόσρος
423 1381 605 1466 όλιγορυόόη
634 1381 769 1466 γυναικί·
803 1383 898 1446 καλόν
928 1383 963 1447 δὲ
989 1384 1040 1448 καὶ
1066 1383 1184 1470 κόσμου

73 1488 200 1572 λιτότης.
243 1491 329 1554 Stob.
347 1491 431 1554 Flor.
450 1491 596 1568 LXXIV,
618 1492 669 1554 38.

160 1599 228 1661 177.
273 1596 354 1682 Γυνὴ
390 1597 431 1682 μὴ
467 1595 604 1661 daretem
631 1595 737 1680 λόγου·
775 1597 873 1662 δεινὸν
901 1598 970 1682 γάρ.
1012 1602 1185 1666 Denroorat

73 1703 167 1768 Oreii.
189 1725 218 1768 n.
241 1708 292 1770 77.

158 1813 228 1878 178.
271 1813 462 1900 Δημόκριτος
488 1814 681 1901 θεασάμενός
708 1837 775 1879 τινα
802 1814 903 1880 πολλὰ
926 1814 992 1901 ρέν,
1015 1817 1186 1884 ἀπαίδευτα

74 1921 110 1984 δὲ
138 1919 375 2007 διαλεγόμενον,
408 1920 524 2002 Οὗτος,
554 1923 628 2010 ἔφη,
660 1921 696 1988 οὐ
725 1923 824 2008 λέγειν
853 1947 906 2008 μοι
934 1924 1023 1989 δοκεῖ
1047 1926 1186 2006 δυνατός,

72 2027 155 2092 ἀλλὰ
177 2033 293 2114 eomedit
315 2029 474 2102 ἀδύνατος.
514 2033 618 2098 Anton
640 2039 670 2095 et
691 2033 771 2098 Mox.
793 2054 824 2114 p.
850 2035 921 2096 388.

160 2139 229 2202 179.
265 2135 344 2202 Ὑπὸ
369 2140 509 2223 γυναικὸς
529 2139 691 2228 ἄρχεσθαι,
714 2139 799 2227 όβρις
822 2138 872 2203 καὶ
892 2138 1038 2227 ἀνανδρόη
1060 2139 1185 2228 ἐσχάτη.

72 2249 246 2310 Demoerot
269 2246 364 2310 Orell.
386 2267 415 2310 n.
436 2249 487 2312 78.

162 2569 231 2634 173.
275 2569 469 2634 Democritus
483 2589 576 2655 quum
587 2569 703 2634 videret
712 2573 861 2655 quendam
874 2571 1058 2657 quibuslibet
1068 2579 1188 2656 promte

72 2678 252 2760 largientem
270 2685 301 2742 et
323 2685 436 2742 temere
455 2679 711 2759 suppeditantem:
740 2681 827 2761 molo,
848 2681 954 2766 inquit,
977 2699 1095 2763 perses,
1117 2680 1189 2767 quia

73 2787 195 2852 Gratias
220 2787 360 2868 virgines,
381 2787 556 2850 meretrices
579 2788 711 2852 effecisti.

162 2895 231 2958 171.
274 2895 323 2957 Ne
344 2895 375 2957 in
389 2902 518 2960 cunctos
533 2895 730 2978 suspiciosus,
742 2897 797 2960 sed
807 2897 954 2979 providus
966 2903 997 2959 et
1014 2903 1120 2960 cautus
1136 2894 1187 2960 sis.

135 3053 175 3106 De
192 3051 358 3118 mulieribus,
378 3057 520 3118 praetereo
540 3053 575 3105 do
592 3053 762 3104 matrimonio
784 3056 812 3104 et
836 3051 926 3105 liberis
945 3053 1128 3118 procreandis.

162 3167 232 3232 175.
274 3169 386 3232 Mulier
402 3167 498 3232 multo
520 3173 568 3230 est
589 3168 741 3248 promtior
762 3189 851 3252 quom
872 3169 920 3230 vir
941 3167 979 3230 ad
998 3167 1136 3230 astutiam
1159 3173 1191 3232 et

70 3277 296 3360 malignitatem.

159 3384 232 3448 176.
273 3384 387 3447 Porcus
420 3402 521 3448 sermo
551 3382 709 3447 mulierem
744 3387 850 3460 ornat,
879 3387 910 3446 et
939 3380 1036 3463 ipsius
1066 3389 1190 3447 ornatus

69 3492 206 3574 parcitas
229 3491 258 3554 ei
280 3491 394 3556 decoro
415 3497 468 3555 est
590 3529 595 3540 ·
1130 3481 1137 3496 ”

161 3600 233 3663 177.
274 3599 385 3663 Mulier
416 3599 537 3664 dicendi
565 3597 739 3663 taculmem
771 3618 810 3663 na
839 3605 991 3674 exercete
1029 3618 1080 3662 res
1110 3598 1190 3661 enim

67 3707 250 3791 periculoso
266 3711 322 3770 est.

162 3815 234 3879 178.
277 3816 472 3879 Democritus
501 3834 594 3898 quum
626 3813 885 3878 animadvertisset
918 3812 1068 3898 quendam
1098 3809 1192 3876 multa

69 3921 215 4003 imperite
237 3921 447 4004 disputantem,
468 3923 535 4002 iiio,
554 3923 660 4006 inquit,
688 3941 753 3986 non
776 3923 895 3987 dicendi
915 3923 1031 4006 peritus
1055 3919 1128 3982 mihi
1147 3918 1191 3982 vi·

69 4031 174 4108 detur,
195 4029 252 4093 sed
272 4032 395 4096 omnino
415 4031 536 4094 tacendi
557 4030 723 4111 imperitus.

163 4140 237 4202 179.
278 4139 415 4204 Mulieris
447 4139 575 4224 imperio
604 4157 713 4224 perere
741 4137 923 4204 contumelio
950 4145 981 4203 et
1006 4136 1123 4218 ignavia
1143 4154 1195 4199 ex·

68 4255 170 4311 trema
190 4255 245 4312 est
