2932 4862
362 359 446 414 Liber
465 359 512 418 ll'.
550 360 592 415 lle
610 361 763 416 lle-ceriti
781 360 899 431 placitis.
1123 363 1186 426 407

79 527 212 590 ciendam
238 525 412 608 philosophi
436 527 532 588 nostri
560 526 598 588 dc
624 527 684 588 hoc
711 533 889 606 argumento
917 529 1093 591 sententiam
1122 551 1182 594 non

79 637 191 698 scilicit.

158 745 193 806 Ut
214 761 233 804 a
253 741 432 804 Democrito
454 741 626 822 promiscue
655 741 796 803 dicuntur
823 740 922 802 areima
943 749 1032 824 atque
1054 765 1137 808 ureris
1153 755 1183 808 ct

77 871 152 931 quac
175 851 332 932 utriusque
358 849 484 929 propria
512 855 582 912 saint
613 849 726 912 sentire
754 855 785 910 et
811 847 1046 928 cogimre'²⁸):
1079 853 1119 913 ita
1145 874 1181 914 es

77 960 139 1036 ejus
159 958 289 1020 decretis
311 959 518 1038 cujuscunque
544 958 587 1018 rei
616 976 723 1018 sensus
742 962 774 1017 et
794 955 939 1036 cogitatio
961 958 1068 1020 eodem
1090 962 1181 1022 modo

77 1066 213 1131 nascitur.
257 1066 336 1128 Nam
357 1061 575 1146 cogitare'²⁹)
596 1083 654 1125 nos
678 1064 763 1126 tinxit
791 1063 970 1144 imaginibus
998 1067 1074 1128 loris
1093 1067 1182 1128 adve-

75 1173 220 1236 nientibus
240 1181 329 1255 atque
358 1173 388 1234 in
416 1172 542 1233 animam
572 1171 801 1234 incurrentibus.
851 1173 896 1234 Ex
924 1173 1031 1236 iisdem
1049 1177 1181 1256 imagini-

75 1281 130 1342 bus
150 1282 215 1344 sive
237 1280 407 1342 simulacris
435 1279 623 1342 sonmiorum
642 1279 789 1357 originem
810 1281 1004 1359 repetendam
1026 1303 1093 1344 esse
1116 1283 1181 1362 opi-

74 1395 158 1452 natus
180 1387 319 1468 est'³⁰).
370 1387 525 1468 Siquidem
552 1386 579 1446 ci
610 1405 787 1465 persuasum
808 1393 872 1449 erat
893 1389 1036 1469 imagines
1059 1410 1114 1470 per
1137 1392 1182 1450 lo-

73 1499 185 1558 ramina
205 1497 233 1559 in
256 1515 389 1576 corpora
411 1495 611 1575 irrumpentes
633 1493 693 1555 alte
715 1499 874 1572 penetrare
897 1503 927 1558 et
948 1519 1039 1577 quum
1062 1518 1180 1560 sursum

72 1606 239 1682 terrentur,
267 1605 375 1680 iacere,
401 1609 435 1666 ut
464 1602 495 1662 in
524 1619 632 1662 somno
662 1608 844 1680 apparerent
868 1605 939 1666 visa
991 1608 1052 1666 llas
1082 1613 1182 1666 aretem

72 1711 216 1794 imagines
239 1713 369 1794 undique
389 1712 498 1786 venire,
517 1711 746 1790 proficiscentes
767 1729 785 1770 a
806 1712 1002 1790 supellectile,
1025 1712 1183 1772 vestimen-

74 1820 118 1894 tis,
139 1819 258 1900 plantis,
280 1821 408 1882 unanime
436 1837 510 1880 vero
533 1819 571 1880 ab
588 1816 765 1879 animalibus
787 1817 828 1878 ob
844 1819 1038 1895 jactationem
1060 1820 1183 1880 inultam

73 1937 102 1988 et
122 1930 264 1992 calorem.
308 1929 405 1990 Porro
428 1947 479 1988 eas
497 1945 558 1988 non
584 1926 676 1987 niodo
697 1944 803 2004 gerere
823 1946 982 2005 expressas
1003 1935 1033 1989 et
1054 1927 1181 1988 formam

74 2038 236 2099 relerentes
258 2056 422 2116 corporum
442 2033 660 2109 similitudines,
684 2034 737 2093 sed
760 2039 790 2093 et
809 2041 944 2095 mottmm
963 2035 1063 2110 animi,
1083 2035 1182 2096 consi-

72 2142 191 2222 liorum,
214 2163 331 2206 morum
359 2150 389 2204 et
416 2139 611 2202 affectionum
640 2141 772 2218 speciem
802 2161 905 2200 secum
934 2143 1085 2202 trahentes
1106 2143 1184 2202 acci-

73 2251 143 2312 dere
162 2253 201 2312 ad
223 2251 353 2310 animum
374 2249 466 2309 veluti
489 2247 633 2308 animatas
662 2253 692 2307 et
716 2247 886 2326 significare
909 2267 1014 2310 eorum
1034 2269 1052 2308 a
1074 2249 1183 2329 quibus

72 2363 172 2417 cessent
202 2355 342 2429 emissae,
368 2353 544 2432 opiniones,
566 2354 778 2432 cogitationes,
805 2362 947 2431 coriatus,
976 2357 1001 2416 si
1024 2355 1180 2416 articulata

71 2465 234 2524 atterentes
257 2467 288 2522 et
319 2461 477 2522 inconfusa
507 2460 667 2522 siumlaera
695 2470 898 2524 occurrerent.
942 2465 976 2525 ld
1000 2469 1099 2524 autem
1123 2483 1182 2523 ma·

72 2571 150 2632 sitne
173 2570 247 2646 lieri,
273 2569 394 2651 qnando
425 2587 480 2646 per
505 2571 605 2628 adrem
627 2567 740 2630 laevem
763 2577 846 2632 motu
870 2572 1019 2632 terrentur
1040 2573 1182 2650 expedito

72 2689 101 2740 et
131 2679 232 2741 celeri.
281 2675 493 2738 lirrttmmalem
526 2693 600 2734 vero
630 2679 742 2752 adrem,
769 2679 890 2760 quaudo
912 2677 984 2738 lolia
1005 2679 1181 2752 detinerent,

72 2787 235 2848 admodum
255 2806 323 2846 esse
349 2781 535 2866 inaequalem
557 2789 587 2844 et
613 2803 753 2861 asperum
783 2787 912 2867 ideoque
935 2787 1078 2866 imagines
1101 2787 1182 2846 varie

72 2893 261 2977 distorquere
291 2899 322 2952 et
344 2892 509 2970 depravare
532 2910 695 2971 earumque
727 2894 893 2955 claritatem
922 2901 1020 2956 tractus
1043 2894 1180 2955 tarditate

74 2999 279 3074 obsmtrolam,
308 2999 462 3060 etarridam
491 2998 618 3058 reddere
647 3007 676 3059 ct
705 3001 901 3064 imbecillam:
934 3009 1040 3063 contra
1068 3021 1180 3082 quace

74 3107 260 3182 turgentibus
289 3113 320 3168 et
346 3107 450 3166 calidis
479 3105 634 3167 assilirent
656 3108 827 3188 trequentes
854 3119 884 3172 ct
908 3111 1036 3186 teloceS,
1062 3111 1113 3170 lms
1137 3128 1180 3170 re-

73 3213 171 3274 centia
190 3221 221 3276 et
241 3215 438 3295 significantia
455 3235 554 3276 rerum
575 3215 683 3274 iudicia
708 3217 797 3276 ouem
813 3215 819 3244 ¹
835 3219 892 3296 ³¹).

74 3363 272 3378 b—*ffl

146 3467 200 3532 Η“)
220 3470 277 3521 Vid.
302 3485 385 3534 supra
405 3471 493 3520 adnot.
517 3468 565 3522 ¹⁰3
585 3477 611 3521 et
636 3469 689 3520 tut.

145 3557 205 3624 11’)
224 3563 277 3612 Cic.
293 3563 328 3613 do
350 3563 392 3614 lin.
414 3565 432 3624 l,
449 3559 473 3612 6.
513 3565 683 3626 l'seudoplut.
704 3563 738 3612 dc
757 3563 822 3624 plac.
841 3561 900 3624 plat.
924 3563 964 3622 ll',
982 3563 1006 3611 rt.
1041 3563 1182 3614 liniendo

74 3635 147 3688 elem.
166 3655 221 3695 sec,
242 3645 318 3707 ilipp.
339 3657 361 3693 o.
375 3639 417 3694 ld.

146 3731 199 3796 ¹³⁰)
220 3735 391 3798 l'scudoplut.
419 3735 453 3784 de
472 3736 537 3798 plac.
560 3735 619 3796 plril
641 3733 671 3792 t,
692 3733 724 3782 d:
756 3727 917 3800 Δημόκριτος
938 3732 997 3790 τοὺς
1015 3733 1128 3802 ὀνείρους
1148 3733 1182 3802 ql·

76 3804 162 3860 stodor
181 3813 249 3866 racd
267 3813 313 3872 tic
329 3819 382 3864 τῶν
401 3811 519 3865 εἰδώλων
537 3813 707 3882 παραστάσεις
727 3811 906 3882 (ἀπεφήνατο).

147 3902 201 3968 Ι“““)
220 3907 351 3958 l’lutarclr.
371 3919 491 3970 sympos.
514 3907 577 3964 vill,
600 3905 637 3964 iil,
659 3920 682 3968 p.
700 3903 764 3954 733:
794 3902 807 3954 ὁ
829 3899 990 3976 Δημόκριτός
1012 3921 1089 3974 φησιν
1111 3903 1184 3970 ἐγκα-

75 3975 265 4044 radteaooatm
288 3985 321 4037 τὰ
345 3983 441 4036 titula
467 3983 508 4036 aa
533 3991 585 4036 τῶν
612 3983 701 4055 πόρων
726 3985 760 4042 τίς
783 3983 815 4034 τὰ
842 3984 952 4051 σώματα
978 3987 1022 4036 ταὶ
1040 3987 1120 4035 ποιεῖν
1139 3981 1185 4040 τὰς

76 4057 140 4108 κατὰ
172 4063 216 4116 τὸν
247 4065 327 4120 ὕπνον
357 4063 430 4135 ὄψεις
460 4063 686 4136 ἐπαναφερόμενα
723 4067 815 4136 poterin
846 4063 873 4116 tt
906 4071 987 4117 ταῦτα
1021 4059 1184 4135 πανταχόθεν

77 4131 182 4194 ἀπιόντα
200 4149 244 4199 sai
263 4153 364 4200 σαιυιῑιν
385 4149 429 4198 rai
448 4145 556 4215 ἱματίων
585 4146 629 4196 καὶ
647 4151 745 4216 φυτῶν,
766 4144 875 4212 μάλιστα
894 4143 921 4197 dl
940 4147 1017 4206 ζώων
1036 4143 1085 4196 irad
1105 4141 1186 4194 calloo

78 4213 174 4272 πολλοῦ
194 4227 239 4280 καὶ
261 4225 428 4298 llappdrqroe,
453 4227 484 4280 oi»
509 4224 589 4296 μόνον
610 4225 704 4298 ἔχοντα
722 4226 885 4296 μορφοειδεῖς
905 4231 952 4278 τοῦ
972 4227 1092 4294 σώματος
1112 4225 1186 4292 ἐκμε-

79 4300 209 4366 μαῖμὲνας
238 4305 402 4377 ὁμοιότητας,
422 4335 490 4346 -
517 4305 583 4358 ἀλλὰ
610 4307 655 4358 zai
682 4311 734 4358 τῶν
763 4307 830 4358 κατὰ
856 4308 943 4380 ψυχὴν
969 4307 1120 4376 κινημάτων
1145 4303 1189 4356 καὶ
