2932 4862
375 319 460 378 Liber
476 319 523 380 tv.
560 321 603 376 De
623 320 774 377 Democriti
791 321 908 393 placitis.
1130 321 1193 387 381

82 493 145 554 Sed
176 497 210 555 ut
232 492 339 571 ingens
365 509 468 551 remim
497 489 656 552 multitudo
686 507 722 551 ac
751 489 880 552 varinas
902 509 940 552 ex
961 491 1084 554 materia
1106 492 1196 554 nnius

82 607 209 660 naturae
228 603 413 674 nasceretur,
447 597 625 659 Democrito
652 596 780 676 placuit,
803 599 880 660 banc
901 600 1054 661 materiam
1076 599 1196 660 differre

84 708 184 769 lorma
196 706 335 790 (ρυσμιρῖ)
358 706 464 769 ordine
477 703 629 788 (διαθιγῇ)
644 713 675 767 et
694 704 754 766 situ
768 706 904 788 (τροπῇ),
922 707 1008 768 verbi
1016 725 1106 769 cause
1120 707 1146 768 si
1167 704 1195 768 A

85 815 220 876 dicamus
248 816 345 875 lorma
372 813 496 874 dilierre
515 832 533 875 a
555 807 602 890 N,
633 808 688 875 AN
711 812 819 877 ordine
841 813 1014 896 discrepare
1037 835 1055 875 a
1080 811 1147 891 NA,
1170 811 1194 876 Z

85 921 145 985 sitn
164 922 315 983 divorsum
338 941 405 983 esse
427 941 445 983 υ
465 917 565 1000 N²³).

170 1029 282 1092 Tribus
305 1029 352 1090 hie
375 1027 516 1090 materiae
541 1027 763 1090 discriminibus
784 1027 860 1090 aliae
881 1027 1022 1091 videntur
1043 1029 1196 1107 subjectae

85 1139 178 1202 luisse
209 1137 406 1212 differentiae,
438 1155 530 1219 quum
565 1136 735 1216 figurarum,
767 1155 842 1218 quas
872 1135 902 1197 in
931 1135 1039 1198 atomis
1074 1137 1197 1200 nolebat

86 1245 297 1321 Democritus,
332 1245 476 1306 infinitam
507 1243 656 1324 quendam
685 1243 747 1304 vim
777 1253 807 1304 et
836 1243 954 1324 copiam
985 1245 1197 1324 excogitasset,

86 1371 163 1434 quae
192 1358 224 1414 et
250 1371 393 1415 sensuum
426 1351 636 1414 allectionibus
667 1353 823 1414 sulliceret
849 1362 938 1434 atque
978 1353 1017 1415 nd
1047 1351 1198 1432 explican-

87 1461 154 1520 dam
178 1459 390 1540 sempiternum
414 1481 514 1523 renim
542 1479 692 1542 nunqnam
723 1479 780 1522 suo
799 1467 877 1522 statu
902 1461 1082 1522 manentium
1102 1465 1197 1522 certa-

87 1587 147 1649 que
170 1568 312 1649 qualitate
334 1569 499 1630 carentium
521 1566 571 1628 vol
592 1569 814 1647 generationem
834 1568 884 1629 vel
904 1568 1097 1630 mutationem
1118 1571 1199 1628 esset

87 1674 386 1755 accommodata'⁴).
439 1677 598 1737 Praeterea
622 1677 746 1756 pondus
770 1675 962 1756 corpuscrdis
989 1675 1147 1736 individuis
1180 1693 1198 1734 a

88 1783 265 1845 Democrito
293 1783 457 1863 ascriptum
484 1802 550 1845 esse
571 1783 698 1866 colligas
719 1785 790 1846 licet
813 1803 850 1846 ex
872 1781 999 1846 Aristot.
1023 1781 1060 1844 de
1080 1801 1148 1862 gen.
1168 1789 1198 1843 et

87 1893 240 1968 tutte:
272 1889 371 1952 καίτοι
401 1889 568 1974 βαρύτερόν
599 1913 634 1973 γε
660 1889 737 1954 κατὰ
758 1889 811 1973 τὴν
832 1889 987 1974 ὑπεροχήν
1009 1886 1198 1974 pusterlam

87 1997 277 2082 Δημόκριτος
298 1997 424 2061 ἕκαστον
445 2003 505 2060 τῶν
528 1995 783 2080 ἀδιαιρέτων”).

172 2107 353 2170 Atomorum
372 2113 473 2170 motus
496 2106 609 2186 duplex
631 2112 685 2182 cst,
705 2107 781 2169 alter
802 2107 840 2168 nd
860 2104 1015 2166 universas
1034 2103 1198 2183 pertinens,

88 2234 178 2297 quem
200 2214 399 2278 universalem
416 2215 507 2278 liceat
526 2214 724 2290 nominemus,
743 2210 876 2274 altered
896 2211 1029 2292 singulas
1049 2219 1199 2292 spectans,

89 2447 119 2500 τὸ
135 2449 253 2520 πάσχον·
274 2445 305 2500 ob
326 2447 374 2520 γάρ
394 2448 518 2521 improprie
546 2445 578 2498 τά
604 2445 678 2518 Ιτερα
696 2445 742 2498 τισὶ
760 2443 914 2516 θιαρόροντσ
931 2444 1038 2517 πάσχειν
1056 2441 1100 2496 ὑπ’
1121 2441 1199 2514 ἀλλή-

90 2529 156 2587 λων.
173 2527 239 2580 titt
254 2527 304 2580 κᾶν
323 2528 396 2601 ἕτερα
415 2527 477 2580 ὄντα
497 2531 556 2601 ποιῇ
576 2545 600 2580 τι
620 2527 657 2586 tic
674 2525 786 2596 munte,
804 2521 882 2600 οθχῇ
899 2525 972 2598 θτερσ
990 2521 1049 2578 ἀλλ’
1068 2520 1085 2597 ᾗ
1105 2519 1199 2575 τσθτόν

89 2629 113 2662 τι
134 2609 251 2682 ὑπάρχει,
270 2607 350 2682 ταύτῃ
371 2615 448 2662 τοῦτο
467 2609 614 2679 συμβαίνειν
631 2608 729 2667 αὐτοῖς.

162 2703 203 2764 ⁸³]
223 2704 329 2754 Aristot.
349 2704 465 2768 metaph.
485 2703 528 2754 lib.
547 2704 565 2763 l,
584 2714 635 2766 cap
658 2699 689 2752 d:
713 2695 808 2756 τσθτας
826 2697 913 2765 μόντοι
933 2699 1001 2767 τρεῖς
1018 2693 1082 2747 εἶναι
1097 2693 1199 2766 λέγουσι

93 2782 182 2854 σχῆμά
203 2798 231 2833 τε
251 2782 296 2833 τισὶ
312 2781 383 2843 τάξιν
402 2783 447 2834 τισὶ
466 2777 552 2832 θέσιν·
574 2779 702 2852 θισρόρειν
721 2779 768 2850 γάρ
790 2794 851 2848 φασι
870 2774 900 2827 τό
920 2771 949 2826 όν
969 2773 1059 2846 ῥυσμῷ
1085 2776 1130 2828 xnl
1147 2775 1200 2828 θισ·

91 2861 150 2936 idi
172 2863 218 2914 τιυὶ
234 2865 315 2935 τροπῇ
336 2862 426 2930 μόνον.
457 2859 565 2915 Τοότων
585 2861 612 2914 dl
634 2859 648 2912 d
667 2859 714 2930 μάν
733 2856 828 2930 ῥυσμὸς
846 2856 936 2929 σχῆμά
954 2854 1035 2908 ἐστιν·
1062 2855 1078 2928 t,
1099 2855 1127 2908 bl
1148 2856 1200 2909 θια-

90 2941 161 3014 θιχή,
180 2941 265 3003 τάξις·
284 2941 300 3013 ’l
319 2940 347 2994 bl
364 2943 455 3015 τροπή,
474 2939 553 3002 θέσις.
592 2939 712 3013 Διαράριι
738 2939 785 3011 γὰρ
811 2937 840 2990 rd
862 2938 909 3006 pir
927 2933 951 2990 A
968 2940 1015 2988 rob
1036 2931 1059 2988 Ν
1079 2937 1202 3008 σχήματι,

90 3023 121 3078 τό
135 3022 162 3076 bi
177 3018 223 3076 AN
243 3026 290 3075 τοῦ
305 3021 354 3080 NA
370 3025 450 3089 τάξει,
460 3021 490 3074 τό
509 3020 537 3075 tt
554 3019 636 3078 Ζτοῡ
651 3017 674 3074 Ν
691 3017 771 3072 θέσει.
795 3021 869 3072 ldcm
880 3019 957 3083 Phys.
969 3016 1020 3081 to,
1031 3033 1091 3082 ung.
1103 3015 1201 3069 tason.

90 3111 208 3164 uerter:
226 3103 361 3166 dicitnr
377 3104 432 3160 ἅνω
450 3107 534 3174 κάτω,
553 3105 664 3183 πρόσθεν
685 3101 799 3172 ὄπισθεν,
821 3104 1000 3176 σχήματος
1021 3101 1111 3171 γωνία,
1129 3097 1202 3167 ebibi,

90 3190 234 3264 περιφοράς.

164 3285 203 3346 ’⁴1
223 3283 329 3334 Ariatot
348 3281 382 3334 de
398 3295 457 3345 gen.
479 3283 507 3333 et
522 3283 568 3334 lot.
587 3283 605 3342 l,
621 3278 652 3330 t:
674 3277 728 3331 ἐπεὶ
745 3275 770 3329 b’
795 3269 878 3347 ᾤοντο
897 3270 921 3325 τ’
933 3268 1029 3342 atum:
1048 3270 1075 3324 tv
1093 3273 1130 3341 τῷ
1145 3270 1202 3342 φοί·

90 3358 188 3424 νισθσι,
211 3360 312 3414 θνσντόσ
329 3357 357 3412 dl
376 3361 421 3414 aad
438 3359 529 3434 airzipa
546 3360 578 3413 ri
599 3356 749 3432 φαινόμενοι,
769 3356 802 3409 τά
822 3355 942 3428 σχήματα
961 3353 1052 3424 άπιιρσ
1071 3351 1203 3420 inclutae.

91 3445 210 3510 stmptic.
228 3443 262 3494 ad
279 3443 356 3494 Arist
379 3442 457 3507 Phys.
477 3442 518 3493 iol.
537 3441 568 3494 7:
588 3441 701 3494 καὶτῶν
722 3438 749 3492 lv
769 3443 823 3495 τοῖς
846 3433 951 3503 ἀτόμοις
971 3431 1114 3506 σχημάτων
1134 3431 1203 3484 ἄπει·
1223 3441 1225 3446 ·

91 3543 138 3598 ρον
161 3521 191 3575 τό
208 3515 307 3590 πλῆθός
328 3537 390 3591 φασι
409 3518 451 3574 θεὰ
470 3519 499 3572 τὸ
517 3521 598 3592 μηδὲν
619 3519 719 3590 μᾶλλον
737 3521 855 3572 τοιοῦτον
874 3513 891 3587 ἡ
909 3517 1028 3566 τοιοῦτον
1050 3511 1127 3563 εἶναι·
1143 3509 1203 3563 rab-

90 3623 140 3675 την
158 3605 202 3656 aal
219 3601 315 3673 γάνεσιν
330 3601 375 3653 καὶ
393 3600 540 3673 μεταβολὴν
561 3600 723 3654 ἀδιάλειπτον
744 3599 842 3666 irruit.
862 3593 919 3648 οἶισι
938 3588 1108 3666 θεωροῦντες.
1138 3594 1204 3644 Plu-

92 3687 178 3738 tarcb.
199 3684 259 3735 adv.
279 3683 362 3734 Colot.
381 3697 407 3747 p.
429 3679 496 3734 ttott
514 3686 598 3744 (Tum.
614 3685 643 3746 ll,
660 3699 686 3748 p.
704 3679 754 3734 561
775 3681 817 3734 ed
835 3677 943 3738 lieislcl:
964 3669 1108 3742 ἐγκαλεῖθ’
1130 3669 1202 3743 αὐτῷ

91 3768 206 3836 πρῶτον,
232 3759 271 3814 ότι
293 3765 346 3814 τῶν
369 3763 529 3832 πραγμάτων
550 3762 660 3817 laceror
677 3761 756 3816 εἰπὼν
777 3757 808 3812 ob
829 3753 929 3825 μάὶθιον
957 3757 1028 3805 τοῖον
1049 3751 1066 3822 ἡ
1083 3756 1153 3804 τοῖον
1170 3749 1204 3804 tl·

91 3861 136 3898 ναι
153 3841 296 3913 expalluere
310 3839 355 3894 τὸν
376 3841 441 3912 βίον.

165 3935 205 3997 ¹⁸)
224 3933 278 3986 Sed
293 3935 363 3986 banc
381 3949 437 3988 rem
457 3936 545 3986 minus
566 3934 637 3986 bene
655 3949 670 3986 e
690 3933 844 3986 Democrito
862 3929 1019 3980 illustratam
1040 3937 1101 3976 csse
1118 3937 1151 3975 ex
1172 3937 1205 3976 eo

92 4019 211 4068 tortasse
228 4017 325 4078 contin
348 4019 464 4080 oportet,
491 4015 563 4080 quod
591 4015 723 4067 nonnullis
749 4013 783 4064 ed
802 4012 889 4064 solttm
910 4009 1052 4072 Epicurum
1070 4006 1206 4068 pertinere

92 4101 154 4148 rtsa
170 4100 220 4158 est,
240 4109 273 4146 σο
290 4095 423 4148 stobaeus
443 4097 491 4148 ecl.
511 4095 587 4160 phys.
608 4109 633 4158 p.
654 4091 706 4145 ³48
725 4095 752 4144 et
770 4091 918 4145 Alexander
936 4085 1152 4150 Aphrodisleuaie
1170 4083 1205 4138 ad

91 4177 243 4230 Aristotelis
269 4171 399 4240 llatapb.'
409 4191 435 4240 p.
458 4173 491 4227 tt
520 4177 621 4228 diserte
653 4175 787 4238 produnt,
820 4165 1010 4224 insecabilibus
1044 4165 1205 4231 corporibus

91 4257 201 4322 pondus
218 4269 272 4308 non
292 4271 353 4308 esse
373 4271 389 4308 a
405 4257 557 4310 Democrito
572 4255 738 4310 attributum.
