2938 4864
293 233 297 246 ⁸
326 283 410 342 Liber
428 284 478 344 lll.
515 285 585 341 Ala.
606 284 641 340 ad
660 285 738 346 Dent.
754 299 798 358 cp.
818 287 915 361 lragn.
1115 287 1179 354 303

69 454 163 516 luisse
185 451 318 516 tabulam
345 453 427 516 illam
447 452 611 534 Aesopiam
643 451 681 514 de
703 473 777 516 rana
802 459 892 534 rupta
920 461 950 518 et
972 455 1059 531 bove,
1079 476 1178 540 quam,

69 563 141 624 licet
163 562 194 623 in
216 561 345 624 Graecis
374 561 503 642 amplius
531 543 594 622 uon
614 561 790 640 invenietur,
813 579 851 624 ex
872 563 1093 645 antiquioribus
1115 565 1179 627 eol·

68 669 250 733 lectionibus
270 669 394 750 petitam
415 668 643 750 elegantissimis
665 669 802 734 versibus
817 678 1023 752 exposuerunt
1036 673 1179 736 Horatius

68 779 94 838 ll
116 779 177 840 Sat.
198 777 246 854 111,
269 779 332 840 312
361 784 391 840 et
417 778 571 840 Phaedrus
593 776 644 841 lib.
666 779 680 840 l
702 777 760 841 lab.
779 779 899 842 XXlV.
943 781 1025 862 Quid
1046 781 1131 862 quod
1149 788 1179 842 et

68 885 143 950 alias
164 887 204 948 ad
223 885 342 968 Aesopi
360 885 521 967 Apologos
540 886 712 966 respexisse
723 885 931 951 Democritum
954 888 1178 953 observavimus

69 1013 164 1074 supra
180 994 220 1056 ed
247 1001 373 1058 sentent
399 992 466 1058 39”
498 993 552 1072 (ci.
573 995 677 1074 tregru.
699 996 764 1076 21).
808 995 890 1057 ldem
909 995 948 1057 ad
970 996 1180 1060 illustrandum

70 1103 254 1186 vocabulum
274 1099 545 1186 παρεκτεινόμενος
565 1102 687 1166 adhibet
707 1103 835 1166 Phaedri
856 1124 977 1168 versum
995 1105 1013 1166 l.
1026 1127 1052 1168 c.
1086 1107 1180 1188 Inops

71 1218 227 1291 potentem
253 1211 325 1274 dum
354 1209 421 1274 vult
446 1209 569 1287 imitari,
599 1212 686 1291 perit.
743 1213 816 1275 Non
851 1213 1076 1293 reprohaverim
1103 1215 1181 1276 hanc

72 1319 179 1382 Orellii
200 1321 415 1398 conjecturam.
456 1319 616 1382 Caeterum
636 1320 662 1380 si
682 1339 755 1382 vera
772 1320 819 1398 sit,
843 1322 919 1383 haec
941 1321 1087 1383 sententia
1107 1341 1180 1402 pro-

72 1428 139 1507 prie
161 1426 206 1489 sie
233 1425 289 1488 erit
314 1426 534 1490 convertenda:
561 1428 638 1506 „qui
654 1428 754 1508 picata
781 1431 967 1509 superiorem
994 1430 1180 1508 extenditur,

73 1533 244 1614 infamiam
266 1532 374 1598 mbit.”

160 1661 229 1723 191.
274 1658 372 1722 Φύσει
393 1661 573 1724 mutavimus
599 1659 629 1722 iu
650 1659 733 1738 φύσι.

160 1787 230 1850 199.
269 1785 353 1847 Idem
386 1787 608 1868 apophthegma
644 1787 822 1851 Democrito
856 1789 1020 1869 ascriptum
1054 1789 1185 1852 servavit

72 1895 226 1958 Stobaeus
248 1893 330 1958 Flor.
351 1893 450 1970 XLV,
473 1896 523 1956 27.
566 1895 741 1957 Lectioncm
767 1895 926 1980 χερείονος
956 1896 1068 1959 eGod.
1091 1895 1184 1961 Pelet.

72 2002 203 2065 restituit
229 2000 371 2066 Orellius.
414 1999 517 2082 Vulgo
548 2001 577 2064 iu
608 2003 764 2066 sententiis
790 2003 1131 2083 Pseudodemocraticis,
1152 2013 1186 2067 ut

72 2111 157 2192 apud
179 2109 354 2187 Stobaenm,
374 2108 532 2190 legebatur
552 2110 702 2194 χείρονας.

164 2238 232 2300 199.
276 2236 360 2298 ldem
381 2236 580 2315 fragmentum
602 2241 699 2298 exstat
729 2256 777 2316 ap.
800 2235 947 2298 Orellinm
970 2236 1048 2299 inter
1068 2245 1186 2302 senteu-
1258 2295 1263 2302 .

74 2346 133 2406 tias
155 2344 344 2416 Democratis
372 2363 483 2406 nomen
512 2343 542 2405 iu
569 2344 668 2406 iroute
698 2350 838 2424 gerentes
865 2363 895 2406 n.
917 2346 967 2421 40,
990 2345 1045 2406 sed
1065 2346 1104 2408 ad
1126 2345 1188 2408 cti-

76 2453 214 2514 tarclmm
234 2459 390 2514 auctorem
411 2453 542 2514 retertur
567 2473 615 2532 ap.
636 2452 756 2514 lllaxim.
781 2473 812 2532 p.
836 2454 906 2528 519,
927 2453 978 2516 ubi
1000 2453 1108 2515 lonico
1127 2454 1188 2516 lor

77 2581 126 2622 ma
146 2563 223 2622 τοῖσι
247 2565 427 2622 conservate
447 2567 502 2622 est
551 2560 715 2641 Reperitur
745 2559 835 2622 etiem
854 2559 933 2622 inter
953 2560 1098 2623 Clitarcbi
1119 2560 1188 2622 reli-

75 2667 162 2750 quias
183 2687 231 2748 ep.
262 2667 358 2732 Orell.
388 2687 494 2749 opusc.
516 2667 543 2728 ll
572 2687 601 2748 p.
626 2669 702 2742 206;
727 2668 766 2730 ad
794 2686 884 2750 quem
912 2667 1015 2730 locum
1043 2667 1143 2729 editor
1158 2687 1189 2748 p.

75 2777 137 2838 631
163 2781 264 2838 notet:
290 2775 437 2854 „Dativus
458 2775 586 2838 Jouicus
607 2777 702 2836 ταῖσιν
722 2775 802 2852 lacit,
818 2781 852 2837 ut
873 2776 1003 2854 credam,
1026 2777 1101 2838 hauc
1122 2796 1191 2838 sen-

76 2883 201 2948 tentiam
218 2884 376 2964 scriptoris
395 2882 505 2960 lonici,
533 2883 671 2947 fortassis
700 2882 878 2958 Democriti,
903 2902 981 2960 esse,
1000 2903 1063 2945 nou
1085 2882 1192 2947 Clitar·

75 2990 151 3054 cbi.'’
195 2992 228 3054 lu
260 3012 322 3074 quo
351 2991 461 3053 mirum
489 2997 535 3054 est
564 2973 646 3074 quod
674 2989 786 3053 oblitus
810 2990 930 3053 videtur
958 2989 1093 3055 Orellius
1114 3010 1192 3074 quae

75 3103 145 3182 ipse
166 3119 272 3180 opusc.
295 3100 357 3180 lp.
380 3101 443 3164 199
463 3100 501 3162 de
524 3099 633 3164 eodem
653 3099 822 3180 fragmento
845 3098 979 3161 dixisset.

166 3227 235 3288 191.
278 3226 413 3288 Eandem
440 3231 622 3288 structuram
646 3229 773 3304 usurpat
803 3224 997 3287 Democritus
1027 3243 1076 3304 ap.
1104 3223 1192 3288 Stob.

76 3333 164 3396 Flor.
184 3333 295 3410 XLIV,
316 3337 368 3396 17:
391 3331 525 3416 llaipceoc
547 3329 642 3413 μείζω
665 3327 774 3413 μοῖραν
795 3329 918 3413 μεθέξει
938 3337 968 3392 et
983 3332 1129 3396 llerodot.
1140 3333 1243 3410 1V,-.

78 3445 157 3506 145:
189 3443 299 3524 μοῖραν
327 3439 440 3523 τιμέων
468 3437 658 3524 μετέχοντες.
706 3438 838 3501 Additur
866 3437 955 3502 etiem
986 3437 1077 3522 μέρος
1097 3440 1193 3503 verbo

80 3552 218 3633 μετεῖναι
238 3550 277 3611 α1.
299 3548 405 3611 lleind.
426 3547 465 3609 ad
486 3547 559 3608 l’lat
575 3547 722 3625 Sopth
746 3551 776 3607 et
798 3545 836 3607 de
857 3545 948 3608 simili
968 3548 1194 3611 constructione

77 3656 243 3718 verborum
271 3654 515 3740 μεταλαμβάνειν
548 3659 579 3716 et
606 3651 803 3736 μεταδιδόναι
830 3654 983 3717 Schaeler.
1009 3655 1123 3718 hlcletl.
1151 3675 1194 3720 cr.

77 3785 111 3846 p.
133 3765 182 3826 νο.
204 3765 255 3827 ει.

170 3892 240 3952 197.
283 3887 469 3967 scripsimus
496 3883 682 3969 εὐεργετέειν
710 3907 768 3968 pro
801 3884 981 3970 εὐεργετεῖν.
1025 3886 1195 3949 Orellluse

79 3997 159 4059 Cod
185 3996 275 4058 Palat
298 3995 392 4057 edidit
421 3995 551 4078 πααχειν
573 3991 618 4056 εὖ.
670 3995 739 4056 Vid.
764 3994 801 4072 ej.
821 3993 889 4056 adn
910 4013 978 4074 pag.
1000 3997 1071 4057 519.
1112 3995 1195 4057 ldem

79 4105 283 4183 fragmentum
298 4102 449 4183 reperitur
469 4122 517 4182 ap.
539 4102 651 4165 Anton.
674 4107 705 4164 et
721 4103 800 4164 Max.
825 4122 855 4182 p.
872 4103 933 4164 159
953 4101 1093 4184 Epicteto
1114 4103 1196 4164 attri-

76 4213 196 4290 butum,
218 4211 274 4274 sed
294 4211 336 4274 ibi
356 4209 499 4274 scribitur
513 4207 549 4274 ch
568 4208 693 4274 δύναται
716 4207 762 4288 δέ,
783 4207 855 4272 ὅταν
873 4207 1036 4294 βούλονται
1054 4210 1194 4296 scirpeo.
