2892 4872
259 284 317 348 104
587 283 784 346 Quaestionum
801 281 1033 338 Democritaarnm

255 453 333 514 adeo
354 456 389 514 ut
415 451 539 515 moralia
561 449 704 531 physicis,
733 449 782 511 vel
809 449 1014 512 mathematica
1042 450 1173 530 musicis,
1203 451 1250 514 vel
1267 471 1353 531 gram

257 560 365 622 matioa
392 559 517 622 medicis
542 557 662 638 scriptis
686 557 896 638 adjungantur.
944 557 1036 640 Quod
1065 576 1190 622 necesse
1223 559 1354 634 estheri
1436 619 1437 642 ἶ

257 669 283 730 si
313 667 379 749 quis
409 667 565 730 titulorum
597 665 819 728 distinctionem
847 665 896 726 vel
926 685 945 727 a
971 665 1118 746 Diogenis
1146 665 1306 728 editoribus
1331 672 1356 726 et
1436 673 1437 676 ’

258 774 492 854 interpretibus,
520 773 569 836 vei
595 792 615 834 a
638 775 804 852 Magneno,
828 771 877 834 vel
904 773 1084 837 aFahrioio
1110 785 1141 836 et
1166 774 1299 836 llarlcsio
1320 772 1357 832 in
1436 767 1437 832 l

258 887 374 944 vectam
392 890 532 963 tanquam
553 899 688 942 normam
710 879 886 942 servandam
911 899 977 942 essa
998 882 1198 958 ratus,hocce
1216 881 1359 960 negotium

259 987 357 1052 obeat
406 989 485 1050 Num
511 1008 604 1071 quum
623 986 739 1067 'ingens
766 988 844 1049 inter
872 988 1005 1052 Platonis
1033 996 1064 1049 et
1091 987 1256 1051 Democriti
1275 1005 1359 1068 opera

258 1095 420 1158 discrimen
442 1097 472 1158 in
493 1114 531 1157 co
556 1103 702 1171 versetur,
725 1094 807 1177 quod
831 1115 935 1157 omnes
956 1097 1020 1158 iere
1037 1095 1171 1158 Platonis
1193 1095 1300 1174 dialogi
1318 1092 1359 1154 rel

259 1203 297 1264 ad
315 1211 522 1283 argumentum
549 1223 566 1264 e
591 1203 699 1265 morali
728 1202 921 1283 philosophia
940 1203 1074 1285 petitum,
1097 1201 1149 1266 vel
1179 1203 1218 1266 ad
1242 1208 1383 1276 contem-⁸

258 1310 400 1391 plandam
421 1317 572 1373 aeternam
592 1316 623 1372 et
632 1309 834 1372 beatissimam
845 1311 975 1374 numinis
990 1321 1139 1386 naturam,
1157 1310 1207 1372 vel
1226 1309 1264 1370 ad
1282 1306 1361 1370 animi

260 1417 382 1480 humaui
405 1417 666 1494 inmortalitatem,
687 1418 737 1479 vel
759 1418 797 1480 ad
817 1416 905 1479 aliam
931 1418 1103 1500 quampiam
1125 1407 1192 1480 rem
1212 1421 1360 1498 perennem

260 1531 290 1588 et
311 1525 524 1588 immutabilem
544 1527 724 1602 referuntur,
742 1525 911 1587 Democriti
932 1545 1006 1588 vero
1025 1525 1097 1588 libri
1115 1525 1313 1588 admirabilem
1332 1541 1361 1582 ac

260 1652 357 1714 prope
380 1633 523 1694 infinitam
545 1652 645 1695 rerum
665 1635 838 1696 varietatem
858 1633 1028 1710 ostendunt,
1046 1633 1193 1716 quoniam
1213 1633 1260 1694 hic
1278 1629 1361 1712 philo-

259 1741 374 1822 sophus
391 1759 447 1820 per
467 1747 563 1803 totum
585 1741 812 1822 disciplinarum
836 1762 913 1824 quae
936 1748 999 1804 hum
1023 1741 1150 1804 Graecis
1172 1747 1261 1805 notae
1289 1740 1361 1798 eraut

260 1849 366 1911 orbem
391 1847 487 1910 libere
515 1858 640 1930 vagatus
667 1837 833 1932 praeclare·
858 1850 978 1911 inventa
1004 1853 1035 1910 et
1067 1850 1239 1930 excogitata
1267 1841 1360 1906 litteris

259 1955 469 2046 consignabat:
493 1956 617 2038 planum
638 1957 696 2034 est,
724 1957 897 2038 tetralcgias
918 1958 949 2019 in
975 1956 1097 2037 scriptis
1119 1953 1282 2020 Platonicis
1301 1948 1361 2011 laci·

258 2061 317 2125 lius
337 2083 430 2144 posse
449 2064 490 2126 ob
509 2065 655 2142 majorem
675 2065 816 2127 materiae
837 2064 1062 2127 similitudinem
1085 2063 1239 2144 componi,
1266 2061 1293 2121 in
1311 2059 1358 2117 De

258 2169 432 2249 mocriticis,
454 2171 513 2234 nisi
542 2171 691 2234 similibus
713 2173 891 2252 adjiciantur
921 2172 1039 2247 similia,
1067 2191 1198 2251 prorsus
1219 2187 1283 2232 esse
1303 2163 1361 2226 ridi-

259 2276 352 2341 culae.
401 2279 518 2361 Quibus
549 2280 749 2344 incommodis
778 2288 830 2344 aut
857 2281 981 2344 defensa
1014 2285 1121 2343 contra
1143 2279 1299 2342 doctorum
1317 2273 1361 2331 ht>

215 2377 220 2388 ’
259 2385 371 2447 minum
393 2388 553 2467 opiniones
576 2389 697 2470 vulgata
723 2389 804 2467 apud
835 2389 1005 2469 Diogenem
1026 2387 1190 2469 scriptura,
1217 2391 1268 2448 aut
1284 2378 1362 2442 levis

259 2492 342 2555 simis
365 2499 478 2556 tanturm
505 2496 720 2558 mutationibus
750 2496 929 2560 medendum
962 2515 1030 2560 esse
1059 2493 1186 2564 credidi.
1233 2491 1283 2556 Sic
1301 2482 1361 2548 milti

258 2599 365 2662 videor
387 2613 584 2680 consecutus,
614 2611 647 2664 ut
672 2604 826 2682 sexaginta
853 2603 1001 2667 librorum
1033 2602 1126 2666 titulis
1148 2602 1188 2665 ad
1208 2592 1363 2683 quindecim

259 2709 432 2790 tetralogias
460 2712 610 2774 revocatis
640 2711 766 2773 muralia
793 2711 908 2790 scripta
933 2712 1038 2791 parionis
1063 2709 1184 2772 duabus
1213 2698 1362 2780 teudogis

259 2817 477 2896 contineantur,
507 2819 553 2880 his
575 2825 719 2900 quattuor
741 2817 938 2898 physicorum
960 2837 1089 2899 operum
1113 2815 1289 2896 tetralogiae
1306 2825 1362 2870 suc-

260 2924 377 3003 cedant,
409 2927 559 3005 opuscula
584 2926 785 3008 incomposita
814 2926 878 2988 sive
908 2923 1080 2988 deierantur
1101 2926 1141 2990 ad
1162 2917 1237 2988 diras
1255 2915 1363 2984 miralo

260 3030 324 3110 glas
346 3031 530 3115 redigantur,
552 3034 752 3098 mathematici
770 3033 840 3096 libri
868 3035 898 3096 in
932 3053 982 3096 res
1005 3033 1182 3114 tetralogias
1200 3027 1362 3093 distribuan-

259 3143 317 3215 tur,
348 3161 455 3220 agmen
482 3141 611 3225 denique
642 3142 720 3204 duae
750 3143 932 3204 marsicanum
964 3142 1164 3222 scriptionum
1192 3137 1362 3212 tenuemque

258 3248 463 3311 technicorum
487 3251 773 3312 commentationum
802 3249 977 3330 tetralogiae
1003 3249 1153 3312 claudant.
1205 3236 1360 3328 Quodsiiss

258 3353 305 3413 his
329 3357 490 3433 postremis
520 3358 636 3420 duabus
666 3357 813 3422 librorum
842 3357 988 3420 classibus
1010 3358 1117 3435 major,
1145 3375 1234 3440 quam
1256 3351 1285 3412 in
1304 3361 1360 3407 oet·

259 3460 332 3521 teris
357 3469 483 3542 apparet
506 3482 607 3524 rerum
636 3469 827 3527 tractatarum
854 3465 999 3542 variatae,
1031 3465 1134 3528 omnia
1168 3463 1304 3546 videntur
1329 3465 1360 3510 ΘΧ

261 3567 435 3630 delinitione
465 3571 683 3632 vocabulorum
709 3570 853 3652 μουσικός
879 3579 909 3636 et
930 3560 1065 3657 repriao's
1088 3571 1232 3654 pendere,
1253 3566 1288 3627 de
1306 3556 1361 3641 qui·

260 3675 319 3736 bus
342 3695 397 3738 suo
425 3676 497 3738 loco
528 3678 656 3740 anobis
678 3680 803 3743 dicetur.
850 3683 900 3742 De'
922 3681 1041 3763 reliquo
1068 3680 1191 3743 evidens
1222 3680 1274 3750 est,
1297 3669 1360 3730 duts

262 3781 330 3843 illas
359 3784 544 3845 musicorum
573 3804 699 3867 operum
730 3789 904 3868 tetralogias
934 3789 973 3850 ad
995 3790 1142 3853 musicam
1165 3803 1252 3871 quam
1276 3774 1358 3852 vu1s⁰

261 3895 381 3967 vocant,
401 3891 439 3951 ad
459 3893 611 3972 poeticam
634 3903 664 3958 et
679 3897 717 3958 ad
739 3897 962 3976 grammaticam
983 3903 1078 3960 artem
1097 3903 1241 3978 spectare,
1261 3879 1360 3949 teciuui-

261 4014 368 4058 corum
390 4005 490 4062 autem
517 4002 703 4064 voluminum
733 4023 824 4066 unam
856 4004 1045 4086 tetralogiam
1070 4004 1113 4066 nil
1137 4003 1196 4066 nisi
1216 4001 1306 4062 libros
1328 3987 1359 4047 dt

259 4110 324 4165 arte
350 4105 473 4170 salutari
501 4112 633 4191 scriptos
663 4111 833 4194 complecti,
861 4111 985 4174 alteram
1009 4114 1054 4174 sic
1075 4115 1274 4192 comparatam
1293 4112 1357 4168 2⁵⁵⁰,

258 4218 291 4274 ut
312 4213 422 4294 singuli
443 4215 512 4277 libri
538 4219 575 4280 ad
596 4219 730 4299 singulas
754 4227 832 4282 artes
857 4222 1035 4300 pertincant.
