2956 4860
251 220 274 340 ti
574 271 771 335 Quaestionum
797 269 1032 328 Democriteum

338 437 457 524 Quodsi
491 441 552 504 boc
582 437 621 502 de
647 457 709 520 qno
736 436 830 501 modo
862 437 1039 520 scripsimus
1078 436 1256 502 incredibile
1291 443 1370 516 eret,

255 551 328 633 quid
356 549 476 614 tandem
508 548 545 611 de
572 545 661 608 tertio
690 547 756 626 ejus
785 545 956 610 testimonio
978 546 1189 611 censebimus?
1226 547 1261 610 Si
1282 555 1370 612 octo-

255 658 336 740 ginta
367 677 463 720 minos
491 654 682 719 Democritus
706 654 738 716 in
767 652 1071 736 Aegyptoversatus
1098 662 1158 733 est,
1191 655 1370 736 intelligitur
1476 652 1477 723 j

255 783 383 828 necesse
414 783 482 828 esse
509 783 606 846 usque
633 763 673 826 ed
702 762 899 826 centesimum
918 760 971 844 Η)
1001 764 1066 826 lere
1093 781 1204 826 annum
1220 763 1269 825 vel
1287 762 1370 826 ultre
1476 788 1477 827 1

256 893 275 936 e
303 872 401 953 patrio
427 873 565 936 obfuerit
612 871 731 934 Etenim
752 877 822 932 ente
850 869 1025 934 vicesimum
1048 891 1160 934 anuum
1187 871 1239 933 vix
1268 871 1370 934 itirreri
1476 932 1477 939 ,

257 999 291 1044 se
314 980 472 1060 commisit,
497 987 549 1045 sut
572 979 599 1044 si
621 979 706 1061 prius
733 978 891 1060 proiectus
912 985 968 1056 est,
994 984 1094 1040 temen
1109 979 1173 1057 jem
1196 979 1371 1060 decrepitus

257 1107 350 1152 senex
376 1089 409 1150 in
434 1088 563 1170 patriam
582 1088 679 1151 rediit
718 1085 761 1148 At
779 1105 881 1150 nonne
899 1107 920 1162 a
939 1086 1196 1150 verisimilitudine
1217 1087 1371 1164 abhorret,

257 1215 326 1258 eum
347 1216 446 1278 prope
473 1197 513 1258 nd
542 1203 670 1260 mortem
696 1213 794 1276 nsque
825 1193 857 1256 in
884 1193 1041 1258 itineribus
1070 1195 1223 1258 haesisse?
1276 1195 1372 1277 Quod

258 1323 351 1384 quum
369 1323 426 1384 per
446 1323 480 1368 se
500 1324 562 1367 non
582 1304 671 1367 valde
692 1301 853 1384 probabile
874 1302 921 1380 sit,
940 1301 1012 1365 licet
1030 1301 1238 1384 longissimum
1257 1305 1371 1366 Demo-

164 1469 167 1476 .
258 1411 336 1474 crito
364 1431 471 1476 aevum
495 1412 678 1490 tribuemus,
705 1409 902 1476 consideretis
923 1408 1062 1474 omnibus
1087 1418 1171 1474 extre
1191 1410 1282 1473 fidem
1302 1429 1372 1473 esse

258 1524 392 1598 apparet

343 1626 398 1688 llis
426 1627 620 1706 subjiciemus
650 1625 767 1710 reliquo
795 1645 834 1689 ex
859 1626 980 1699 Laertio
1007 1647 1085 1709 quoe
1124 1628 1183 1691 buc
1211 1627 1371 1708 pertinent

258 1731 310 1794 Ait
331 1733 391 1811 ille,
414 1735 573 1817 magistros
591 1735 757 1800 Democriti
770 1733 959 1814 Leucippum
980 1755 1017 1798 oc
1038 1735 1203 1800 seeundum
1223 1736 1373 1817 quosdam

258 1839 470 1922 Anaxagoram
489 1863 610 1926 quoque
629 1843 721 1906 fuisse
732 1841 795 1925 Η).
830 1843 878 1902 Dc
889 1842 1036 1924 Leucippi
1059 1843 1120 1906 vita
1138 1843 1239 1907 omnia
1258 1843 1374 1908 incerte

259 1957 344 2022 sunt;
378 1949 479 2031 itaque
505 1950 580 2012 nihil
601 1951 670 2014 inde
695 1951 772 2014 lucis
791 1955 898 2014 nostro
927 1950 1058 2032 affulget
1109 1950 1314 2034 caeteroquin
1334 1972 1374 2015 err

258 2058 320 2120 lroe
336 2059 419 2141 quod
440 2057 620 2122 Aristoteles
634 2059 844 2124 Democritum
863 2057 984 2140 ἑταῖρον
1003 2061 1058 2122 τοῦ
1072 2057 1246 2123 Λευκίππου
1269 2059 1375 2142 appel·
1473 2090 1476 2107 =

258 2233 460 2252 *n-

330 2353 370 2418 Η1
390 2353 496 2407 errem
514 2355 652 2407 raurrcrus
669 2353 733 2407 utut.
754 2355 797 2408 cr.
821 2354 865 2407 m.
885 2355 917 2407 u.
936 2368 959 2407 υ.
979 2351 1014 2404 at
1037 2369 1063 2420 p.
1083 2351 1135 2406 oue
1153 2355 1193 2406 eu.
1219 2355 1289 2408 uari.
1313 2355 1375 2410 oc-
1476 2326 1477 2419 ξ

259 2436 405 2488 mocritum
429 2436 521 2489 dicens
543 2436 577 2488 od
601 2439 796 2501 octogesimum
818 2449 905 2502 usque
927 2449 1027 2488 annum
1056 2437 1151 2487 oetutis
1172 2438 1375 2502 peregrinatum
1476 2428 1477 2431 ’

261 2527 329 2578 esse,
355 2516 381 2569 id
406 2517 479 2582 quod
499 2518 572 2582 epud
599 2519 762 2568 Clementem
781 2518 988 2569 Alexandrinum
1006 2520 1034 2568 et
1050 2516 1193 2568 Eusebium
1213 2519 1270 2581 cius
1287 2518 1374 2570 verbu

259 2598 385 2661 superius
413 2598 522 2650 laudula
548 2611 601 2648 non
625 2597 782 2663 significant
819 2599 886 2649 Nam
914 2595 954 2648 ἐπ’
974 2593 1028 2648 irc'
1052 2592 1204 2664 ὀγδώκοντα
1223 2611 1277 2650 non
1297 2599 1376 2650 eliter

258 2677 492 2742 interpretandum
514 2682 563 2741 ost,
588 2693 669 2744 quem
694 2695 742 2748 per
761 2677 893 2744 octupinta
910 2692 1000 2727 αααοε.
1035 2678 1112 2739 Quod
1129 2682 1219 2730 eutem
1236 2677 1375 2732 Fabricius

259 2759 351 2822 voluit,
371 2761 494 2812 nonnisi
514 2762 554 2812 sic
571 2773 668 2825 graece
685 2764 780 2811 sonet:
806 2756 846 2810 iri
863 2754 892 2808 τὸ
912 2753 1088 2827 ὀγδοηκοστὸν
1106 2755 1172 2814 troc.
1211 2761 1269 2819 Quo
1288 2774 1376 2826 eper-

259 2840 314 2892 tlus
331 2840 384 2892 hoo
404 2845 453 2905 cst,
472 2855 505 2893 co
524 2843 610 2906 magis
630 2842 720 2902 miror,
746 2843 854 2904 praeter
876 2839 1026 2890 Fabricium
1053 2843 1081 2890 et
1101 2839 1166 2890 ulios
1185 2841 1259 2891 viros
1278 2843 1376 2895 doctus

260 2919 356 2971 eudem
380 2923 407 2971 in
433 2935 463 2974 re
485 2935 623 2986 peccasse.
671 2922 771 2972 llurum
797 2923 824 2971 iu
843 2933 956 2972 nurnero
985 2920 1034 2971 tuit
1056 2919 1207 2972 Bructerus
1231 2923 1291 2974 hist
1311 2924 1376 2987 phil,

260 3001 288 3051 T.
309 3003 326 3052 1.
348 3015 373 3065 p.
395 2999 463 3052 1178
482 3004 526 3067 qul
555 3004 665 3066 insuper
682 3003 827 3066 Stenlcjum
847 3005 929 3064 notet,
954 3000 1089 3067 quodlib.
1108 3001 1138 3051 11.
1155 3016 1181 3064 p.
1200 2999 1252 3054 897
1270 3005 1376 3068 dixerit,

259 3081 452 3144 Democritum,
477 3087 508 3133 ut
530 3085 589 3146 ipse
614 3083 735 3146 ntlirmet,
761 3090 824 3134 cunr
849 3083 986 3147 Aegyptiis
1012 3095 1097 3133 annos
1114 3083 1214 3134 vixisse
1229 3087 1376 3150 octoginta.

260 3163 291 3213 ln
309 3163 431 3226 eiusdem
456 3166 555 3216 erroris
581 3166 739 3216 societatem
763 3167 918 3228 nuperrime
945 3165 1019 3215 veuit
1038 3163 1122 3213 Clinto
1142 3161 1211 3214 lust.
1232 3165 1295 3216 Heli.
1314 3180 1375 3231 ρος.

261 3241 312 3295 113
329 3245 509 3296 translationis
528 3246 734 3308 liruegerionuc.
771 3246 838 3297 Vide
865 3259 935 3311 queo
960 3246 996 3296 ed
1019 3257 1118 3294 annum
1142 3240 1201 3294 381.
1226 3245 1263 3296 Ol.
1290 3242 1375 3308 99,d

261 3326 372 3376 notovit.
407 3325 460 3377 Sed
479 3327 625 3377 excusandi
651 3330 715 3377 sunt
741 3325 838 3377 eruditi
861 3327 905 3378 isti
925 3327 1062 3386 homines,
1087 3325 1160 3390 quod
1182 3327 1377 3388 grammaticae

261 3405 333 3468 leges
355 3417 408 3456 nou
426 3418 544 3467 seruere,
563 3419 644 3471 qnam
663 3407 695 3458 iis
711 3408 826 3459 servetis
841 3409 879 3458 rei
899 3410 953 3458 tum
970 3409 1078 3472 ineptae
1097 3409 1128 3457 ut
1146 3420 1163 3456 o
1180 3408 1286 3458 nemine
1301 3409 1378 3459 credi

262 3488 350 3552 quest,
369 3485 451 3537 tidem
469 3486 623 3548 adiunxisse
638 3486 723 3537 videri
739 3489 899 3540 meluerunt.
944 3489 1114 3552 Quapropter
1132 3486 1284 3538 Bructerus
1301 3493 1378 3542 reete

259 3568 287 3618 in
300 3579 413 3618 numero
431 3565 560 3617 mendum
582 3577 642 3617 esse
661 3569 851 3632 suspicabatur
868 3569 903 3620 do
918 3581 971 3634 quo
991 3568 1059 3620 intre
1079 3569 1255 3620 disseremus.

333 3668 373 3731 ²²)
391 3668 464 3732 Diog.
485 3667 511 3716 L.
529 3665 569 3729 111,
587 3663 628 3718 dd.
649 3663 756 3740 ὕστερον
778 3666 807 3722 δὲ
824 3663 966 3739 Λευκίππῳ
986 3665 1118 3740 παρέβαλι
1138 3667 1183 3720 καὶ
1199 3662 1378 3742 Ἀναξαγόρᾳ,

261 3746 331 3800 κατά
354 3763 436 3813 τινας,
459 3745 541 3800 icccc
565 3746 601 3800 ὢν
630 3747 711 3802 αὐτοῦ
730 3748 860 3822 redempor
885 3750 1086 3821 τετταράκοντα.
1130 3753 1239 3802 Tzotucs
1267 3766 1379 3818 quoque

261 3829 444 3881 Democritum
479 3830 607 3895 Leucippi
639 3831 800 3896 discipulum
830 3833 895 3884 tecit
926 3832 990 3883 Chii.
1014 3834 1044 3884 11.
1076 3834 1136 3884 bist.
1164 3827 1197 3883 ot
1230 3845 1302 3886 vers.
1325 3831 1379 3886 979

260 3923 320 3974 png.
342 3907 376 3962 79
403 3910 445 3962 ed.
462 3911 598 3976 lliossling.
623 3914 727 3965 dicens:

413 3986 427 4041 d
444 3987 727 4063 Ἀβδηροδημόπρυπος,
745 3988 759 4043 d
777 3995 837 4050 παῖς
852 3987 1059 4062 ‘ldppotoopdrou

411 4074 458 4124 τοῦ
475 4071 503 4124 δὲ
524 4069 674 4125 Λευκίππου
703 4069 832 4142 μαθητής,
852 4076 899 4124 που
920 4069 1041 4141 μαθητοῦ
1065 4069 1207 4126 Μελίσσου.

261 4147 361 4202 Eodem
391 4154 472 4204 modo
502 4155 569 4206 hoec
595 4157 720 4218 leguntur
754 4153 816 4204 Cbil.
843 4152 906 4204 xm.
935 4153 996 4206 hist.
1030 4151 1082 4207 165
1112 4168 1181 4207 vers.
1209 4152 1244 4207 85
1271 4171 1297 4222 p.
1326 4155 1380 4209 181

261 4233 347 4298 ejusd.
365 4234 406 4286 ed.
