2938 4864
410 295 494 352 Liber
512 297 559 356 lll.
594 300 664 356 Ado.
681 303 715 356 ad
735 301 816 358 llam.
838 321 883 378 op.
904 308 1002 382 fragm.
1201 313 1266 382 263

148 487 208 550 μης
229 465 307 548 κακὴ
334 464 398 548 puni
422 464 543 548 (φύσις)
569 467 617 530 vel
639 489 699 532 utra
723 491 799 534 vcue
826 473 991 556 κακοφυΐη,
1014 477 1124 558 ingenii
1146 488 1176 544 et
1196 485 1261 564 epi-

146 575 247 638 nionis
265 572 449 654 perversitas
476 575 665 638 attribuenda
685 587 740 642 est
795 581 898 663 ltaque
918 583 1091 660 postulante
1113 591 1259 653 sententia

145 683 227 746 edidi
253 676 487 756 liAliOtltl'lil,
516 682 599 764 quod
632 684 730 763 ipsum
762 707 823 749 uon
850 688 936 750 valde
964 690 1115 772 discrepat
1139 717 1157 756 a
1178 685 1258 759 vete-

145 789 187 851 ris
213 787 383 868 scripturae
410 783 652 854 lidiiiltllll'lll
679 794 822 874 vestigiis,
848 796 875 859 si
902 793 931 860 ll
960 805 991 860 et
1020 797 1044 860 l'
1076 805 1257 881 currjuuctiru

146 892 189 960 ll'
218 895 397 958 scribantur.

229 1005 279 1067 23.
322 1005 355 1064 ln
370 1004 620 1083 praecedentibus
649 1009 690 1070 ait
710 1009 901 1090 Plutarchus,
930 1013 1051 1077 labores
1072 1017 1102 1076 in
1122 1037 1170 1080 res
1188 1021 1254 1100 pul-

146 1113 231 1174 cbras
252 1111 496 1193 necessariasque
519 1113 713 1180 insumendus
732 1137 799 1180 esse
821 1139 919 1202 neque
941 1123 981 1186 ob
1006 1123 1075 1186 vilia
1097 1131 1128 1187 et
1146 1127 1254 1206 exigua

144 1221 264 1299 rregotia
282 1239 396 1300 corpus
422 1239 489 1282 esse
516 1221 708 1302 fatigandum.
752 1227 834 1290 Fieri
856 1229 948 1308 eninr,
979 1236 1013 1292 ut
1041 1233 1126 1295 multi
1145 1235 1251 1316 quavis

144 1330 182 1390 de
204 1348 295 1390 eausa
314 1347 348 1390 se
373 1328 457 1408 ipsos
482 1329 625 1392 afflictent
650 1331 810 1412 vigilando,
831 1337 1061 1418 peregrinando,
1088 1342 1250 1420 currendo,

143 1435 224 1500 sevila
245 1436 403 1518 proposita
421 1437 557 1514 utilitate,
580 1439 666 1502 nullo
685 1441 814 1505 consilio
832 1444 986 1523 laudabili,
1016 1448 1071 1509 sed
1091 1449 1163 1530 quia
1184 1449 1251 1512 aliis

142 1565 253 1608 nocere
277 1545 407 1626 cupiant,
434 1545 594 1621 invideant,
616 1545 821 1628 adversentur,
846 1557 897 1616 aut
916 1553 1050 1616 sterilem
1071 1557 1250 1640 inanemque

141 1653 268 1733 gloriam
290 1659 510 1717 consectentur.

223 1764 272 1825 nt.
315 1764 350 1824 ln
369 1781 460 1822 unam
489 1763 665 1825 sententiam
694 1767 836 1844 conjunxi
863 1789 932 1830 eum
960 1770 1076 1834 Orellie
1095 1772 1156 1835 duo
1176 1773 1249 1836 lem-

140 1875 220 1932 mata
246 1870 323 1932 male
352 1869 468 1932 divulsa
495 1870 525 1930 iu
553 1871 679 1934 Stobaei
708 1872 899 1938 editionibus
955 1877 1148 1957 Gonjunctim
1174 1881 1247 1946 baec

138 1979 233 2041 verba
258 1978 347 2040 etiam
367 1978 540 2041 scribuntur
570 1999 618 2059 ap.
641 1983 752 2044 Antou.
780 2002 810 2061 p.
834 1985 904 2060 786,
934 1985 985 2046 ubi
1012 1993 1111 2048 taruen
1140 1987 1247 2050 vitiose

137 2087 249 2167 legitur
266 2087 302 2170 ip
325 2085 494 2168 ἐπιθυμεῖς.
539 2087 654 2150 ibidem
674 2088 797 2171 ποιήσει
817 2089 928 2172 legitur
948 2113 1007 2172 pro
1028 2092 1137 2156 ποιέει.
1171 2099 1245 2158 Cae-

137 2203 235 2257 terum
254 2193 358 2274 πενίην
379 2194 536 2273 posuimus
556 2215 612 2275 pro
631 2195 747 2274 πενίαν,
769 2206 799 2260 et
821 2199 947 2282 σμικρήν
972 2221 1030 2281 pro
1051 2203 1186 2286 σμικράν.

221 2305 271 2364 95.
316 2304 376 2364 Pro
400 2300 449 2364 ἐπὶ
471 2302 559 2364 παντὶ
581 2303 612 2364 in
634 2303 711 2366 God.
733 2304 826 2369 Palat.
850 2315 897 2369 est
917 2305 948 2369 ἐν
970 2308 1068 2371 παντί.

221 2414 271 2477 96.
315 2411 459 2476 Similiter
487 2409 617 2473 Basilius
644 2432 693 2491 ap.
719 2409 830 2476 Autan.
853 2434 882 2494 p.
905 2417 982 2478 227:
1007 2413 1106 2498 lls'vrp
1129 2415 1207 2479 ἐστὶν
1228 2419 1243 2480 ὁ

135 2519 260 2580 πολλῶν
284 2517 415 2592 ἐνδέωνς
439 2538 530 2600 quem
551 2517 655 2582 locum
670 2521 734 2597 jam
756 2520 859 2582 citavit
879 2523 1080 2586 Burchardus.

221 2630 271 2690 98.
311 2629 427 2690 Sensus
453 2629 541 2708 lruJus
567 2627 724 2708 fragmenti
743 2627 877 2690 videtur:
904 2629 991 2710 „ipsa
1010 2629 1173 2710 indigentia
1193 2655 1244 2694 eo-

136 2755 204 2796 rum
231 2735 341 2816 quibus
365 2755 529 2816 possumus
552 2735 686 2816 indigere
708 2755 849 2798 mensura
869 2737 973 2798 baberi
993 2736 1091 2813 debet,
1112 2737 1142 2797 id
1162 2738 1244 2819 quod

134 2843 174 2904 ab
205 2843 241 2904 iis
262 2843 314 2926 qui
349 2864 382 2907 re
410 2845 550 2926 quapiam
581 2843 726 2922 indigent,
755 2863 847 2923 saepe
878 2841 1068 2924 ignoratur.’'
1118 2846 1244 2907 Constat

134 2949 214 3010 carim
245 2949 275 3012 id
302 2969 368 3015 esse
398 2973 557 3016 commune
582 2951 747 3013 multorum
767 2951 939 3014 mortalium
960 2951 1072 3030 vitium,
1092 2957 1125 3013 ut
1145 2952 1175 3012 in
1198 2972 1244 3013 re·

133 3061 192 3122 bus
214 3059 348 3122 adversis
366 3081 451 3122 suam
472 3061 599 3143 quisque
619 3059 815 3122 calauritateur
828 3079 917 3122 uuam
931 3057 1064 3122 onmium
1085 3061 1243 3120 maximam

134 3167 235 3244 ducat,
252 3187 349 3251 neque
368 3168 530 3251 quidquam
545 3169 585 3230 ad
601 3167 737 3230 dolorem
749 3167 888 3231 acerbius
909 3165 975 3228 aliis
994 3165 1132 3228 accidere
1151 3187 1243 3246 pesse

134 3277 289 3358 opinetur,
320 3297 409 3358 quom
436 3278 519 3359 quod
553 3277 611 3358 ipsi
635 3276 787 3338 acciderit.
831 3283 902 3359 Quo
927 3293 1031 3338 errore
1052 3275 1243 3340 liberatusis

135 3387 256 3448 demum
284 3384 350 3463 erit,
369 3386 420 3468 qui
442 3405 480 3447 ex
511 3385 547 3448 iis
568 3403 645 3466 quae
667 3383 733 3446 aliis
762 3382 902 3445 accidunt
922 3387 952 3445 et
972 3383 1080 3466 quibus
1100 3385 1243 3467 indigent,

132 3513 234 3556 veram
257 3493 351 3574 ipsius
373 3493 553 3574 indigentiae
576 3491 736 3572 imaginem
755 3491 855 3554 arrimo
878 3491 1091 3555 informaverit

218 3605 269 3664 99.
311 3601 424 3664 Eadem
451 3600 599 3664 sententia
630 3605 727 3662 exstat
750 3619 797 3678 ap.
825 3599 937 3662 Autcu.
965 3607 996 3662 et
1017 3601 1095 3662 illas.
1119 3621 1147 3679 p.
1171 3603 1242 3664 790.

62 3763 71 3782 ,
133 3710 237 3772 addito
262 3709 401 3772 lemmate
423 3712 564 3791 Epicteti.
604 3709 718 3771 ibidem
739 3707 851 3788 legitur
873 3707 990 3792 χαίρων
1013 3706 1044 3768 ἐν
1069 3705 1145 3768 οἶσιν
1169 3705 1245 3792 ἔχει.

219 3820 268 3881 30.
311 3819 344 3880 lu
379 3817 534 3881 sententiis
567 3815 741 3880 llemocrati
774 3815 851 3878 lalso
888 3815 1006 3879 tributis
1039 3813 1194 3895 legebatur
1226 3819 1242 3882 ὁ

134 3925 260 4009 φθονῶν
283 3923 404 4004 ἑαυτόν,
425 3946 482 4007 pro
505 3947 566 4009 quc
580 3925 716 3988 Orellius
737 3923 891 3986 substituit
914 3923 930 3985 ὁ
954 3918 1096 4004 φθονέων
1118 3921 1245 4002 ἑωυτόν,

132 4041 169 4096 ut
188 4041 234 4096 est
252 4033 334 4114 apud
355 4035 530 4097 Stubaernn.

218 4143 269 4206 31.
313 4141 394 4204 blale
423 4144 579 4208 Gesnerus
610 4139 641 4204 iu
670 4138 803 4222 ruargine
833 4138 870 4202 τὰ
893 4139 928 4204 δὲ
950 4137 1103 4224 παρεόντα
1121 4141 1172 4204 καὶ
1191 4165 1245 4206 sa·

132 4247 313 4336 νιιννένα·
