2932 4862
377 291 462 348 Liber
479 287 527 345 lli.
564 287 607 344 lie
626 287 778 346 Democriti
796 289 914 362 placitis.
1140 295 1205 364 am

87 466 303 542 prorumperet
316 457 377 540 ⁷⁴).
421 459 581 523 Prteterea
601 454 700 536 ajebat
716 458 911 524 Democritus
928 459 1002 524 nihil
1023 461 1064 526 ici
1080 463 1204 530 fulmine

89 569 174 653 quod
193 587 256 631 non
276 567 391 631 tulmen
412 564 572 648 impediret
593 569 684 646 atque
706 563 921 646 retineret⁷⁶).

172 677 291 740 Ventus
312 675 410 740 oritur
439 693 532 756 quum
558 672 588 734 in
615 677 744 752 angusto
771 673 851 736 mani
869 674 964 738 multa
985 681 1056 740 sunt
1077 698 1203 760 eorpus-

88 783 167 862 cula,
191 790 299 848 eontra
321 782 440 865 quietus
458 788 489 847 et
502 779 640 862 placidus
661 780 740 842 aeris
760 785 855 844 status
876 789 930 861 est,
945 803 1038 867 quum
1056 785 1087 874 iu
1106 788 1201 852 multo

87 891 168 954 irrani
189 910 305 972 paneae
335 889 528 971 reperiuntur
554 887 647 950 atomi
660 885 721 968 ⁷⁶).
770 888 875 954 Nilum
895 889 1067 956 increscere
1088 893 1202 974 docuit,

87 1019 183 1082 quum
206 999 276 1060 nive
299 998 330 1060 in
359 994 586 1080 aquilonaribus
616 995 699 1059 orbis
727 996 864 1078 pertibus
886 997 1072 1082 liquescente
1092 1020 1131 1064 ex
1150 1023 1202 1066 va·

87 1106 215 1187 parthus
241 1107 353 1170 densae
379 1105 532 1168 orirentur
556 1104 662 1181 nubes,
689 1123 767 1187 quae
798 1106 899 1170 etesiis
916 1107 1072 1171 meridiem
1093 1127 1200 1174 versus

87 1211 264 1293 compulsae
295 1219 327 1276 et
353 1210 507 1276 altissimis
533 1209 712 1291 Aethiopiae
740 1211 892 1276 montibus
914 1213 1010 1278 illisae
1028 1216 1202 1296 frangeren-

88 1326 254 1402 iuratque
282 1321 342 1384 hoe
369 1320 463 1383 modo
494 1317 620 1382 fluvium
645 1316 880 1400 implerent⁷⁷).
917 1317 1049 1385 'Plantas
1075 1343 1201 1405 quarum

87 1434 170 1491 recta
188 1433 290 1490 essent
308 1428 463 1504 foramina,
484 1424 665 1488 existimavit
691 1425 779 1489 citius
798 1446 946 1506 erescere,
967 1448 1060 1512 quum
1082 1432 1202 1496 facilius

87 1553 124 1598 ea
144 1534 253 1619 quibus
273 1537 425 1600 alerentur
443 1552 501 1614 per
527 1532 675 1596 foramina
695 1532 735 1594 ad
753 1533 888 1598 diversas
908 1535 1078 1616 plantarum
1098 1547 1201 1619 partes

86 1639 353 1724 penetrarent⁷⁸),
378 1641 433 1705 sed
454 1641 580 1704 eandem
607 1640 648 1704 oh
671 1659 793 1702 causam
811 1641 910 1706 minus
930 1643 982 1707 diu
1004 1643 1114 1708 durare
1136 1667 1200 1712 ere

87 1750 162 1813 didit
173 1749 234 1831 ⁷⁹).
278 1749 422 1813 Similiter
440 1748 587 1830 magnetis
605 1747 714 1829 lepidis
732 1746 794 1810 vim
814 1767 831 1810 e
853 1750 1048 1816 loruninibns
1066 1755 1201 1835 pendere

86 1863 170 1921 ratus
193 1854 313 1939 est⁸⁰).

170 1965 306 2027 Transeo
346 1965 386 2026 ad
421 1962 593 2026 animalium
633 1963 866 2043 generationem.
922 1963 1045 2030 Coitum
1075 1987 1199 2048 parvam

86 2071 278 2154 apoplexiam
302 2068 495 2150 vocavit³¹).
545 2070 656 2133 Semen
686 2089 704 2132 e
730 2075 796 2133 toto
823 2089 955 2153 corpore
975 2081 1005 2138 et
1028 2079 1198 2160 praecipuis

86 2181 152 2258 ejus
172 2179 309 2260 partibus
331 2178 393 2240 exit
412 2184 442 2240 et
461 2177 658 2258 corporeavi
684 2176 853 2257 praeditum
874 2185 928 2258 est,
949 2199 1048 2264 neque
1070 2203 1088 2244 a
1109 2189 1198 2249 mari·-

86 2286 143 2350 bus
171 2285 287 2362 solum,
317 2284 371 2348 sed
396 2284 552 2348 aiemiuis
578 2285 667 2348 etiam
694 2285 860 2348 effunditur
876 2283 938 2368 ⁸⁹).
989 2288 1144 2371 Principio
1167 2295 1198 2358 in

86 2398 174 2456 utero
204 2393 306 2455 matris
334 2409 351 2454 e
381 2398 532 2471 concepto
560 2391 674 2455 semine
702 2391 863 2456 umbilicus
897 2394 1031 2458 nascitur
1057 2403 1197 2481 tanquam

157 2628 196 2692 ¹⁴)
215 2626 289 2679 sloh.
308 2627 355 2680 eol.
375 2627 450 2692 phys.
473 2641 497 2690 p.
510 2624 579 2678 594:
598 2619 760 2696 Δημόκριτος
780 2623 890 2697 βροντὴν
911 2627 959 2694 μὲν
978 2625 1008 2678 la
1027 2627 1197 2700 εωγκρίρατος

86 2705 230 2776 ἀνωμάλου
244 2705 274 2760 τὸ
292 2703 456 2778 περιειληφὸς
476 2703 540 2758 αὐτὸ
558 2705 636 2778 νέφος
654 2703 718 2775 πρὸς
736 2706 783 2777 τὴν
799 2705 874 2758 κάτω
894 2707 977 2778 φορὰν
997 2706 1198 2778 ἰκβιαζομίνοω·

85 2784 217 2859 ἀστραπὴν
245 2785 273 2841 il
299 2785 438 2860 σΰγκρασιν
466 2789 571 2858 νεφῶν,
591 2777 638 2857 ὑφ’
656 2783 688 2856 ἧς
712 2783 964 2856 adprehendens
984 2786 1063 2862 πρὸς
1082 2787 1125 2843 διὰ
1143 2797 1196 2844 τῶν

84 2863 236 2918 πολυπόνων
257 2864 433 2938 ἀραιωμάτων
456 2870 512 2925 ταῖς
531 2863 716 2938 παρατρίψισιν
740 2863 776 2924 εἰς
793 2863 823 2918 τὸ
842 2863 906 2919 αὐτὸ
922 2867 1124 2939 ωναωλιζόρενα
1144 2870 1197 2943 διη-

83 2943 180 3000 θεῖται·
204 2945 329 3018 κιραννὸν
356 2946 395 3010 il,
414 2943 476 3000 ὅταν
502 2944 533 2999 ἐκ
552 2942 746 3018 καθαρωτέρων
767 2947 812 2999 καὶ
830 2945 1001 3020 λιπτοτέρων,
1020 2947 1197 3024 ὁμαλωτίρων

83 3043 111 3080 τι
129 3028 174 3079 καὶ
189 3025 390 3098 πυκναρρόνων,
407 3022 525 3099 καθάπερ
545 3023 623 3084 αὐτὸς
641 3028 740 3098 γράφει,
754 3033 910 3097 praephatio
929 3032 976 3080 τοῦ
993 3029 1073 3100 πυρὸς
1093 3031 1110 3104 ἡ
1129 3034 1198 3105 φορὰ

85 3105 216 3177 βιάσηται·
242 3111 376 3179 πρηστῆρα
399 3105 435 3172 δέ,
460 3103 521 3158 ὅταν
540 3104 740 3177 πολυκενώτερα
764 3106 923 3179 συγκρίματα
940 3108 1020 3180 πυρὸς
1041 3110 1069 3164 ἐν
1086 3112 1196 3168 πολυνί-

82 3203 137 3246 νοις
151 3185 346 3259 κατασχιθίντα
361 3185 467 3258 χώραις,
494 3187 538 3238 καὶ
564 3191 698 3257 πιρωχαῖς
722 3184 825 3255 ὑμένων
854 3185 926 3241 ἰδίων
944 3190 1195 3261 σωματοποιοὺρινα

83 3267 124 3336 aqi
138 3263 275 3337 aolopqat
293 3267 340 3338 rho
360 3265 401 3319 iel
418 3264 447 3318 τὸ
469 3265 549 3338 βάρος
566 3261 650 3336 ὁρμὴν
668 3263 745 3337 λάβῃ.
785 3268 853 3330 Quid
872 3269 923 3324 sihi
941 3273 1004 3325 velit
1024 3269 1091 3344 ὑμήν
1113 3275 1197 3327 inlel-

82 3349 172 3414 ligitur
190 3361 222 3400 ex
241 3349 330 3400 adnot.
349 3346 391 3400 57.

155 3439 194 3502 ⁷³)
214 3439 250 3490 Cl.
268 3439 360 3504 fragm.
380 3439 456 3504 phys.
478 3436 517 3490 ll.

156 3531 195 3594 ⁷⁸)
214 3530 250 3582 (ΙΙ.
269 3531 362 3583 Seneo.
385 3534 440 3581 nat.
459 3535 562 3596 quaest
587 3529 630 3580 lib.
653 3531 684 3592 V,
701 3543 758 3595 cap.
779 3528 803 3582 2.

153 3621 193 3686 ⁷¹)
210 3622 318 3673 Diodor.
336 3623 354 3684 1,
374 3617 416 3683 39,
434 3622 512 3686 cutus
531 3621 616 3673 verba
636 3621 699 3674 vide
717 3634 800 3687 supra
818 3637 876 3688 pag.
899 3621 954 3675 lto.
991 3625 1026 3676 ct.
1044 3625 1196 3678 Athenaeus

83 3705 113 3764 ll,
131 3699 173 3756 89.
207 3703 444 3766 Pseudoplutareh.
468 3701 502 3754 de
526 3701 613 3766 placit.
634 3701 694 3766 phil.
720 3704 762 3767 lv,
781 3702 802 3756 l.
843 3705 922 3759 hdde
947 3706 1032 3757 Schol.
1061 3707 1096 3758 ed
1113 3707 1195 3772 hpott.

84 3783 166 3836 ithod.
187 3779 285 3848 Argon.
302 3783 344 3844 lv,
364 3779 421 3833 269.

156 3874 196 3937 η)
217 3875 390 3940 'theophrast
413 3873 447 3925 de
466 3885 537 3924 caus.
555 3871 636 3936 plant.
657 3867 675 3934 1,
691 3869 715 3925 8.

156 3965 199 4028 ⁷⁹)
220 3965 394 4029 theophrast.
415 3963 477 4016 ibid.
499 3957 529 4024 lt,
549 3961 587 4013 ll.

154 4055 195 4118 ⁸⁰)
212 4055 338 4108 Alexand.
356 4055 473 4121 Aphrod.
495 4059 598 4120 quaest
616 4053 659 4105 lib.
676 4057 717 4118 lv,
737 4057 778 4108 tol,
802 4053 840 4108 17.
851 4055 876 4109 h.
898 4057 941 4109 ed
958 4057 1012 4108 hid.

155 4148 196 4212 t¹)
215 4147 252 4198 Cl.
273 4146 366 4210 fragm.
388 4147 481 4198 merel.
499 4143 539 4198 ht).

155 4237 385 4303 ⁸²)Pseudop1ut.
405 4239 439 4290 de
459 4239 526 4302 plac.
547 4237 606 4303 phil.
627 4235 698 4300 Η,
716 4235 741 4302 l,
761 4235 785 4290 h.
