2938 4864
327 315 390 382 804
659 315 854 380 uomitum
871 315 1104 372 Ιλτιοστίισστιιιι

327 483 525 548 ludicativum
543 485 632 548 ελίααν
653 485 684 548 in
710 482 786 548 cod
807 481 900 547 Pelet
927 487 1000 564 post
1021 479 1092 546 ὅταν
1113 480 1254 546 hocloco
1272 477 1337 543 mule
1352 496 1391 558 po

328 591 419 654 situm
440 609 508 654 esse
528 597 655 655 testetur
680 591 814 655 Orellius
835 590 856 653 l.
879 611 906 652 α

414 701 483 764 199.
527 685 724 780 Vulgavimus
745 701 815 781 τῇσι
836 695 939 760 πόλισι
960 717 1019 778 pro
1040 701 1106 766 ταῖς
1124 695 1236 761 πόλεσι.

411 808 482 872 θθθ.
525 806 639 871 Mutari
658 803 851 890 ήσσωμὲνοις
873 805 903 867 in
923 803 1140 888 ἡσσωμένοισι.

412 916 483 979 201.
525 915 617 996 Apud
637 915 805 978 stobaeum
827 913 901 977 olim
920 912 1079 994 legebatur
1098 913 1132 976 τθ
1154 909 1315 996 γενόμενον,
1332 903 1393 989 quod

327 1020 362 1086 G.
385 1023 540 1087 Gesnerus
562 1023 670 1088 mabri
684 1021 778 1102 jussit
798 1021 829 1084 in
854 1021 908 1104 τὴν
937 1017 1115 1104 γενομένην,
1142 1039 1229 1104 quam
1248 1013 1394 1080 emendatio

328 1149 397 1193 nem
416 1131 604 1212 posteriores
626 1130 758 1193 editores
780 1129 877 1194 secuti
903 1134 982 1192 sunt.
1023 1128 1116 1210 Apud
1131 1129 1249 1193 Maxim.
1268 1143 1326 1207 pag.
1343 1122 1393 1196 111,

327 1239 380 1323 qui
401 1238 526 1302 eandem
548 1237 679 1302 servavit
705 1237 891 1314 sententiam,
922 1235 1072 1300 invenitur
1095 1233 1265 1320 γενομένης,
1283 1230 1395 1316 qnodre

321 1346 457 1426 jecerim

411 1454 482 1516 202.
522 1448 766 1535 Ἀθικεομένσισι
789 1455 853 1534 jam
880 1453 1075 1516 Burohardns
1107 1453 1258 1517 substituit
1280 1469 1329 1533 pro
1352 1445 1394 1507 ἀλι-

325 1557 515 1644 κουμένοισι;
536 1567 689 1624 caeterum
717 1562 791 1624 haec
817 1560 884 1623 solo
906 1578 969 1622 vox
992 1561 1112 1624 suflicit.
1155 1560 1234 1623 Nam
1255 1555 1329 1640 quod
1346 1551 1395 1614 clim

325 1667 407 1749 opud
438 1667 604 1731 Stobaeum
646 1668 802 1750 legebatur
839 1665 1035 1751 ἀδικούμενοι
1068 1664 1307 1750 ἀδικουμένοισι,
1339 1659 1396 1721 ida

327 1777 464 1840 Gesnero
493 1775 614 1858 quidem
638 1777 837 1856 probabiliter
864 1783 1034 1838 correctum
1060 1781 1114 1852 est,
1143 1780 1178 1838 ut
1204 1779 1352 1856 poneretur
1367 1765 1394 1848 pi.

325 1879 527 1965 ἀδικούμενον
550 1881 787 1966 ἀθικουμένοισι,
815 1885 869 1946 sed
890 1889 989 1946 tamen
1010 1884 1086 1944 hano
1107 1881 1334 1945 emendationem
1347 1875 1396 1956 plus

326 1991 481 2056 continere
502 1995 644 2071 apparet,
672 2011 762 2074 quem
791 1991 919 2072 simplex
943 1989 1090 2054 sententia
1120 1997 1152 2052 et
1176 1987 1331 2054 Democriti
1345 2001 1396 2046 con-

325 2097 455 2162 suetudo
474 2097 609 2180 requirit
665 2103 767 2181 Quare
787 2100 851 2178 jam
880 2100 918 2161 ll.
940 2099 1110 2179 Stephanus
1131 2099 1207 2160 nihil
1227 2103 1337 2180 praeter
1353 2089 1395 2152 ἀδι-

323 2203 500 2288 κοιιμένοισι
521 2205 607 2270 initio
625 2207 783 2288 fragmenti
807 2206 909 2269 edidit
952 2206 1112 2269 Praeterea
1133 2203 1290 2291 τιμωρέειν
1305 2196 1397 2280 scripsi·

322 2331 390 2376 mus
408 2333 467 2394 pro
487 2317 640 2396 τιμωρεῖν.

407 2421 479 2483 θθθ.
521 2423 628 2502 ποινῆς
647 2421 824 2502 scripsimus
845 2440 883 2481 ex
903 2420 1111 2484 emendatione
1130 2421 1165 2484 C.
1183 2419 1320 2493 Gesneri;
1334 2420 1397 2477 antes

322 2529 431 2592 vitiose
456 2527 614 2608 legebatur
639 2527 752 2611 θοίνης,
780 2549 867 2611 quam
897 2529 1076 2608 scripturam
1104 2529 1208 2609 inepte
1232 2523 1396 2593 Geisiordith

227 2655 228 2658 ’
321 2635 413 2712 nulla,
434 2641 469 2697 ut
488 2635 578 2710 solet,
606 2636 807 2717 explicatione
836 2635 952 2716 adjecta
979 2635 1009 2696 in
1037 2642 1151 2698 textum
1178 2635 1333 2700 revocavit
1363 2629 1397 2690 J.

321 2744 445 2808 cohsius
465 2745 637 2822 conjectans
667 2745 698 2805 in
723 2750 869 2825 corrupto
896 2742 1018 2804 nomine
1043 2741 1149 2826 θοίνης
1173 2751 1288 2808 certum
1304 2732 1397 2821 eliqnul

313 2871 488 2932 poenarum
515 2869 611 2930 genus
638 2851 747 2927 latere,
775 2851 836 2932 legi
862 2849 959 2912 voluit
985 2849 1005 2932 ἢ
1032 2850 1143 2934 στήλης
1171 2850 1261 2922 ἄξιοι.
1306 2845 1398 2928 Στήλης

319 2979 449 3040 poenam
466 2959 493 3021 J.
516 2957 627 3021 Pollux
642 2959 718 3037 Vlll,
739 2962 779 3022 69
810 2979 870 3021 nnn
897 2978 966 3020 cum
987 2955 1072 3041 φυγῇ
1095 2967 1125 3021 et
1146 2957 1254 3044 δεσμῷ
1273 2955 1397 3020 memoret·

232 3085 235 3094 ’
318 3066 487 3146 Hesychius
508 3087 531 3130 s.
551 3086 580 3128 ν.
603 3067 828 3150 στηλίτας-
849 3065 948 3132 οὕτως
966 3062 1095 3127 ἐκάλουν
1111 3066 1140 3128 οἱ
1158 3062 1298 3144 Ἀττικοί,
1318 3059 1398 3124 οἵτινες

320 3171 369 3234 ἐπ’
395 3172 491 3235 αἰτίαν
512 3173 577 3236 τινὰ
600 3171 927 3258 ἐστηλογραφήθησαν.
968 3173 1078 3237 Suidas
1099 3193 1128 3237 v.
1151 3176 1247 3258 στήλη
1269 3211 1330 3227 --
1349 3185 1397 3243 σπι·

318 3279 482 3348 λιττοτικὸς
508 3281 543 3343 δὲ
572 3279 664 3363 λόγος
691 3279 811 3362 λέγεται
840 3277 874 3341 ἐκ
900 3283 1077 3364 μεταφορᾶς
1098 3283 1151 3364 τῆς
1174 3282 1294 3364 στήλης,
1316 3277 1334 3360 ή
1353 3271 1397 3334 ἐστι

263 3385 438 3468 athech
463 3387 579 3469 χαλκὸς
601 3386 760 3472 ἐπιμήκης,
788 3388 969 3470 τετραγώνῳ
1002 3387 1135 3470 σμήματι
1157 3387 1322 3472 ἱδρυμένος,
1343 3370 1396 3457 hi

315 3491 481 3577 ηέηρατςται
510 3495 529 3576 ἡ
557 3498 613 3557 τοῦ
642 3493 895 3578 στηλιτεοομένου
926 3492 1019 3577 ὕβρις.
1066 3495 1150 3557 Idem
1179 3496 1210 3558 in
1233 3485 1396 3577 στηλιτειιθῇ·

315 3621 365 3664 ναι
385 3641 454 3654 -
477 3605 618 3686 φανερῶς
637 3600 879 3684 δημοσιευθῆναι
904 3600 964 3662 ἀπὸ
987 3605 1047 3663 τῶν
1070 3603 1189 3684 στηλῶν
1211 3605 1271 3663 τῶν
1291 3589 1397 3680 δημοσίᾳ

313 3706 552 3792 προτιθεμένων.
596 3709 790 3772 Burchardus
815 3709 976 3790 legendum
1001 3729 1068 3771 esse
1096 3709 1213 3771 censuit
1235 3707 1317 3789 θωῆς
1335 3694 1397 3784 q11⁰l

314 3823 361 3879 est
381 3816 462 3898 apud
483 3817 648 3880 Homerum
671 3816 719 3878 vel
742 3815 851 3899 θωιής,
877 3837 938 3899 quo
960 3835 1034 3878 usus
1054 3821 1101 3878 est
1120 3815 1326 3879 Archilochus.
1362 3808 1395 3868 l)e

312 3924 485 4002 posteriore
517 3923 602 3987 vocis
634 3925 746 4000 fornia,
776 3944 854 4006 quae
884 3943 976 3986 sensu
1006 3941 1068 3985 uon
1095 3921 1216 3984 videtur
1245 3922 1357 3984 diiiarrc
1383 3929 1396 3969 ⁸

311 4030 422 4110 priore,
448 4031 589 4094 mulctam
614 4041 645 4093 et
669 4030 808 4093 damnum
839 4031 929 4095 alicui
956 4031 1130 4111 impositum
1155 4030 1333 4110 significante
1357 4016 1395 4098 (ci.

310 4133 407 4198 schol.
426 4137 465 4198 ad
488 4139 598 4220 Odyss.
620 4139 655 4214 ll,
680 4139 756 4218 192)
787 4144 912 4202 testetur
932 4139 1032 4218 Etym.
1051 4139 1092 4200 Μ.
1113 4159 1145 4219 p.
1169 4139 1218 4215 26,
1241 4137 1294 4198 94:
1314 4125 1393 4208 Eira·

309 4261 359 4304 ται
384 4241 486 4328 θωιή,
518 4246 560 4313 ὡς
588 4243 673 4329 παρὰ
693 4241 873 4328 Ἀρχιλόχῳ
901 4242 975 4324 ,ζΩς
1002 4241 1032 4306 δ’
1064 4242 1101 4309 ἄν
1128 4265 1162 4307 σε
1190 4241 1269 4325 dorin
1297 4223 1393 4319 lailot-'¹

1344 4337 1393 4400 No
