2956 4860
408 313 491 368 Liber
512 312 532 372 l.
571 314 614 368 De
632 312 784 370 Democriti
801 315 867 370 rita.
1152 315 1194 380 67

90 485 165 546 iane
190 481 401 545 Abderitarum
426 479 642 562 philosophum
671 487 777 544 notum
800 487 999 564 testatumque
1020 489 1074 560 est,
1105 484 1193 565 plane

90 591 234 653 abhorret.
291 594 486 671 Quapropter
518 609 580 652 non
611 589 706 670 magis
742 607 834 653 causa
863 590 1003 654 exstincti
1034 592 1195 656 oculorum

90 698 210 775 luminis,
236 717 326 780 quana
356 697 423 778 ipsa
450 698 515 777 ejus
545 717 652 760 sensus
675 697 797 760 emissio
816 715 926 778 magno
946 699 976 760 in
1001 720 1105 763 errore
1128 721 1195 764 ver-

90 813 174 869 setur.
214 805 339 868 Himerii
360 805 452 868 verba
473 806 556 886 apud
577 805 717 868 Photlum
739 804 817 866 ἑκὼν
842 804 876 867 δὲ
900 805 1000 870 ἐνόσει
1022 812 1113 892 σῶμα
1134 809 1194 893 Δη-

91 912 231 996 μόκριτος,
261 912 311 975 ἵνα
339 911 458 994 ὑγιαίνῃ
487 911 524 974 τὰ
556 911 712 996 κρείττονα
737 913 866 976 eundem
893 915 1033 978 videntur
1059 937 1195 981 errorem

90 1023 249 1098 continere,
267 1041 357 1103 quem
377 1019 516 1100 pluribus
539 1023 731 1100 exagitarem,
749 1020 776 1083 si
796 1020 918 1102 longior
938 1029 1019 1086 esset
1040 1025 1194 1088 sententia

90 1129 219 1211 Denique
255 1128 469 1191 memorandus
500 1128 609 1190 Cicero
641 1135 687 1192 est
715 1129 767 1209 qui
794 1129 825 1190 in
854 1129 1034 1193 Tusculanis
1062 1132 1138 1213 disp.
1162 1131 1193 1214 ⁵)

90 1237 124 1298 de
140 1237 264 1300 materia
281 1237 320 1300 de
342 1257 402 1319 qua
421 1235 547 1316 agimus,
569 1235 611 1299 ita
631 1236 776 1318 loquitur,
806 1241 841 1299 ut
861 1237 888 1299 si
907 1257 925 1300 a
942 1237 1061 1300 Laberii
1083 1239 1196 1302 addita-

90 1344 188 1406 mentis
207 1345 384 1408 discesseris
412 1343 543 1406 tabulam
569 1363 608 1406 ex
634 1345 743 1408 eodem
770 1345 854 1407 fonte
883 1364 945 1427 quo
968 1346 1017 1408 hie
1039 1346 1104 1428 ipse
1129 1349 1195 1426 eJ'us

89 1453 213 1534 aequalis
246 1460 278 1514 et
306 1456 378 1532 post
408 1471 477 1514 eum
505 1450 621 1514 Gellius
649 1451 784 1516 hausisse
808 1454 903 1516 videri
921 1459 1019 1536 queat
1063 1457 1195 1532 „Demo-

91 1560 182 1636 critua,
206 1560 303 1642 inquit
331 1557 466 1636 Tullius,
490 1558 654 1622 luminibus
681 1559 815 1636 amissis,
845 1561 913 1623 alba
939 1561 1055 1624 scilicet
1082 1569 1113 1623 et
1129 1569 1194 1626 atra

90 1668 252 1730 discernere
279 1685 343 1730 uon
367 1675 496 1746 poterat.
541 1668 583 1730 At
610 1667 794 1744 verobona,
824 1667 917 1743 mala;
945 1689 1050 1751 aequa,
1078 1669 1192 1752 iniqua;

90 1775 213 1852 honesta,
235 1774 354 1854 turpie;
382 1773 475 1851 utilia,
500 1775 630 1849 inutilior
664 1795 780 1856 magna,
798 1795 893 1856 parva
917 1783 1051 1857 poterat:
1077 1781 1107 1838 et
1128 1776 1194 1840 sino

88 1883 220 1946 varietate
244 1881 387 1944 colorum
409 1880 520 1944 licebat
538 1882 640 1946 vivere
658 1884 762 1956 beator
782 1884 848 1945 sine
865 1881 991 1946 notione
1011 1903 1113 1946 rerum
1131 1903 1193 1947 non

87 1991 193 2054 licebat
231 1991 337 2072 Atque
359 1991 408 2052 hic
428 1989 475 2050 vir
496 1989 635 2070 impediri
649 1990 738 2052 etiam
760 1989 958 2052 euiruiacicm
978 1997 1102 2071 aspectu
1121 2011 1194 2054 ocu-

87 2097 178 2160 lorum
197 2096 416 2160 arbitrabatur:
440 2105 470 2160 et
491 2117 586 2178 quum
604 2096 654 2158 alii
675 2115 776 2178 saepe,
798 2098 882 2179 quod
897 2104 966 2159 aute
986 2097 1081 2177 pedes
1103 2105 1191 2175 esset,

87 2225 143 2268 uon
161 2206 310 2280 viderent,
331 2204 383 2267 ille
406 2205 434 2266 in
455 2205 628 2266 infinitatem
648 2223 768 2268 omnem
788 2205 1046 2287 peregrinabatur,
1059 2212 1093 2268 ut
1110 2205 1193 2268 nulla

88 2313 115 2372 iu
137 2312 324 2376 extremitate
343 2311 549 2375 consisteret.’'
585 2313 627 2374 At
647 2313 727 2374 idern
745 2314 782 2376 de
804 2313 884 2376 finib.
906 2313 1014 2376 boruor.
1035 2319 1065 2376 et
1086 2312 1191 2376 malor.

87 2419 196 2484 libroV
215 2439 286 2500 cap.
303 2419 344 2482 99
365 2419 535 2482 dubitanter
557 2421 595 2482 de
612 2422 668 2482 bec
690 2439 739 2481 re:
764 2417 856 2498 „Cur,
876 2420 982 2503 inquit,
1000 2420 1074 2482 haec
1088 2420 1193 2482 eadem

88 2527 294 2590 Democritus?
316 2527 368 2610 qui
387 2527 473 2608 (vere
496 2527 611 2592 salsone
632 2547 694 2590 nou
718 2526 903 2609 quaerimus)
916 2527 946 2610 ⁶)
970 2527 1080 2590 dieitur
1095 2527 1193 2590 oculis

88 2653 118 2696 se
135 2632 299 2715 privasse.”
338 2635 410 2697 inde
433 2635 571 2714 efficitur,
589 2634 769 2698 Ciceronem
791 2633 861 2696 huie
882 2634 1001 2697 tabulae
1019 2633 1110 2695 tidem
1130 2653 1193 2698 non

87 2743 202 2806 omnino
229 2741 419 2821 adjunxisse,
445 2743 500 2806 sed
525 2762 598 2806 vera
632 2749 712 2805 esset
743 2741 855 2802 falsane
885 2740 1045 2803 dubitasse.
1088 2741 1191 2822 ltaque

88 2871 122 2912 ae
141 2851 224 2932 prior
250 2849 375 2932 quidem
395 2849 483 2914 locus
504 2871 595 2934 quem
614 2871 631 2912 e
651 2847 832 2912 Tusculanis
852 2847 1076 2930 quaestionibus
1097 2847 1192 2926 attuli,

87 2963 255 3040 argumento
284 2975 351 3020 esse
378 2964 495 3038 potest,
524 2979 589 3022 rem
616 2957 687 3020 huie
708 2954 851 3035 scriptori
870 2954 1043 3018 credibilem
1066 2973 1132 3018 esse
1150 2955 1193 3018 ui-

87 3085 154 3129 sam.
197 3065 322 3148 Quippe
352 3064 395 3126 ibi
423 3065 682 3129 demonstraturus
710 3063 748 3124 de
773 3061 899 3144 Epicuri
924 3062 1072 3126 sententia
1086 3061 1117 3141 ⁷)
1146 3083 1193 3124 sa-

87 3175 211 3254 pientem
232 3191 356 3252 semper
384 3191 450 3234 esse
477 3173 607 3251 beatum,
630 3169 747 3233 etiamsi
769 3169 930 3232 oculorum
951 3169 1103 3234 auriumve
1126 3189 1192 3232 sen-

90 3282 166 3344 sibus
185 3285 297 3354 eareat,
319 3298 389 3340 curu
418 3278 548 3342 aliorum
576 3279 629 3362 qui
649 3278 733 3340 caeci
761 3277 887 3353 fuerint,
913 3277 969 3338 sed
998 3276 1143 3356 sapientia
1162 3283 1192 3338 et

89 3389 249 3452 eruditione
270 3386 468 3450 excellueriut
496 3385 633 3466 exempla
652 3384 805 3466 proponit,
832 3391 895 3447 turn
916 3385 1082 3447 Democriti
1102 3390 1192 3467 etque

89 3495 213 3560 llomeri.
259 3491 307 3556 Ac
331 3501 521 3556 caeterorum
549 3493 670 3575 quidern
696 3492 817 3555 nomina
844 3490 894 3554 laic
916 3491 1032 3555 tacebo.
1073 3493 1108 3554 ld
1128 3505 1192 3554 tan-

89 3609 146 3662 tum
171 3601 282 3676 dicam,
310 3598 341 3662 in
371 3602 430 3664 hoc
459 3601 542 3684 quod
564 3598 732 3662 Democriti
753 3606 841 3682 atque
861 3601 985 3662 llomeri
1011 3602 1192 3662 mentionem

30 3783 31 3786 Ἴ
88 3707 155 3770 lacit
182 3707 315 3784 Tullius,
342 3707 440 3770 virum
483 3705 772 3788 praestantissimum
804 3725 878 3786 prae
907 3707 1096 3770 testinatione
1133 3727 1193 3789 que

88 3815 268 3879 Tusculanas
302 3813 485 3896 conscripsit
512 3812 738 3894 disputationes,
773 3812 924 3896 inquirere
956 3815 987 3877 in
1023 3813 1192 3876 fabularum

87 3979 284 3996 ——uu-

154 4085 176 4148 ¹)
194 4087 288 4137 Cicero
308 4091 413 4142 Tuscul.
435 4091 502 4156 disp.
518 4090 561 4144 lib.
582 4091 611 4153 V,
630 4087 671 4141 39.

155 4177 177 4234 ⁸)
194 4178 234 4228 sic
252 4181 408 4245 corrigenda
434 4185 476 4234 est
492 4181 605 4244 vurlgata.

156 4265 179 4328 'l
194 4267 232 4318 cr.
250 4269 353 4324 Tuscu.
378 4274 447 4338 aurp.
464 4271 506 4323 ru.
525 4271 553 4320 v.
570 4283 593 4323 a.
609 4267 649 4324 38.
