<?xml version="1.0" encoding="UTF-8"?>
<!DOCTYPE html PUBLIC "-//W3C//DTD XHTML 1.0 Transitional//EN"
    "http://www.w3.org/TR/xhtml1/DTD/xhtml1-transitional.dtd">
<html xmlns="http://www.w3.org/1999/xhtml" xml:lang="en" lang="en">
 <head>
  <title>
</title>
<meta http-equiv="Content-Type" content="text/html;charset=utf-8" />
  <meta name='ocr-system' content='tesseract 3.04.00' />
  <meta name='ocr-capabilities' content='ocr_page ocr_carea ocr_par ocr_line ocrx_word'/>
</head>
<body>
  <div class='ocr_page' id='page_1' title='image "./democritiabderi00mullgoog_0026.png"; bbox 0 0 2956 4860; ppageno 0'>
   <div class='ocr_carea' id='block_1_1' title="bbox 386 343 1180 417">
    <p class='ocr_par' dir='ltr' id='par_1_1' title="bbox 386 343 1180 417">
     <span class='ocr_line' id='line_1_1' title="bbox 386 343 1180 417; baseline 0.003 -18"><span class='ocrx_word' id='word_1_1' title='bbox 386 343 472 399; x_wconf 77' lang='lat' dir='ltr'><strong>Liber</strong></span> <span class='ocrx_word' id='word_1_2' title='bbox 491 343 514 398; x_wconf 90' lang='lat' dir='ltr'><strong>l.</strong></span> <span class='ocrx_word' id='word_1_3' title='bbox 558 343 600 399; x_wconf 82' lang='lat' dir='ltr'><strong>lie</strong></span> <span class='ocrx_word' id='word_1_4' title='bbox 621 343 771 417; x_wconf 75' lang='lat' dir='ltr'><strong>Democriti</strong></span> <span class='ocrx_word' id='word_1_5' title='bbox 792 346 858 404; x_wconf 85' lang='lat' dir='ltr'><strong>rita.</strong></span> <span class='ocrx_word' id='word_1_6' title='bbox 1158 351 1180 415; x_wconf 87' lang='lat'>5</span> 
     </span>
    </p>
   </div>
   <div class='ocr_carea' id='block_1_2' title="bbox 74 509 1178 596">
    <p class='ocr_par' dir='ltr' id='par_1_2' title="bbox 74 509 1178 596">
     <span class='ocr_line' id='line_1_2' title="bbox 74 509 1178 596; baseline 0.005 -21"><span class='ocrx_word' id='word_1_7' title='bbox 74 513 196 592; x_wconf 80' lang='lat' dir='ltr'><strong>audient,</strong></span> <span class='ocrx_word' id='word_1_8' title='bbox 221 515 302 595; x_wconf 87' lang='lat' dir='ltr'><strong>apud</strong></span> <span class='ocrx_word' id='word_1_9' title='bbox 329 532 407 596; x_wconf 91' lang='lat' dir='ltr'><strong>quos</strong></span> <span class='ocrx_word' id='word_1_10' title='bbox 428 517 590 595; x_wconf 80' lang='lat' dir='ltr'><strong>postquam</strong></span> <span class='ocrx_word' id='word_1_11' title='bbox 608 509 658 593; x_wconf 81' lang='lat'><strong>¹¹)</strong></span> <span class='ocrx_word' id='word_1_12' title='bbox 686 513 903 596; x_wconf 84' lang='lat' dir='ltr'><strong>(caeterorum)</strong></span> <span class='ocrx_word' id='word_1_13' title='bbox 929 517 1063 578; x_wconf 82' lang='lat' dir='ltr'><strong>oninium</strong></span> <span class='ocrx_word' id='word_1_14' title='bbox 1084 525 1178 580; x_wconf 86' lang='lat' dir='ltr'><strong>terras</strong></span> 
     </span>
    </p>
   </div>
   <div class='ocr_carea' id='block_1_3' title="bbox 72 653 300 672">
    <p class='ocr_par' dir='ltr' id='par_1_3' title="bbox 72 653 300 672">
     <span class='ocr_line' id='line_1_3' title="bbox 72 653 300 672; baseline -0.009 0"><span class='ocrx_word' id='word_1_15' title='bbox 72 653 266 672; x_wconf 70' lang='lat'><strong>——</strong></span> <span class='ocrx_word' id='word_1_16' title='bbox 296 657 300 664; x_wconf 90' lang='lat'>·</span> 
     </span>
    </p>
   </div>
   <div class='ocr_carea' id='block_1_4' title="bbox 69 742 1177 2580">
    <p class='ocr_par' dir='ltr' id='par_1_4' title="bbox 69 742 1177 2580">
     <span class='ocr_line' id='line_1_4' title="bbox 74 742 1177 820; baseline 0.002 -22"><span class='ocrx_word' id='word_1_17' title='bbox 74 746 219 819; x_wconf 64' lang='lat' dir='ltr'><strong>apaullon·</strong></span> <span class='ocrx_word' id='word_1_18' title='bbox 239 751 292 800; x_wconf 76' lang='lat' dir='ltr'><strong>mila</strong></span> <span class='ocrx_word' id='word_1_19' title='bbox 314 745 440 820; x_wconf 74' lang='grc' dir='ltr'><strong>ἀμαυρῶν</strong></span> <span class='ocrx_word' id='word_1_20' title='bbox 460 743 575 817; x_wconf 79' lang='grc' dir='ltr'>ἀστέρων</span> <span class='ocrx_word' id='word_1_21' title='bbox 597 742 727 819; x_wconf 58' lang='lat' dir='ltr'><strong>minucie.</strong></span> <span class='ocrx_word' id='word_1_22' title='bbox 766 750 811 798; x_wconf 88' lang='lat' dir='ltr'><strong>Sic</strong></span> <span class='ocrx_word' id='word_1_23' title='bbox 827 753 916 800; x_wconf 89' lang='lat' dir='ltr'><strong>aulem</strong></span> <span class='ocrx_word' id='word_1_24' title='bbox 935 751 1023 801; x_wconf 77' lang='lat' dir='ltr'><strong>«lictae</strong></span> <span class='ocrx_word' id='word_1_25' title='bbox 1045 751 1177 812; x_wconf 77' lang='lat' dir='ltr'><strong>uideatur,</strong></span> 
     </span>
     <span class='ocr_line' id='line_1_5' title="bbox 74 829 1176 896; baseline 0.002 -16"><span class='ocrx_word' id='word_1_26' title='bbox 74 837 98 880; x_wconf 88' lang='lat' dir='ltr'><strong>al</strong></span> <span class='ocrx_word' id='word_1_27' title='bbox 115 835 186 883; x_wconf 88' lang='lat' dir='ltr'><strong>recte</strong></span> <span class='ocrx_word' id='word_1_28' title='bbox 205 831 242 882; x_wconf 94' lang='lat' dir='ltr'><strong>ibi</strong></span> <span class='ocrx_word' id='word_1_29' title='bbox 256 831 377 882; x_wconf 83' lang='lat' dir='ltr'><strong>Valesius</strong></span> <span class='ocrx_word' id='word_1_30' title='bbox 403 831 503 890; x_wconf 90' lang='lat' dir='ltr'><strong>monet,</strong></span> <span class='ocrx_word' id='word_1_31' title='bbox 531 829 624 880; x_wconf 87' lang='lat' dir='ltr'><strong>stellae</strong></span> <span class='ocrx_word' id='word_1_32' title='bbox 647 831 758 892; x_wconf 76' lang='lat' dir='ltr'><strong>salgiaco</strong></span> <span class='ocrx_word' id='word_1_33' title='bbox 777 829 950 895; x_wconf 73' lang='lat' dir='ltr'><strong>crebraeque,</strong></span> <span class='ocrx_word' id='word_1_34' title='bbox 972 846 1041 896; x_wconf 90' lang='lat' dir='ltr'><strong>quae</strong></span> <span class='ocrx_word' id='word_1_35' title='bbox 1060 833 1086 882; x_wconf 94' lang='lat' dir='ltr'><strong>in</strong></span> <span class='ocrx_word' id='word_1_36' title='bbox 1105 834 1176 883; x_wconf 82' lang='lat' dir='ltr'><strong>dex-</strong></span> 
     </span>
     <span class='ocr_line' id='line_1_6' title="bbox 73 907 1177 982; baseline 0.002 -20"><span class='ocrx_word' id='word_1_37' title='bbox 73 917 123 962; x_wconf 86' lang='lat' dir='ltr'><strong>tera</strong></span> <span class='ocrx_word' id='word_1_38' title='bbox 143 927 225 964; x_wconf 86' lang='lat' dir='ltr'><strong>mann</strong></span> <span class='ocrx_word' id='word_1_39' title='bbox 250 913 341 964; x_wconf 85' lang='lat' dir='ltr'><strong>Persei</strong></span> <span class='ocrx_word' id='word_1_40' title='bbox 365 923 471 962; x_wconf 76' lang='lat' dir='ltr'><strong>suntme</strong></span> <span class='ocrx_word' id='word_1_41' title='bbox 496 912 640 972; x_wconf 89' lang='lat' dir='ltr'><strong>notentur,</strong></span> <span class='ocrx_word' id='word_1_42' title='bbox 668 923 792 976; x_wconf 88' lang='lat' dir='ltr'><strong>quaeque</strong></span> <span class='ocrx_word' id='word_1_43' title='bbox 812 913 840 960; x_wconf 93' lang='lat' dir='ltr'><strong>et</strong></span> <span class='ocrx_word' id='word_1_44' title='bbox 865 907 934 982; x_wconf 75' lang='grc' dir='ltr'><strong>ἅρπη</strong></span> <span class='ocrx_word' id='word_1_45' title='bbox 952 913 1085 974; x_wconf 88' lang='lat' dir='ltr'><strong>dicontur,</strong></span> <span class='ocrx_word' id='word_1_46' title='bbox 1104 915 1177 978; x_wconf 89' lang='lat' dir='ltr'><strong>quod</strong></span> 
     </span>
     <span class='ocr_line' id='line_1_7' title="bbox 73 987 1176 1063; baseline 0.001 -21"><span class='ocrx_word' id='word_1_47' title='bbox 73 990 161 1063; x_wconf 73' lang='grc' dir='ltr'><strong>τίςτὴν</strong></span> <span class='ocrx_word' id='word_1_48' title='bbox 179 989 263 1063; x_wconf 72' lang='grc' dir='ltr'><strong>ἅρπην</strong></span> <span class='ocrx_word' id='word_1_49' title='bbox 281 987 517 1062; x_wconf 73' lang='grc' dir='ltr'><strong>καταπαρίζονται,</strong></span> <span class='ocrx_word' id='word_1_50' title='bbox 551 991 624 1052; x_wconf 88' lang='lat' dir='ltr'><strong>Vide,</strong></span> <span class='ocrx_word' id='word_1_51' title='bbox 643 1006 711 1057; x_wconf 86' lang='lat' dir='ltr'><strong>quos</strong></span> <span class='ocrx_word' id='word_1_52' title='bbox 733 991 846 1055; x_wconf 81' lang='lat' dir='ltr'><strong>illejam</strong></span> <span class='ocrx_word' id='word_1_53' title='bbox 869 992 967 1054; x_wconf 85' lang='lat' dir='ltr'><strong>citarit,</strong></span> <span class='ocrx_word' id='word_1_54' title='bbox 992 993 1063 1042; x_wconf 82' lang='lat' dir='ltr'><strong>hratl</strong></span> <span class='ocrx_word' id='word_1_55' title='bbox 1089 991 1176 1043; x_wconf 84' lang='lat' dir='ltr'><strong>iute&#39;r-</strong></span> 
     </span>
     <span class='ocr_line' id='line_1_8' title="bbox 72 1067 1176 1142; baseline 0.003 -21"><span class='ocrx_word' id='word_1_56' title='bbox 72 1077 154 1136; x_wconf 80' lang='lat' dir='ltr'><strong>pretes</strong></span> <span class='ocrx_word' id='word_1_57' title='bbox 186 1073 320 1138; x_wconf 77' lang='lat' dir='ltr'>Hyginum</span> <span class='ocrx_word' id='word_1_58' title='bbox 355 1075 383 1122; x_wconf 95' lang='lat' dir='ltr'><strong>et</strong></span> <span class='ocrx_word' id='word_1_59' title='bbox 406 1071 604 1122; x_wconf 84' lang='lat' dir='ltr'><strong>Germanicum.</strong></span> <span class='ocrx_word' id='word_1_60' title='bbox 654 1073 722 1136; x_wconf 79' lang='lat' dir='ltr'><strong>Ergo</strong></span> <span class='ocrx_word' id='word_1_61' title='bbox 755 1075 778 1122; x_wconf 87' lang='lat' dir='ltr'><strong>si</strong></span> <span class='ocrx_word' id='word_1_62' title='bbox 815 1067 943 1142; x_wconf 74' lang='grc' dir='ltr'><strong>ἀρτιλόνη</strong></span> <span class='ocrx_word' id='word_1_63' title='bbox 980 1073 1050 1122; x_wconf 88' lang='lat' dir='ltr'><strong>idem</strong></span> <span class='ocrx_word' id='word_1_64' title='bbox 1069 1087 1176 1137; x_wconf 89' lang='lat' dir='ltr'><strong>qunque</strong></span> 
     </span>
     <span class='ocr_line' id='line_1_9' title="bbox 71 1149 1176 1225; baseline 0 -23"><span class='ocrx_word' id='word_1_65' title='bbox 71 1154 136 1217; x_wconf 89' lang='lat' dir='ltr'><strong>quod</strong></span> <span class='ocrx_word' id='word_1_66' title='bbox 155 1149 224 1223; x_wconf 69' lang='grc' dir='ltr'><strong>ἅρπη</strong></span> <span class='ocrx_word' id='word_1_67' title='bbox 240 1153 319 1214; x_wconf 63' lang='lat' dir='ltr'><strong>rdet,</strong></span> <span class='ocrx_word' id='word_1_68' title='bbox 340 1157 369 1204; x_wconf 92' lang='lat' dir='ltr'><strong>ut</strong></span> <span class='ocrx_word' id='word_1_69' title='bbox 385 1153 447 1203; x_wconf 90' lang='lat' dir='ltr'><strong>bine</strong></span> <span class='ocrx_word' id='word_1_70' title='bbox 467 1153 588 1216; x_wconf 84' lang='lat' dir='ltr'><strong>eflicitur,</strong></span> <span class='ocrx_word' id='word_1_71' title='bbox 604 1149 812 1225; x_wconf 77' lang='lat' dir='ltr'><strong>&#39;Apnahoaa&#39;rrrm</strong></span> <span class='ocrx_word' id='word_1_72' title='bbox 832 1152 947 1215; x_wconf 79' lang='lat' dir='ltr'><strong>falcigeri</strong></span> <span class='ocrx_word' id='word_1_73' title='bbox 966 1152 989 1201; x_wconf 93' lang='lat' dir='ltr'><strong>b.</strong></span> <span class='ocrx_word' id='word_1_74' title='bbox 1001 1167 1024 1204; x_wconf 89' lang='lat' dir='ltr'><strong>e.</strong></span> <span class='ocrx_word' id='word_1_75' title='bbox 1041 1153 1176 1214; x_wconf 77' lang='lat' dir='ltr'><strong>viriliores,</strong></span> 
     </span>
     <span class='ocr_line' id='line_1_10' title="bbox 71 1233 1174 1298; baseline 0.002 -16"><span class='ocrx_word' id='word_1_76' title='bbox 71 1235 193 1296; x_wconf 70' lang='lat' dir='ltr'><strong>agricolae</strong></span> <span class='ocrx_word' id='word_1_77' title='bbox 210 1239 299 1286; x_wconf 89' lang='lat' dir='ltr'><strong>erunt.</strong></span> <span class='ocrx_word' id='word_1_78' title='bbox 334 1235 387 1285; x_wconf 86' lang='lat' dir='ltr'><strong>Sed</strong></span> <span class='ocrx_word' id='word_1_79' title='bbox 404 1247 488 1298; x_wconf 89' lang='lat' dir='ltr'><strong>quum</strong></span> <span class='ocrx_word' id='word_1_80' title='bbox 507 1234 650 1287; x_wconf 86' lang='lat' dir='ltr'><strong>doctorum</strong></span> <span class='ocrx_word' id='word_1_81' title='bbox 666 1235 786 1284; x_wconf 83' lang='lat' dir='ltr'><strong>virorum</strong></span> <span class='ocrx_word' id='word_1_82' title='bbox 808 1234 834 1282; x_wconf 92' lang='lat' dir='ltr'><strong>in</strong></span> <span class='ocrx_word' id='word_1_83' title='bbox 850 1233 996 1285; x_wconf 78' lang='lat' dir='ltr'><strong>Democriti</strong></span> <span class='ocrx_word' id='word_1_84' title='bbox 1014 1234 1074 1283; x_wconf 90' lang='lat' dir='ltr'><strong>icco</strong></span> <span class='ocrx_word' id='word_1_85' title='bbox 1094 1247 1174 1284; x_wconf 90' lang='lat' dir='ltr'><strong>men-</strong></span> 
     </span>
     <span class='ocr_line' id='line_1_11' title="bbox 72 1313 1175 1381; baseline 0 -17"><span class='ocrx_word' id='word_1_86' title='bbox 72 1317 103 1364; x_wconf 88' lang='lat' dir='ltr'><strong>ilo</strong></span> <span class='ocrx_word' id='word_1_87' title='bbox 122 1317 172 1378; x_wconf 84' lang='lat' dir='ltr'><strong>liat,</strong></span> <span class='ocrx_word' id='word_1_88' title='bbox 190 1317 266 1379; x_wconf 90' lang='lat' dir='ltr'><strong>prior</strong></span> <span class='ocrx_word' id='word_1_89' title='bbox 283 1316 341 1376; x_wconf 89' lang='lat' dir='ltr'><strong>lsla,</strong></span> <span class='ocrx_word' id='word_1_90' title='bbox 355 1327 436 1380; x_wconf 88' lang='lat' dir='ltr'><strong>quam</strong></span> <span class='ocrx_word' id='word_1_91' title='bbox 454 1317 592 1381; x_wconf 78' lang='lat' dir='ltr'><strong>proposui,</strong></span> <span class='ocrx_word' id='word_1_92' title='bbox 612 1313 770 1368; x_wconf 86' lang='lat' dir='ltr'><strong>enucleendi</strong></span> <span class='ocrx_word' id='word_1_93' title='bbox 787 1315 854 1364; x_wconf 91' lang='lat' dir='ltr'><strong>ratio</strong></span> <span class='ocrx_word' id='word_1_94' title='bbox 872 1327 938 1364; x_wconf 79' lang='lat' dir='ltr'><strong>uere</strong></span> <span class='ocrx_word' id='word_1_95' title='bbox 959 1316 1007 1364; x_wconf 86' lang='lat' dir='ltr'><strong>est.</strong></span> <span class='ocrx_word' id='word_1_96' title='bbox 1032 1316 1175 1364; x_wconf 72' lang='lat' dir='ltr'><strong>Caeterum</strong></span> 
     </span>
     <span class='ocr_line' id='line_1_12' title="bbox 71 1394 1176 1462; baseline 0 -16"><span class='ocrx_word' id='word_1_97' title='bbox 71 1399 195 1447; x_wconf 90' lang='lat' dir='ltr'><strong>neminem</strong></span> <span class='ocrx_word' id='word_1_98' title='bbox 215 1395 333 1446; x_wconf 86' lang='lat' dir='ltr'><strong>arbitror</strong></span> <span class='ocrx_word' id='word_1_99' title='bbox 350 1394 450 1444; x_wconf 89' lang='lat' dir='ltr'><strong>nodum</strong></span> <span class='ocrx_word' id='word_1_100' title='bbox 471 1397 498 1446; x_wconf 94' lang='lat' dir='ltr'><strong>in</strong></span> <span class='ocrx_word' id='word_1_101' title='bbox 516 1397 606 1461; x_wconf 80' lang='lat' dir='ltr'><strong>scirpo</strong></span> <span class='ocrx_word' id='word_1_102' title='bbox 625 1396 818 1462; x_wconf 88' lang='lat' dir='ltr'><strong>quaesitorum,</strong></span> <span class='ocrx_word' id='word_1_103' title='bbox 844 1394 918 1460; x_wconf 90' lang='lat' dir='ltr'><strong>quod</strong></span> <span class='ocrx_word' id='word_1_104' title='bbox 938 1396 1010 1458; x_wconf 89' lang='lat' dir='ltr'><strong>apud</strong></span> <span class='ocrx_word' id='word_1_105' title='bbox 1032 1399 1176 1460; x_wconf 87' lang='lat' dir='ltr'><strong>uirumque</strong></span> 
     </span>
     <span class='ocr_line' id='line_1_13' title="bbox 70 1470 1175 1546; baseline -0.002 -18"><span class='ocrx_word' id='word_1_106' title='bbox 70 1479 221 1542; x_wconf 75' lang='lat' dir='ltr'><strong>scriptorem</strong></span> <span class='ocrx_word' id='word_1_107' title='bbox 260 1477 307 1541; x_wconf 89' lang='lat' dir='ltr'><strong>qui</strong></span> <span class='ocrx_word' id='word_1_108' title='bbox 345 1475 491 1527; x_wconf 88' lang='lat' dir='ltr'><strong>Democriti</strong></span> <span class='ocrx_word' id='word_1_109' title='bbox 524 1477 609 1528; x_wconf 85' lang='lat' dir='ltr'><strong>verba</strong></span> <span class='ocrx_word' id='word_1_110' title='bbox 644 1476 724 1528; x_wconf 88' lang='lat' dir='ltr'><strong>nobis</strong></span> <span class='ocrx_word' id='word_1_111' title='bbox 747 1475 867 1526; x_wconf 87' lang='lat' dir='ltr'><strong>servavit</strong></span> <span class='ocrx_word' id='word_1_112' title='bbox 889 1487 943 1525; x_wconf 88' lang='lat' dir='ltr'><strong>aon</strong></span> <span class='ocrx_word' id='word_1_113' title='bbox 967 1470 1175 1546; x_wconf 74' lang='lat' dir='ltr'><strong>‘Apnrdordnrua</strong></span> 
     </span>
     <span class='ocr_line' id='line_1_14' title="bbox 70 1551 1175 1626; baseline -0.001 -18"><span class='ocrx_word' id='word_1_114' title='bbox 70 1571 158 1622; x_wconf 82' lang='lat' dir='ltr'><strong>aspero</strong></span> <span class='ocrx_word' id='word_1_115' title='bbox 176 1559 286 1624; x_wconf 86' lang='lat' dir='ltr'><strong>spiritu,</strong></span> <span class='ocrx_word' id='word_1_116' title='bbox 307 1569 388 1620; x_wconf 89' lang='lat' dir='ltr'><strong>quern</strong></span> <span class='ocrx_word' id='word_1_117' title='bbox 411 1569 510 1607; x_wconf 86' lang='lat' dir='ltr'><strong>nomen</strong></span> <span class='ocrx_word' id='word_1_118' title='bbox 534 1558 688 1622; x_wconf 80' lang='lat' dir='ltr'><strong>requirebat</strong></span> <span class='ocrx_word' id='word_1_119' title='bbox 713 1557 763 1608; x_wconf 89' lang='lat' dir='ltr'><strong>sed</strong></span> <span class='ocrx_word' id='word_1_120' title='bbox 787 1551 994 1626; x_wconf 77' lang='grc' dir='ltr'><strong>Ἀρτεδανάτται</strong></span> <span class='ocrx_word' id='word_1_121' title='bbox 1016 1556 1067 1608; x_wconf 88' lang='lat' dir='ltr'><strong>leni</strong></span> <span class='ocrx_word' id='word_1_122' title='bbox 1086 1556 1175 1607; x_wconf 86' lang='lat' dir='ltr'><strong>altlatu</strong></span> 
     </span>
     <span class='ocr_line' id='line_1_15' title="bbox 70 1635 1175 1704; baseline -0.004 -14"><span class='ocrx_word' id='word_1_123' title='bbox 70 1639 279 1704; x_wconf 81' lang='lat' dir='ltr'><strong>deprehenditur,</strong></span> <span class='ocrx_word' id='word_1_124' title='bbox 296 1635 429 1700; x_wconf 87' lang='lat' dir='ltr'><strong>siquidem</strong></span> <span class='ocrx_word' id='word_1_125' title='bbox 447 1641 561 1700; x_wconf 89' lang='lat' dir='ltr'><strong>constat,</strong></span> <span class='ocrx_word' id='word_1_126' title='bbox 582 1653 664 1704; x_wconf 89' lang='lat' dir='ltr'><strong>qnam</strong></span> <span class='ocrx_word' id='word_1_127' title='bbox 688 1651 770 1701; x_wconf 88' lang='lat' dir='ltr'><strong>saepe</strong></span> <span class='ocrx_word' id='word_1_128' title='bbox 790 1637 890 1687; x_wconf 88' lang='lat' dir='ltr'><strong>librarii</strong></span> <span class='ocrx_word' id='word_1_129' title='bbox 911 1637 937 1686; x_wconf 94' lang='lat' dir='ltr'><strong>in</strong></span> <span class='ocrx_word' id='word_1_130' title='bbox 955 1639 1058 1688; x_wconf 76' lang='lat' dir='ltr'><strong>utrovis</strong></span> <span class='ocrx_word' id='word_1_131' title='bbox 1080 1638 1175 1700; x_wconf 89' lang='lat' dir='ltr'><strong>spiritu</strong></span> 
     </span>
     <span class='ocr_line' id='line_1_16' title="bbox 71 1716 1175 1784; baseline -0.002 -15"><span class='ocrx_word' id='word_1_132' title='bbox 71 1721 106 1770; x_wconf 86' lang='lat' dir='ltr'><strong>rel</strong></span> <span class='ocrx_word' id='word_1_133' title='bbox 125 1719 281 1784; x_wconf 79' lang='lat' dir='ltr'><strong>negligendo</strong></span> <span class='ocrx_word' id='word_1_134' title='bbox 298 1718 339 1768; x_wconf 84' lang='lat' dir='ltr'><strong>uel</strong></span> <span class='ocrx_word' id='word_1_135' title='bbox 354 1719 533 1780; x_wconf 86' lang='lat' dir='ltr'><strong>permutando</strong></span> <span class='ocrx_word' id='word_1_136' title='bbox 551 1721 732 1783; x_wconf 86' lang='lat' dir='ltr'><strong>peccaverint.</strong></span> <span class='ocrx_word' id='word_1_137' title='bbox 759 1719 831 1768; x_wconf 89' lang='lat' dir='ltr'><strong>llaec</strong></span> <span class='ocrx_word' id='word_1_138' title='bbox 846 1716 972 1769; x_wconf 85' lang='lat' dir='ltr'><strong>scribenti</strong></span> <span class='ocrx_word' id='word_1_139' title='bbox 990 1717 1026 1768; x_wconf 92' lang='lat' dir='ltr'><strong>ob</strong></span> <span class='ocrx_word' id='word_1_140' title='bbox 1039 1719 1078 1768; x_wconf 86' lang='lat' dir='ltr'><strong>rei</strong></span> <span class='ocrx_word' id='word_1_141' title='bbox 1096 1717 1175 1768; x_wconf 89' lang='lat' dir='ltr'><strong>eoni-</strong></span> 
     </span>
     <span class='ocr_line' id='line_1_17' title="bbox 70 1799 1175 1866; baseline -0.002 -16"><span class='ocrx_word' id='word_1_142' title='bbox 70 1815 116 1866; x_wconf 90' lang='lat' dir='ltr'><strong>que</strong></span> <span class='ocrx_word' id='word_1_143' title='bbox 135 1801 335 1852; x_wconf 87' lang='lat' dir='ltr'><strong>similitudinem</strong></span> <span class='ocrx_word' id='word_1_144' title='bbox 361 1799 387 1849; x_wconf 92' lang='lat' dir='ltr'><strong>in</strong></span> <span class='ocrx_word' id='word_1_145' title='bbox 414 1803 533 1851; x_wconf 87' lang='lat' dir='ltr'><strong>mentem</strong></span> <span class='ocrx_word' id='word_1_146' title='bbox 557 1801 620 1852; x_wconf 87' lang='lat' dir='ltr'><strong>mihi</strong></span> <span class='ocrx_word' id='word_1_147' title='bbox 645 1801 719 1852; x_wconf 88' lang='lat' dir='ltr'><strong>venit</strong></span> <span class='ocrx_word' id='word_1_148' title='bbox 735 1799 827 1864; x_wconf 79' lang='lat' dir='ltr'><strong>gallica</strong></span> <span class='ocrx_word' id='word_1_149' title='bbox 847 1811 900 1848; x_wconf 80' lang='lat' dir='ltr'><strong>vox</strong></span> <span class='ocrx_word' id='word_1_150' title='bbox 922 1804 1015 1864; x_wconf 81' lang='lat' dir='ltr'><strong>arpent</strong></span> <span class='ocrx_word' id='word_1_151' title='bbox 1043 1811 1113 1862; x_wconf 90' lang='lat' dir='ltr'><strong>quae</strong></span> <span class='ocrx_word' id='word_1_152' title='bbox 1142 1811 1175 1848; x_wconf 84' lang='lat' dir='ltr'><strong>ea</strong></span> 
     </span>
     <span class='ocr_line' id='line_1_18' title="bbox 69 1877 1174 1948; baseline -0.004 -18"><span class='ocrx_word' id='word_1_153' title='bbox 69 1883 249 1934; x_wconf 77' lang='lat' dir='ltr'><strong>vetustissimis</strong></span> <span class='ocrx_word' id='word_1_154' title='bbox 274 1879 440 1945; x_wconf 82' lang='lat' dir='ltr'><strong>temporibus</strong></span> <span class='ocrx_word' id='word_1_155' title='bbox 467 1882 493 1930; x_wconf 92' lang='lat' dir='ltr'><strong>in</strong></span> <span class='ocrx_word' id='word_1_156' title='bbox 517 1881 585 1933; x_wconf 89' lang='lat' dir='ltr'><strong>illius</strong></span> <span class='ocrx_word' id='word_1_157' title='bbox 608 1883 695 1944; x_wconf 78' lang='lat' dir='ltr'><strong>gentis</strong></span> <span class='ocrx_word' id='word_1_158' title='bbox 712 1893 837 1932; x_wconf 88' lang='lat' dir='ltr'><strong>sermone</strong></span> <span class='ocrx_word' id='word_1_159' title='bbox 857 1880 962 1930; x_wconf 84' lang='lat' dir='ltr'><strong>mansit.</strong></span> <span class='ocrx_word' id='word_1_160' title='bbox 991 1879 1102 1948; x_wconf 15' lang='lat' dir='ltr'><strong>&#39;Etenim</strong></span> <span class='ocrx_word' id='word_1_161' title='bbox 1119 1877 1174 1939; x_wconf 82' lang='lat' dir='ltr'><strong>jam</strong></span> 
     </span>
     <span class='ocr_line' id='line_1_19' title="bbox 69 1955 1176 2026; baseline -0.007 -14"><span class='ocrx_word' id='word_1_162' title='bbox 69 1963 202 2014; x_wconf 77' lang='lat' dir='ltr'><strong>Columella</strong></span> <span class='ocrx_word' id='word_1_163' title='bbox 220 1958 329 2023; x_wconf 81' lang='lat' dir='ltr'><strong>5,1,c:</strong></span> <span class='ocrx_word' id='word_1_164' title='bbox 346 1963 552 2026; x_wconf 75' lang='lat' dir='ltr'><strong>„semiiugerum</strong></span> <span class='ocrx_word' id='word_1_165' title='bbox 572 1975 687 2026; x_wconf 86' lang='lat' dir='ltr'><strong>qnoque,</strong></span> <span class='ocrx_word' id='word_1_166' title='bbox 705 1962 796 2024; x_wconf 89' lang='lat' dir='ltr'><strong>inquit,</strong></span> <span class='ocrx_word' id='word_1_167' title='bbox 816 1973 971 2026; x_wconf 72' lang='lat' dir='ltr'><strong>arapennem</strong></span> <span class='ocrx_word' id='word_1_168' title='bbox 984 1959 1083 2009; x_wconf 88' lang='lat' dir='ltr'><strong>vocant</strong></span> <span class='ocrx_word' id='word_1_169' title='bbox 1092 1955 1176 2017; x_wconf 86' lang='lat' dir='ltr'><strong>Galli,&#39;&#39;</strong></span> 
     </span>
     <span class='ocr_line' id='line_1_20' title="bbox 71 2039 1176 2106; baseline -0.006 -14"><span class='ocrx_word' id='word_1_170' title='bbox 71 2043 109 2092; x_wconf 90' lang='lat' dir='ltr'><strong>uhi</strong></span> <span class='ocrx_word' id='word_1_171' title='bbox 124 2045 163 2093; x_wconf 93' lang='lat' dir='ltr'><strong>alli</strong></span> <span class='ocrx_word' id='word_1_172' title='bbox 183 2043 265 2094; x_wconf 76' lang='lat' dir='ltr'><strong>codd</strong></span> <span class='ocrx_word' id='word_1_173' title='bbox 292 2055 446 2104; x_wconf 85' lang='lat' dir='ltr'><strong>arpennem,</strong></span> <span class='ocrx_word' id='word_1_174' title='bbox 472 2042 514 2092; x_wconf 90' lang='lat' dir='ltr'><strong>alii</strong></span> <span class='ocrx_word' id='word_1_175' title='bbox 541 2055 704 2106; x_wconf 78' lang='lat' dir='ltr'><strong>arepennem</strong></span> <span class='ocrx_word' id='word_1_176' title='bbox 728 2040 835 2091; x_wconf 89' lang='lat' dir='ltr'><strong>habent.</strong></span> <span class='ocrx_word' id='word_1_177' title='bbox 874 2039 1014 2090; x_wconf 87' lang='lat' dir='ltr'><strong>Praeterea</strong></span> <span class='ocrx_word' id='word_1_178' title='bbox 1033 2040 1097 2088; x_wconf 89' lang='lat' dir='ltr'><strong>nota</strong></span> <span class='ocrx_word' id='word_1_179' title='bbox 1118 2039 1176 2087; x_wconf 88' lang='lat' dir='ltr'><strong>erat</strong></span> 
     </span>
     <span class='ocr_line' id='line_1_21' title="bbox 70 2113 1174 2188; baseline -0.005 -17"><span class='ocrx_word' id='word_1_180' title='bbox 70 2124 196 2175; x_wconf 79' lang='lat' dir='ltr'><strong>ueteribus</strong></span> <span class='ocrx_word' id='word_1_181' title='bbox 214 2137 271 2174; x_wconf 79' lang='lat' dir='ltr'><strong>vox</strong></span> <span class='ocrx_word' id='word_1_182' title='bbox 290 2121 447 2188; x_wconf 76' lang='lat' dir='ltr'><strong>orpendiuai.</strong></span> <span class='ocrx_word' id='word_1_183' title='bbox 486 2123 606 2188; x_wconf 80' lang='lat' dir='ltr'><strong>Namque</strong></span> <span class='ocrx_word' id='word_1_184' title='bbox 627 2123 712 2174; x_wconf 84' lang='lat' dir='ltr'><strong>Gloss.</strong></span> <span class='ocrx_word' id='word_1_185' title='bbox 733 2121 789 2173; x_wconf 84' lang='lat' dir='ltr'><strong>Vct</strong></span> <span class='ocrx_word' id='word_1_186' title='bbox 804 2121 940 2184; x_wconf 89' lang='lat' dir='ltr'><strong>arpendia,</strong></span> <span class='ocrx_word' id='word_1_187' title='bbox 958 2113 1068 2188; x_wconf 70' lang='grc' dir='ltr'><strong>πλέθρα.</strong></span> <span class='ocrx_word' id='word_1_188' title='bbox 1096 2119 1174 2177; x_wconf 87' lang='lat' dir='ltr'><strong>Quo-</strong></span> 
     </span>
     <span class='ocr_line' id='line_1_22' title="bbox 70 2199 1175 2270; baseline -0.008 -16"><span class='ocrx_word' id='word_1_189' title='bbox 70 2205 142 2256; x_wconf 87' lang='lat' dir='ltr'><strong>modo</strong></span> <span class='ocrx_word' id='word_1_190' title='bbox 165 2205 238 2270; x_wconf 90' lang='lat' dir='ltr'><strong>apod</strong></span> <span class='ocrx_word' id='word_1_191' title='bbox 259 2203 433 2256; x_wconf 86' lang='lat' dir='ltr'><strong>Columellam</strong></span> <span class='ocrx_word' id='word_1_192' title='bbox 455 2204 630 2255; x_wconf 90' lang='lat' dir='ltr'><strong>scribendum</strong></span> <span class='ocrx_word' id='word_1_193' title='bbox 650 2204 699 2264; x_wconf 87' lang='lat' dir='ltr'><strong>sit,</strong></span> <span class='ocrx_word' id='word_1_194' title='bbox 722 2203 854 2252; x_wconf 88' lang='lat' dir='ltr'><strong>incertum</strong></span> <span class='ocrx_word' id='word_1_195' title='bbox 873 2203 921 2252; x_wconf 90' lang='lat' dir='ltr'><strong>est.</strong></span> <span class='ocrx_word' id='word_1_196' title='bbox 959 2200 1058 2249; x_wconf 89' lang='lat' dir='ltr'><strong>Omnes</strong></span> <span class='ocrx_word' id='word_1_197' title='bbox 1076 2199 1175 2262; x_wconf 78' lang='lat' dir='ltr'><strong>alitem,</strong></span> 
     </span>
     <span class='ocr_line' id='line_1_23' title="bbox 70 2277 1176 2350; baseline -0.008 -15"><span class='ocrx_word' id='word_1_198' title='bbox 70 2299 129 2350; x_wconf 86' lang='lat' dir='ltr'><strong>quas</strong></span> <span class='ocrx_word' id='word_1_199' title='bbox 146 2286 304 2347; x_wconf 86' lang='lat' dir='ltr'><strong>memoravi,</strong></span> <span class='ocrx_word' id='word_1_200' title='bbox 331 2297 413 2335; x_wconf 80' lang='lat' dir='ltr'><strong>voees</strong></span> <span class='ocrx_word' id='word_1_201' title='bbox 441 2286 482 2335; x_wconf 90' lang='lat' dir='ltr'><strong>vel</strong></span> <span class='ocrx_word' id='word_1_202' title='bbox 507 2297 607 2336; x_wconf 85' lang='lat' dir='ltr'><strong>vocum</strong></span> <span class='ocrx_word' id='word_1_203' title='bbox 632 2284 734 2334; x_wconf 86' lang='lat' dir='ltr'><strong>lormae</strong></span> <span class='ocrx_word' id='word_1_204' title='bbox 754 2285 781 2332; x_wconf 94' lang='lat' dir='ltr'><strong>et</strong></span> <span class='ocrx_word' id='word_1_205' title='bbox 798 2284 907 2346; x_wconf 89' lang='lat' dir='ltr'><strong>praeter</strong></span> <span class='ocrx_word' id='word_1_206' title='bbox 925 2281 973 2331; x_wconf 88' lang='lat' dir='ltr'><strong>has</strong></span> <span class='ocrx_word' id='word_1_207' title='bbox 993 2279 1092 2328; x_wconf 82' lang='lat' dir='ltr'><strong>miritae</strong></span> <span class='ocrx_word' id='word_1_208' title='bbox 1107 2277 1176 2326; x_wconf 88' lang='lat' dir='ltr'><strong>aliae</strong></span> 
     </span>
     <span class='ocr_line' id='line_1_24' title="bbox 71 2361 1176 2429; baseline -0.008 -14"><span class='ocrx_word' id='word_1_209' title='bbox 71 2366 225 2420; x_wconf 77' lang='lat' dir='ltr'><strong>adeundam</strong></span> <span class='ocrx_word' id='word_1_210' title='bbox 245 2379 308 2417; x_wconf 85' lang='lat' dir='ltr'><strong>rem</strong></span> <span class='ocrx_word' id='word_1_211' title='bbox 327 2365 530 2429; x_wconf 84' lang='lat' dir='ltr'><strong>exprimendam</strong></span> <span class='ocrx_word' id='word_1_212' title='bbox 551 2365 639 2416; x_wconf 88' lang='lat' dir='ltr'><strong>medio</strong></span> <span class='ocrx_word' id='word_1_213' title='bbox 660 2377 728 2414; x_wconf 89' lang='lat' dir='ltr'><strong>aevo</strong></span> <span class='ocrx_word' id='word_1_214' title='bbox 747 2361 954 2426; x_wconf 87' lang='lat' dir='ltr'><strong>usurpabantur,</strong></span> <span class='ocrx_word' id='word_1_215' title='bbox 979 2373 1093 2424; x_wconf 86' lang='lat' dir='ltr'><strong>quarum</strong></span> <span class='ocrx_word' id='word_1_216' title='bbox 1112 2371 1176 2407; x_wconf 89' lang='lat' dir='ltr'><strong>ma-</strong></span> 
     </span>
     <span class='ocr_line' id='line_1_25' title="bbox 71 2439 1176 2512; baseline -0.007 -16"><span class='ocrx_word' id='word_1_217' title='bbox 71 2448 157 2499; x_wconf 81' lang='lat' dir='ltr'><strong>ximam</strong></span> <span class='ocrx_word' id='word_1_218' title='bbox 177 2452 286 2512; x_wconf 85' lang='lat' dir='ltr'><strong>partem</strong></span> <span class='ocrx_word' id='word_1_219' title='bbox 305 2445 469 2509; x_wconf 77' lang='lat' dir='ltr'><strong>collegerunt</strong></span> <span class='ocrx_word' id='word_1_220' title='bbox 486 2446 638 2510; x_wconf 73' lang='lat' dir='ltr'><strong>Ducangius</strong></span> <span class='ocrx_word' id='word_1_221' title='bbox 658 2449 686 2496; x_wconf 91' lang='lat' dir='ltr'><strong>et</strong></span> <span class='ocrx_word' id='word_1_222' title='bbox 703 2443 894 2509; x_wconf 84' lang='lat' dir='ltr'><strong>carpentarius</strong></span> <span class='ocrx_word' id='word_1_223' title='bbox 913 2443 938 2492; x_wconf 91' lang='lat' dir='ltr'><strong>ln</strong></span> <span class='ocrx_word' id='word_1_224' title='bbox 953 2439 1094 2490; x_wconf 86' lang='lat' dir='ltr'><strong>Glossariis</strong></span> <span class='ocrx_word' id='word_1_225' title='bbox 1113 2449 1176 2488; x_wconf 88' lang='lat' dir='ltr'><strong>me-</strong></span> 
     </span>
     <span class='ocr_line' id='line_1_26' title="bbox 72 2527 468 2580; baseline -0.005 -2"><span class='ocrx_word' id='word_1_226' title='bbox 72 2527 123 2579; x_wconf 89' lang='lat' dir='ltr'><strong>diae</strong></span> <span class='ocrx_word' id='word_1_227' title='bbox 141 2531 167 2579; x_wconf 89' lang='lat' dir='ltr'><strong>et</strong></span> <span class='ocrx_word' id='word_1_228' title='bbox 186 2529 298 2580; x_wconf 84' lang='lat' dir='ltr'><strong>intimae</strong></span> <span class='ocrx_word' id='word_1_229' title='bbox 315 2527 468 2578; x_wconf 79' lang='lat' dir='ltr'><strong>Latinitatis.</strong></span> 
     </span>
    </p>
   </div>
   <div class='ocr_carea' id='block_1_5' title="bbox 71 2611 1182 4376">
    <p class='ocr_par' dir='ltr' id='par_1_5' title="bbox 71 2611 1182 4376">
     <span class='ocr_line' id='line_1_27' title="bbox 134 2611 1177 2684; baseline -0.014 -12"><span class='ocrx_word' id='word_1_230' title='bbox 134 2621 169 2684; x_wconf 76' lang='lat'><strong>¹²)</strong></span> <span class='ocrx_word' id='word_1_231' title='bbox 193 2622 312 2671; x_wconf 87' lang='lat' dir='ltr'><strong>Sensum</strong></span> <span class='ocrx_word' id='word_1_232' title='bbox 340 2618 484 2668; x_wconf 86' lang='lat' dir='ltr'><strong>verboram</strong></span> <span class='ocrx_word' id='word_1_233' title='bbox 513 2614 555 2667; x_wconf 77' lang='lat' dir='ltr'><strong>dcl</strong></span> <span class='ocrx_word' id='word_1_234' title='bbox 581 2618 659 2679; x_wconf 83' lang='grc' dir='ltr'>πᾶσι,</span> <span class='ocrx_word' id='word_1_235' title='bbox 689 2629 769 2681; x_wconf 88' lang='lat' dir='ltr'><strong>quem</strong></span> <span class='ocrx_word' id='word_1_236' title='bbox 791 2617 847 2680; x_wconf 85' lang='lat' dir='ltr'><strong>jam</strong></span> <span class='ocrx_word' id='word_1_237' title='bbox 874 2615 950 2664; x_wconf 88' lang='lat' dir='ltr'><strong>recte</strong></span> <span class='ocrx_word' id='word_1_238' title='bbox 981 2611 1177 2674; x_wconf 77' lang='lat' dir='ltr'><strong>perspexerunt</strong></span> 
     </span>
     <span class='ocr_line' id='line_1_28' title="bbox 72 2690 1176 2766; baseline -0.009 -19"><span class='ocrx_word' id='word_1_239' title='bbox 72 2699 216 2766; x_wconf 70' lang='lat' dir='ltr'><strong>splliurgius</strong></span> <span class='ocrx_word' id='word_1_240' title='bbox 241 2705 271 2752; x_wconf 91' lang='lat' dir='ltr'><strong>in</strong></span> <span class='ocrx_word' id='word_1_241' title='bbox 300 2701 416 2750; x_wconf 87' lang='lat' dir='ltr'><strong>editione</strong></span> <span class='ocrx_word' id='word_1_242' title='bbox 444 2699 587 2749; x_wconf 85' lang='lat' dir='ltr'><strong>Clementis</strong></span> <span class='ocrx_word' id='word_1_243' title='bbox 613 2711 671 2761; x_wconf 84' lang='lat' dir='ltr'><strong>pag.</strong></span> <span class='ocrx_word' id='word_1_244' title='bbox 691 2693 742 2746; x_wconf 77' lang='lat' dir='ltr'><strong>aul</strong></span> <span class='ocrx_word' id='word_1_245' title='bbox 771 2698 799 2746; x_wconf 89' lang='lat' dir='ltr'><strong>et</strong></span> <span class='ocrx_word' id='word_1_246' title='bbox 819 2693 956 2755; x_wconf 81' lang='lat' dir='ltr'><strong>hlenagius</strong></span> <span class='ocrx_word' id='word_1_247' title='bbox 983 2691 1017 2740; x_wconf 86' lang='lat' dir='ltr'><strong>ad</strong></span> <span class='ocrx_word' id='word_1_248' title='bbox 1044 2690 1176 2738; x_wconf 79' lang='lat' dir='ltr'><strong>laertium</strong></span> 
     </span>
     <span class='ocr_line' id='line_1_29' title="bbox 71 2770 1176 2848; baseline -0.01 -20"><span class='ocrx_word' id='word_1_249' title='bbox 71 2781 134 2832; x_wconf 83' lang='lat' dir='ltr'><strong>Tam.</strong></span> <span class='ocrx_word' id='word_1_250' title='bbox 147 2783 173 2834; x_wconf 91' lang='lat' dir='ltr'><strong>ll</strong></span> <span class='ocrx_word' id='word_1_251' title='bbox 192 2798 253 2848; x_wconf 78' lang='lat' dir='ltr'><strong>pag.</strong></span> <span class='ocrx_word' id='word_1_252' title='bbox 275 2777 333 2832; x_wconf 81' lang='lat' dir='ltr'><strong>llio.</strong></span> <span class='ocrx_word' id='word_1_253' title='bbox 352 2779 525 2832; x_wconf 77' lang='lat' dir='ltr'><strong>edhleibom.</strong></span> <span class='ocrx_word' id='word_1_254' title='bbox 545 2777 652 2842; x_wconf 90' lang='lat' dir='ltr'><strong>plurimi</strong></span> <span class='ocrx_word' id='word_1_255' title='bbox 669 2777 849 2827; x_wconf 87' lang='lat' dir='ltr'><strong>recentiorum</strong></span> <span class='ocrx_word' id='word_1_256' title='bbox 871 2785 924 2822; x_wconf 94' lang='lat' dir='ltr'><strong>non</strong></span> <span class='ocrx_word' id='word_1_257' title='bbox 945 2770 1071 2820; x_wconf 79' lang='lat' dir='ltr'><strong>videntur</strong></span> <span class='ocrx_word' id='word_1_258' title='bbox 1096 2781 1176 2818; x_wconf 89' lang='lat' dir='ltr'><strong>asso-</strong></span> 
     </span>
     <span class='ocr_line' id='line_1_30' title="bbox 72 2847 1176 2930; baseline -0.013 -20"><span class='ocrx_word' id='word_1_259' title='bbox 72 2863 125 2912; x_wconf 87' lang='lat' dir='ltr'><strong>euti.</strong></span> <span class='ocrx_word' id='word_1_260' title='bbox 161 2862 322 2930; x_wconf 80' lang='lat' dir='ltr'><strong>Sylhurglus</strong></span> <span class='ocrx_word' id='word_1_261' title='bbox 347 2860 438 2912; x_wconf 87' lang='lat' dir='ltr'><strong>vertit:</strong></span> <span class='ocrx_word' id='word_1_262' title='bbox 457 2873 536 2923; x_wconf 90' lang='lat' dir='ltr'><strong>„cum</strong></span> <span class='ocrx_word' id='word_1_263' title='bbox 555 2859 596 2909; x_wconf 91' lang='lat' dir='ltr'><strong>his</strong></span> <span class='ocrx_word' id='word_1_264' title='bbox 622 2859 713 2908; x_wconf 89' lang='lat' dir='ltr'><strong>autem</strong></span> <span class='ocrx_word' id='word_1_265' title='bbox 739 2861 867 2922; x_wconf 76' lang='lat' dir='ltr'><strong>postremo</strong></span> <span class='ocrx_word' id='word_1_266' title='bbox 889 2851 1024 2914; x_wconf 84' lang='lat' dir='ltr'><strong>octoginta</strong></span> <span class='ocrx_word' id='word_1_267' title='bbox 1044 2849 1121 2898; x_wconf 90' lang='lat' dir='ltr'><strong>annis</strong></span> <span class='ocrx_word' id='word_1_268' title='bbox 1140 2847 1176 2897; x_wconf 91' lang='lat' dir='ltr'><strong>lui</strong></span> 
     </span>
     <span class='ocr_line' id='line_1_31' title="bbox 72 2927 1177 3002; baseline -0.013 -10"><span class='ocrx_word' id='word_1_269' title='bbox 72 2942 93 2992; x_wconf 86' lang='lat' dir='ltr'><strong>in</strong></span> <span class='ocrx_word' id='word_1_270' title='bbox 117 2947 184 2996; x_wconf 88' lang='lat' dir='ltr'><strong>terra</strong></span> <span class='ocrx_word' id='word_1_271' title='bbox 207 2941 317 2996; x_wconf 58' lang='lat' dir='ltr'><strong>aliena?</strong></span> <span class='ocrx_word' id='word_1_272' title='bbox 361 2939 463 2991; x_wconf 82' lang='lat' dir='ltr'><strong>Eodem</strong></span> <span class='ocrx_word' id='word_1_273' title='bbox 486 2939 568 2991; x_wconf 88' lang='lat' dir='ltr'><strong>modo</strong></span> <span class='ocrx_word' id='word_1_274' title='bbox 595 2939 739 3002; x_wconf 81' lang='lat' dir='ltr'><strong>Meaaagius.</strong></span> <span class='ocrx_word' id='word_1_275' title='bbox 786 2935 853 2986; x_wconf 86' lang='lat' dir='ltr'><strong>hlale</strong></span> <span class='ocrx_word' id='word_1_276' title='bbox 878 2933 989 2996; x_wconf 79' lang='lat' dir='ltr'><strong>vigenis</strong></span> <span class='ocrx_word' id='word_1_277' title='bbox 1018 2931 1044 2980; x_wconf 89' lang='lat' dir='ltr'><strong>in</strong></span> <span class='ocrx_word' id='word_1_278' title='bbox 1072 2927 1177 2980; x_wconf 82' lang='lat' dir='ltr'><strong>Eusebii</strong></span> 
     </span>
     <span class='ocr_line' id='line_1_32' title="bbox 72 3011 1177 3091; baseline -0.011 -19"><span class='ocrx_word' id='word_1_279' title='bbox 72 3023 188 3076; x_wconf 87' lang='lat' dir='ltr'><strong>editione:</strong></span> <span class='ocrx_word' id='word_1_280' title='bbox 210 3022 329 3091; x_wconf 91' lang='lat' dir='ltr'><strong>„quihus</strong></span> <span class='ocrx_word' id='word_1_281' title='bbox 352 3021 380 3070; x_wconf 83' lang='lat' dir='ltr'><strong>ira</strong></span> <span class='ocrx_word' id='word_1_282' title='bbox 396 3019 509 3071; x_wconf 71' lang='lat' dir='ltr'><strong>enaiim</strong></span> <span class='ocrx_word' id='word_1_283' title='bbox 529 3021 564 3071; x_wconf 90' lang='lat' dir='ltr'><strong>ad</strong></span> <span class='ocrx_word' id='word_1_284' title='bbox 583 3033 668 3070; x_wconf 88' lang='lat' dir='ltr'><strong>annos</strong></span> <span class='ocrx_word' id='word_1_285' title='bbox 694 3017 829 3082; x_wconf 82' lang='lat' dir='ltr'><strong>octoginta</strong></span> <span class='ocrx_word' id='word_1_286' title='bbox 849 3014 1006 3079; x_wconf 79' lang='lat' dir='ltr'><strong>peregrinus</strong></span> <span class='ocrx_word' id='word_1_287' title='bbox 1023 3011 1177 3075; x_wconf 83' lang='lat' dir='ltr'><strong>hospesque</strong></span> 
     </span>
     <span class='ocr_line' id='line_1_33' title="bbox 73 3091 1177 3168; baseline -0.011 -15"><span class='ocrx_word' id='word_1_288' title='bbox 73 3109 185 3156; x_wconf 69' lang='lat' dir='ltr'><strong>uersatus</strong></span> <span class='ocrx_word' id='word_1_289' title='bbox 199 3103 283 3157; x_wconf 87' lang='lat' dir='ltr'><strong>sum.&#39;&#39;</strong></span> <span class='ocrx_word' id='word_1_290' title='bbox 311 3097 412 3168; x_wconf 76' lang='lat' dir='ltr'><strong>&#39;vigere</strong></span> <span class='ocrx_word' id='word_1_291' title='bbox 435 3103 558 3167; x_wconf 85' lang='lat' dir='ltr'><strong>vigeram</strong></span> <span class='ocrx_word' id='word_1_292' title='bbox 578 3113 755 3164; x_wconf 89' lang='lat' dir='ltr'><strong>opponamus,</strong></span> <span class='ocrx_word' id='word_1_293' title='bbox 775 3099 824 3148; x_wconf 95' lang='lat' dir='ltr'><strong>hoc</strong></span> <span class='ocrx_word' id='word_1_294' title='bbox 841 3099 883 3146; x_wconf 89' lang='lat' dir='ltr'><strong>est</strong></span> <span class='ocrx_word' id='word_1_295' title='bbox 904 3095 966 3144; x_wconf 77' lang='lat' dir='ltr'><strong>hiric</strong></span> <span class='ocrx_word' id='word_1_296' title='bbox 984 3091 1177 3154; x_wconf 86' lang='lat' dir='ltr'><strong>interpretandi</strong></span> 
     </span>
     <span class='ocr_line' id='line_1_34' title="bbox 74 3173 1177 3248; baseline -0.008 -17"><span class='ocrx_word' id='word_1_297' title='bbox 74 3185 166 3247; x_wconf 88' lang='lat' dir='ltr'><strong>rationi,</strong></span> <span class='ocrx_word' id='word_1_298' title='bbox 192 3187 236 3236; x_wconf 91' lang='lat' dir='ltr'><strong>cui</strong></span> <span class='ocrx_word' id='word_1_299' title='bbox 257 3183 329 3246; x_wconf 85' lang='lat' dir='ltr'><strong>alibi,</strong></span> <span class='ocrx_word' id='word_1_300' title='bbox 354 3185 427 3236; x_wconf 82' lang='lat' dir='ltr'><strong>velut</strong></span> <span class='ocrx_word' id='word_1_301' title='bbox 450 3183 521 3248; x_wconf 89' lang='lat' dir='ltr'><strong>apud</strong></span> <span class='ocrx_word' id='word_1_302' title='bbox 541 3181 616 3232; x_wconf 83' lang='lat' dir='ltr'><strong>Hom.</strong></span> <span class='ocrx_word' id='word_1_303' title='bbox 637 3181 663 3230; x_wconf 95' lang='lat' dir='ltr'><strong>ll.</strong></span> <span class='ocrx_word' id='word_1_304' title='bbox 681 3179 721 3240; x_wconf 89' lang='lat' dir='ltr'><strong>lV,</strong></span> <span class='ocrx_word' id='word_1_305' title='bbox 743 3175 793 3227; x_wconf 80' lang='lat'><strong>178</strong></span> <span class='ocrx_word' id='word_1_306' title='bbox 813 3185 867 3226; x_wconf 90' lang='lat' dir='ltr'><strong>non</strong></span> <span class='ocrx_word' id='word_1_307' title='bbox 893 3173 1013 3237; x_wconf 79' lang='lat' dir='ltr'><strong>refragor</strong></span> <span class='ocrx_word' id='word_1_308' title='bbox 1034 3173 1108 3222; x_wconf 90' lang='lat' dir='ltr'><strong>illum</strong></span> <span class='ocrx_word' id='word_1_309' title='bbox 1126 3187 1177 3222; x_wconf 88' lang='lat' dir='ltr'><strong>ca-</strong></span> 
     </span>
     <span class='ocr_line' id='line_1_35' title="bbox 74 3251 1176 3332; baseline -0.013 -18"><span class='ocrx_word' id='word_1_310' title='bbox 74 3277 168 3328; x_wconf 89' lang='lat' dir='ltr'><strong>nonem,</strong></span> <span class='ocrx_word' id='word_1_311' title='bbox 183 3281 266 3332; x_wconf 88' lang='lat' dir='ltr'><strong>quem</strong></span> <span class='ocrx_word' id='word_1_312' title='bbox 285 3266 312 3314; x_wconf 93' lang='lat' dir='ltr'><strong>in</strong></span> <span class='ocrx_word' id='word_1_313' title='bbox 330 3264 397 3315; x_wconf 91' lang='lat' dir='ltr'><strong>libro</strong></span> <span class='ocrx_word' id='word_1_314' title='bbox 414 3264 448 3316; x_wconf 87' lang='lat' dir='ltr'><strong>de</strong></span> <span class='ocrx_word' id='word_1_315' title='bbox 467 3277 557 3328; x_wconf 88' lang='lat' dir='ltr'><strong>praee.</strong></span> <span class='ocrx_word' id='word_1_316' title='bbox 577 3274 664 3325; x_wconf 81' lang='lat' dir='ltr'><strong>graec.</strong></span> <span class='ocrx_word' id='word_1_317' title='bbox 683 3260 745 3312; x_wconf 84' lang='lat' dir='ltr'><strong>dict</strong></span> <span class='ocrx_word' id='word_1_318' title='bbox 765 3257 799 3308; x_wconf 94' lang='lat' dir='ltr'><strong>id.</strong></span> <span class='ocrx_word' id='word_1_319' title='bbox 821 3269 879 3321; x_wconf 79' lang='lat' dir='ltr'><strong>pag.</strong></span> <span class='ocrx_word' id='word_1_320' title='bbox 898 3251 1055 3305; x_wconf 72' lang='lat' dir='ltr'><strong>eac-uae.</strong></span> <span class='ocrx_word' id='word_1_321' title='bbox 1076 3254 1117 3303; x_wconf 84' lang='lat' dir='ltr'><strong>ed.</strong></span> <span class='ocrx_word' id='word_1_322' title='bbox 1137 3253 1176 3302; x_wconf 95' lang='lat' dir='ltr'><strong>lll.</strong></span> 
     </span>
     <span class='ocr_line' id='line_1_36' title="bbox 74 3335 1177 3411; baseline -0.008 -20"><span class='ocrx_word' id='word_1_323' title='bbox 74 3343 151 3396; x_wconf 88' lang='lat' dir='ltr'><strong>llerm.</strong></span> <span class='ocrx_word' id='word_1_324' title='bbox 179 3348 214 3400; x_wconf 83' lang='lat' dir='ltr'><strong>de</strong></span> <span class='ocrx_word' id='word_1_325' title='bbox 241 3347 443 3411; x_wconf 83' lang='lat' dir='ltr'><strong>praepositione</strong></span> <span class='ocrx_word' id='word_1_326' title='bbox 465 3341 506 3394; x_wconf 75' lang='lat' dir='ltr'><strong>aa</strong></span> <span class='ocrx_word' id='word_1_327' title='bbox 533 3343 664 3405; x_wconf 81' lang='lat' dir='ltr'><strong>esposuit,</strong></span> <span class='ocrx_word' id='word_1_328' title='bbox 693 3353 774 3406; x_wconf 89' lang='lat' dir='ltr'><strong>quam</strong></span> <span class='ocrx_word' id='word_1_329' title='bbox 801 3350 863 3388; x_wconf 87' lang='lat' dir='ltr'><strong>cnm</strong></span> <span class='ocrx_word' id='word_1_330' title='bbox 888 3337 980 3386; x_wconf 87' lang='lat' dir='ltr'><strong>dativo</strong></span> <span class='ocrx_word' id='word_1_331' title='bbox 1007 3335 1177 3395; x_wconf 75' lang='lat' dir='ltr'><strong>coniunctam</strong></span> 
     </span>
     <span class='ocr_line' id='line_1_37' title="bbox 73 3414 1178 3492; baseline -0.01 -19"><span class='ocrx_word' id='word_1_332' title='bbox 73 3425 197 3478; x_wconf 84' lang='lat' dir='ltr'><strong>interdum</strong></span> <span class='ocrx_word' id='word_1_333' title='bbox 222 3439 287 3478; x_wconf 85' lang='lat' dir='ltr'><strong>esse</strong></span> <span class='ocrx_word' id='word_1_334' title='bbox 319 3431 378 3492; x_wconf 78' lang='lat' dir='ltr'><strong>post</strong></span> <span class='ocrx_word' id='word_1_335' title='bbox 405 3440 420 3476; x_wconf 98' lang='lat' dir='ltr'><strong>e</strong></span> <span class='ocrx_word' id='word_1_336' title='bbox 447 3423 580 3474; x_wconf 88' lang='lat' dir='ltr'><strong>nonnullis</strong></span> <span class='ocrx_word' id='word_1_337' title='bbox 605 3426 728 3472; x_wconf 87' lang='lat' dir='ltr'><strong>veterum</strong></span> <span class='ocrx_word' id='word_1_338' title='bbox 753 3419 820 3470; x_wconf 83' lang='lat' dir='ltr'><strong>locis</strong></span> <span class='ocrx_word' id='word_1_339' title='bbox 845 3419 965 3482; x_wconf 88' lang='lat' dir='ltr'><strong>apparet.</strong></span> <span class='ocrx_word' id='word_1_340' title='bbox 1013 3414 1178 3466; x_wconf 80' lang='lat' dir='ltr'><strong>Simillrmum</strong></span> 
     </span>
     <span class='ocr_line' id='line_1_38' title="bbox 74 3491 1177 3562; baseline -0.012 -9"><span class='ocrx_word' id='word_1_341' title='bbox 74 3509 157 3558; x_wconf 85' lang='lat' dir='ltr'><strong>nostro</strong></span> <span class='ocrx_word' id='word_1_342' title='bbox 172 3509 263 3559; x_wconf 88' lang='lat' dir='ltr'><strong>locum</strong></span> <span class='ocrx_word' id='word_1_343' title='bbox 284 3505 366 3556; x_wconf 89' lang='lat' dir='ltr'><strong>babet</strong></span> <span class='ocrx_word' id='word_1_344' title='bbox 387 3504 543 3555; x_wconf 76' lang='lat' dir='ltr'><strong>Plutarchus</strong></span> <span class='ocrx_word' id='word_1_345' title='bbox 568 3503 594 3553; x_wconf 87' lang='lat' dir='ltr'><strong>in</strong></span> <span class='ocrx_word' id='word_1_346' title='bbox 616 3503 670 3552; x_wconf 81' lang='lat' dir='ltr'><strong>uita</strong></span> <span class='ocrx_word' id='word_1_347' title='bbox 693 3500 795 3550; x_wconf 90' lang='lat' dir='ltr'><strong>llomuli</strong></span> <span class='ocrx_word' id='word_1_348' title='bbox 821 3499 987 3562; x_wconf 73' lang='lat' dir='ltr'><strong>operiam.</strong></span> <span class='ocrx_word' id='word_1_349' title='bbox 1007 3499 1023 3546; x_wconf 95' lang='grc' dir='ltr'><strong>Ι.</strong></span> <span class='ocrx_word' id='word_1_350' title='bbox 1043 3509 1102 3558; x_wconf 82' lang='lat' dir='ltr'><strong>pag.</strong></span> <span class='ocrx_word' id='word_1_351' title='bbox 1121 3491 1177 3542; x_wconf 90' lang='lat' dir='ltr'><strong>lll.</strong></span> 
     </span>
     <span class='ocr_line' id='line_1_39' title="bbox 75 3578 1178 3650; baseline -0.011 -17"><span class='ocrx_word' id='word_1_352' title='bbox 75 3585 109 3634; x_wconf 84' lang='lat' dir='ltr'><strong>ul.</strong></span> <span class='ocrx_word' id='word_1_353' title='bbox 131 3589 228 3650; x_wconf 73' lang='lat' dir='ltr'><strong>heisa,</strong></span> <span class='ocrx_word' id='word_1_354' title='bbox 260 3587 308 3639; x_wconf 93' lang='lat' dir='ltr'><strong>ubi</strong></span> <span class='ocrx_word' id='word_1_355' title='bbox 335 3586 421 3638; x_wconf 88' lang='lat' dir='ltr'><strong>tribus</strong></span> <span class='ocrx_word' id='word_1_356' title='bbox 447 3587 551 3636; x_wconf 89' lang='lat' dir='ltr'><strong>tantum</strong></span> <span class='ocrx_word' id='word_1_357' title='bbox 578 3585 758 3634; x_wconf 75' lang='lat' dir='ltr'><strong>Romanorum</strong></span> <span class='ocrx_word' id='word_1_358' title='bbox 786 3578 998 3644; x_wconf 86' lang='lat' dir='ltr'><strong>imperatoribus</strong></span> <span class='ocrx_word' id='word_1_359' title='bbox 1025 3587 1178 3626; x_wconf 83' lang='lat' dir='ltr'><strong>meiiaorans</strong></span> 
     </span>
     <span class='ocr_line' id='line_1_40' title="bbox 76 3657 1179 3732; baseline -0.01 -19"><span class='ocrx_word' id='word_1_360' title='bbox 76 3669 217 3731; x_wconf 76' lang='lat' dir='ltr'><strong>contigisse,</strong></span> <span class='ocrx_word' id='word_1_361' title='bbox 239 3673 269 3720; x_wconf 92' lang='lat' dir='ltr'><strong>ut</strong></span> <span class='ocrx_word' id='word_1_362' title='bbox 285 3667 371 3732; x_wconf 85' lang='lat' dir='ltr'><strong>spolia</strong></span> <span class='ocrx_word' id='word_1_363' title='bbox 389 3667 479 3730; x_wconf 91' lang='lat' dir='ltr'><strong>optma</strong></span> <span class='ocrx_word' id='word_1_364' title='bbox 500 3663 638 3724; x_wconf 77' lang='lat' dir='ltr'><strong>referrent,</strong></span> <span class='ocrx_word' id='word_1_365' title='bbox 656 3661 744 3726; x_wconf 90' lang='lat' dir='ltr'><strong>primo</strong></span> <span class='ocrx_word' id='word_1_366' title='bbox 763 3661 881 3722; x_wconf 82' lang='lat' dir='ltr'><strong>Romulo,</strong></span> <span class='ocrx_word' id='word_1_367' title='bbox 899 3673 983 3726; x_wconf 92' lang='lat' dir='ltr'><strong>quum</strong></span> <span class='ocrx_word' id='word_1_368' title='bbox 1002 3657 1179 3708; x_wconf 89' lang='lat' dir='ltr'><strong>Cenincnsem</strong></span> 
     </span>
     <span class='ocr_line' id='line_1_41' title="bbox 76 3737 1178 3810; baseline -0.011 -15"><span class='ocrx_word' id='word_1_369' title='bbox 76 3749 197 3800; x_wconf 84' lang='lat' dir='ltr'><strong>leronem</strong></span> <span class='ocrx_word' id='word_1_370' title='bbox 214 3748 402 3810; x_wconf 77' lang='lat' dir='ltr'><strong>interfecisset,</strong></span> <span class='ocrx_word' id='word_1_371' title='bbox 421 3746 549 3806; x_wconf 88' lang='lat' dir='ltr'><strong>secundo,</strong></span> <span class='ocrx_word' id='word_1_372' title='bbox 569 3742 690 3795; x_wconf 88' lang='lat' dir='ltr'><strong>Cornelio</strong></span> <span class='ocrx_word' id='word_1_373' title='bbox 710 3743 803 3804; x_wconf 80' lang='lat' dir='ltr'><strong>Cosso,</strong></span> <span class='ocrx_word' id='word_1_374' title='bbox 823 3743 868 3806; x_wconf 90' lang='lat' dir='ltr'><strong>qui</strong></span> <span class='ocrx_word' id='word_1_375' title='bbox 885 3739 1053 3792; x_wconf 82' lang='lat' dir='ltr'><strong>Tolumnium</strong></span> <span class='ocrx_word' id='word_1_376' title='bbox 1071 3737 1178 3786; x_wconf 86' lang='lat' dir='ltr'><strong>Tusco·-</strong></span> 
     </span>
     <span class='ocr_line' id='line_1_42' title="bbox 77 3819 1179 3892; baseline -0.014 -13"><span class='ocrx_word' id='word_1_377' title='bbox 77 3830 242 3880; x_wconf 80' lang='lat' dir='ltr'><strong>candacem</strong></span> <span class='ocrx_word' id='word_1_378' title='bbox 261 3829 399 3888; x_wconf 87' lang='lat' dir='ltr'><strong>ceciderit,</strong></span> <span class='ocrx_word' id='word_1_379' title='bbox 428 3828 565 3892; x_wconf 84' lang='lat' dir='ltr'><strong>postremo</strong></span> <span class='ocrx_word' id='word_1_380' title='bbox 585 3823 694 3874; x_wconf 88' lang='lat' dir='ltr'><strong>Claudio</strong></span> <span class='ocrx_word' id='word_1_381' title='bbox 718 3823 849 3884; x_wconf 87' lang='lat' dir='ltr'><strong>hlareellc,</strong></span> <span class='ocrx_word' id='word_1_382' title='bbox 873 3834 960 3885; x_wconf 87' lang='lat' dir='ltr'><strong>aquo</strong></span> <span class='ocrx_word' id='word_1_383' title='bbox 980 3819 1113 3869; x_wconf 79' lang='lat' dir='ltr'><strong>Gallorum</strong></span> <span class='ocrx_word' id='word_1_384' title='bbox 1132 3827 1179 3865; x_wconf 83' lang='lat' dir='ltr'><strong>rea</strong></span> 
     </span>
     <span class='ocr_line' id='line_1_43' title="bbox 78 3894 1179 3974; baseline -0.009 -20"><span class='ocrx_word' id='word_1_385' title='bbox 78 3905 250 3962; x_wconf 70' lang='lat' dir='ltr'><strong>Viridomarus</strong></span> <span class='ocrx_word' id='word_1_386' title='bbox 267 3923 364 3962; x_wconf 87' lang='lat' dir='ltr'><strong>caesus</strong></span> <span class='ocrx_word' id='word_1_387' title='bbox 383 3909 426 3970; x_wconf 89' lang='lat' dir='ltr'><strong>sit,</strong></span> <span class='ocrx_word' id='word_1_388' title='bbox 442 3909 483 3958; x_wconf 88' lang='lat' dir='ltr'><strong>his</strong></span> <span class='ocrx_word' id='word_1_389' title='bbox 501 3907 585 3958; x_wconf 85' lang='lat' dir='ltr'><strong>utitur</strong></span> <span class='ocrx_word' id='word_1_390' title='bbox 602 3903 706 3955; x_wconf 82' lang='lat' dir='ltr'><strong>verbis:</strong></span> <span class='ocrx_word' id='word_1_391' title='bbox 725 3903 770 3954; x_wconf 75' lang='grc' dir='ltr'><strong>καὶ</strong></span> <span class='ocrx_word' id='word_1_392' title='bbox 789 3901 855 3974; x_wconf 80' lang='grc' dir='ltr'><strong>τρισὶ</strong></span> <span class='ocrx_word' id='word_1_393' title='bbox 872 3897 961 3969; x_wconf 81' lang='grc' dir='ltr'>μόνοις</span> <span class='ocrx_word' id='word_1_394' title='bbox 978 3894 1072 3949; x_wconf 72' lang='grc' dir='ltr'><strong>τουτου</strong></span> <span class='ocrx_word' id='word_1_395' title='bbox 1092 3899 1179 3966; x_wconf 73' lang='grc' dir='ltr'><strong>τυχεῖν</strong></span> 
     </span>
     <span class='ocr_line' id='line_1_44' title="bbox 79 3971 1180 4059; baseline -0.015 -20"><span class='ocrx_word' id='word_1_396' title='bbox 79 3982 164 4056; x_wconf 57' lang='lat' dir='ltr'><strong>hoppha</strong></span> <span class='ocrx_word' id='word_1_397' title='bbox 186 3985 334 4057; x_wconf 79' lang='grc' dir='ltr'><strong>Ῥωμαίοις</strong></span> <span class='ocrx_word' id='word_1_398' title='bbox 359 3983 482 4059; x_wconf 67' lang='grc' dir='ltr'><strong>ᾑριμόυι,</strong></span> <span class='ocrx_word' id='word_1_399' title='bbox 512 3983 627 4054; x_wconf 82' lang='grc' dir='ltr'><strong>πρώτῳ,</strong></span> <span class='ocrx_word' id='word_1_400' title='bbox 647 3975 782 4049; x_wconf 74' lang='grc' dir='ltr'><strong>Ῥωμύλῳ</strong></span> <span class='ocrx_word' id='word_1_401' title='bbox 808 3980 935 4032; x_wconf 71' lang='lat' dir='ltr'><strong>arriserat</strong></span> <span class='ocrx_word' id='word_1_402' title='bbox 960 3975 1004 4029; x_wconf 82' lang='grc' dir='ltr'><strong>τὸν</strong></span> <span class='ocrx_word' id='word_1_403' title='bbox 1037 3971 1180 4045; x_wconf 76' lang='grc' dir='ltr'><strong>Κτνινήτην</strong></span> 
     </span>
     <span class='ocr_line' id='line_1_45' title="bbox 76 4053 1181 4138; baseline -0.013 -18"><span class='ocrx_word' id='word_1_404' title='bbox 76 4059 204 4136; x_wconf 59' lang='lat' dir='ltr'><strong>&#39;haphar</strong></span> <span class='ocrx_word' id='word_1_405' title='bbox 233 4067 357 4138; x_wconf 75' lang='grc' dir='ltr'><strong>δτυτίρῳ,</strong></span> <span class='ocrx_word' id='word_1_406' title='bbox 383 4062 521 4137; x_wconf 74' lang='grc' dir='ltr'><strong>Κορνηλίῳ</strong></span> <span class='ocrx_word' id='word_1_407' title='bbox 542 4057 637 4131; x_wconf 79' lang='grc' dir='ltr'><strong>Κόττῳ</strong></span> <span class='ocrx_word' id='word_1_408' title='bbox 657 4057 790 4132; x_wconf 77' lang='grc' dir='ltr'><strong>Τυρρηνὸν</strong></span> <span class='ocrx_word' id='word_1_409' title='bbox 810 4059 926 4112; x_wconf 78' lang='grc' dir='ltr'><strong>ἀνελόντι</strong></span> <span class='ocrx_word' id='word_1_410' title='bbox 945 4055 1122 4125; x_wconf 68' lang='grc' dir='ltr'><strong>Τολουμνταν·</strong></span> <span class='ocrx_word' id='word_1_411' title='bbox 1140 4053 1181 4108; x_wconf 74' lang='lat' dir='ltr'><strong>aa</strong></span> 
     </span>
     <span class='ocr_line' id='line_1_46' title="bbox 80 4133 1181 4218; baseline -0.006 -25"><span class='ocrx_word' id='word_1_412' title='bbox 80 4149 132 4195; x_wconf 73' lang='lat' dir='ltr'><strong>ain</strong></span> <span class='ocrx_word' id='word_1_413' title='bbox 151 4145 188 4206; x_wconf 79' lang='lat' dir='ltr'><strong>et,</strong></span> <span class='ocrx_word' id='word_1_414' title='bbox 207 4143 331 4218; x_wconf 73' lang='grc' dir='ltr'><strong>Κλαυδίῳ</strong></span> <span class='ocrx_word' id='word_1_415' title='bbox 355 4143 505 4218; x_wconf 69' lang='grc' dir='ltr'><strong>Μαρκέλλῳ</strong></span> <span class='ocrx_word' id='word_1_416' title='bbox 526 4139 704 4214; x_wconf 78' lang='grc' dir='ltr'><strong>Βριτομάρτου</strong></span> <span class='ocrx_word' id='word_1_417' title='bbox 720 4140 877 4212; x_wconf 72' lang='grc' dir='ltr'><strong>κρατήσαντι</strong></span> <span class='ocrx_word' id='word_1_418' title='bbox 899 4135 1024 4192; x_wconf 83' lang='grc' dir='ltr'><strong>Γαλατῶν</strong></span> <span class='ocrx_word' id='word_1_419' title='bbox 1044 4133 1181 4206; x_wconf 65' lang='grc' dir='ltr'><strong>βασιλέως.</strong></span> 
     </span>
     <span class='ocr_line' id='line_1_47' title="bbox 80 4221 1181 4296; baseline -0.012 -19"><span class='ocrx_word' id='word_1_420' title='bbox 80 4225 129 4276; x_wconf 76' lang='lat' dir='ltr'><strong>hon</strong></span> <span class='ocrx_word' id='word_1_421' title='bbox 146 4233 187 4280; x_wconf 87' lang='lat' dir='ltr'><strong>est</strong></span> <span class='ocrx_word' id='word_1_422' title='bbox 203 4229 324 4294; x_wconf 87' lang='lat' dir='ltr'><strong>dubium,</strong></span> <span class='ocrx_word' id='word_1_423' title='bbox 342 4231 406 4296; x_wconf 89' lang='lat' dir='ltr'><strong>quin</strong></span> <span class='ocrx_word' id='word_1_424' title='bbox 425 4226 467 4278; x_wconf 77' lang='lat' dir='ltr'><strong>tel</strong></span> <span class='ocrx_word' id='word_1_425' title='bbox 478 4229 540 4278; x_wconf 80' lang='grc' dir='ltr'><strong>πᾶσι</strong></span> <span class='ocrx_word' id='word_1_426' title='bbox 551 4225 661 4290; x_wconf 88' lang='lat' dir='ltr'><strong>proprie</strong></span> <span class='ocrx_word' id='word_1_427' title='bbox 671 4223 715 4275; x_wconf 94' lang='lat' dir='ltr'><strong>hic</strong></span> <span class='ocrx_word' id='word_1_428' title='bbox 728 4222 940 4274; x_wconf 83' lang='lat' dir='ltr'><strong>convertendum</strong></span> <span class='ocrx_word' id='word_1_429' title='bbox 950 4221 997 4270; x_wconf 88' lang='lat' dir='ltr'><strong>sit:</strong></span> <span class='ocrx_word' id='word_1_430' title='bbox 1011 4223 1069 4286; x_wconf 79' lang='lat' dir='ltr'><strong>port</strong></span> <span class='ocrx_word' id='word_1_431' title='bbox 1087 4231 1181 4275; x_wconf 72' lang='lat' dir='ltr'><strong>om,</strong></span> 
     </span>
     <span class='ocr_line' id='line_1_48' title="bbox 83 4299 1182 4376; baseline -0.014 -15"><span class='ocrx_word' id='word_1_432' title='bbox 83 4305 118 4358; x_wconf 72' lang='lat' dir='ltr'><strong>tel</strong></span> <span class='ocrx_word' id='word_1_433' title='bbox 135 4309 232 4376; x_wconf 86' lang='lat' dir='ltr'><strong>siquis</strong></span> <span class='ocrx_word' id='word_1_434' title='bbox 250 4323 361 4364; x_wconf 83' lang='lat' dir='ltr'><strong>sensum</strong></span> <span class='ocrx_word' id='word_1_435' title='bbox 381 4309 467 4375; x_wconf 74' lang='lat' dir='ltr'><strong>magis</strong></span> <span class='ocrx_word' id='word_1_436' title='bbox 489 4319 569 4374; x_wconf 87' lang='lat' dir='ltr'><strong>quam</strong></span> <span class='ocrx_word' id='word_1_437' title='bbox 589 4306 649 4372; x_wconf 85' lang='lat' dir='ltr'><strong>ipsa</strong></span> <span class='ocrx_word' id='word_1_438' title='bbox 669 4304 755 4358; x_wconf 80' lang='lat' dir='ltr'><strong>verbo</strong></span> <span class='ocrx_word' id='word_1_439' title='bbox 775 4303 889 4356; x_wconf 87' lang='lat' dir='ltr'><strong>reddero</strong></span> <span class='ocrx_word' id='word_1_440' title='bbox 912 4299 1028 4362; x_wconf 84' lang='lat' dir='ltr'><strong>studeat,</strong></span> <span class='ocrx_word' id='word_1_441' title='bbox 1044 4303 1182 4366; x_wconf 72' lang='lat' dir='ltr'><strong>porum.</strong></span> 
     </span>
    </p>
   </div>
   <div class='ocr_carea' id='block_1_6' title="bbox 0 0 1490 4860">
    <p class='ocr_par' dir='ltr' id='par_1_6' title="bbox 0 0 1490 4860">
     <span class='ocr_line' id='line_1_49' title="bbox 0 0 1490 4860; baseline 0 0"><span class='ocrx_word' id='word_1_442' title='bbox 0 0 1490 4860; x_wconf 95' lang='lat' dir='ltr'><strong> </strong></span> 
     </span>
    </p>
   </div>
  </div>
 </body>
</html>
