2984 4876
245 313 310 382 2³2
572 315 769 380 Quaestionum
798 311 1031 369 Democritoarnm
1057 337 1059 342 ·

248 480 340 564 κρίτῳ
360 477 509 564 [γίνεται]
532 479 660 563 χειμών.
680 473 733 540 Ἐν
756 476 791 540 δὲ
805 472 847 559 τῇ
867 473 902 545 ιςί
925 473 1105 560 Δημοκρίτῳ
1122 475 1255 562 ζέφυρος
1272 477 1360 538 πνεῖν

250 587 379 674 ἄρχεται
399 587 451 650 καὶ
471 585 642 670 παραμένει
661 584 781 669 ἡμέρας
798 581 822 666 γ’
844 583 896 646 καὶ
919 581 946 666 μ’
968 581 1029 646 ἀττδ
1051 588 1183 668 τροπῶν.
1223 580 1304 653 Τούς
1325 583 1364 646 δὲ

251 693 399 778 ἰχδύαςδ
431 694 520 778 ἡλιος
548 691 762 778 διαπορεύεται
785 691 816 754 ἐν
838 689 969 775 ἡμέραις
990 689 1026 752 λ’.
1062 686 1115 754 Ἐν
1138 691 1173 755 δέ
1193 694 1233 776 τῇ
1253 689 1276 753 δ’
1300 689 1363 773 Δη-

252 801 385 884 μοκρίτῳ
410 801 544 864 ποικίλαι
572 798 688 884 ἡμέραι
715 799 847 883 γίνονται
877 797 1056 866 ἀλκυονίδας
1072 797 1270 882 καλούμεναι.
1305 793 1362 862 Ἐν

253 907 288 970 δὲ
305 904 345 990 τῇ
365 905 400 970 ιδ’
418 907 600 993 Δημοκρίτῳ
621 906 730 992 ἄνεμοι
752 905 879 969 πνέουσι
901 905 1024 990 ψυχροί,
1048 905 1078 968 οἱ
1098 905 1229 991 δρνιῦίαι
1249 905 1363 969 καλού-

252 1037 350 1098 μενοι,
367 1013 487 1098 ἡμέρας
514 1015 645 1098 μάλιστα
672 1014 712 1078 ii.
752 1009 814 1078 Τδν
841 1013 877 1076 δέ
895 1013 978 1098 κριδν
1001 1011 1215 1096 διαπορεύεται
1236 1013 1253 1076 δ
1273 1013 1365 1096 ἡλιος

253 1121 284 1186 ἐν
307 1122 438 1208 ἡμέραις
458 1119 515 1184 tot.
557 1119 609 1186 Ἐν
632 1122 667 1186 δὲ
687 1126 727 1208 τη
751 1119 785 1204 τί
809 1119 990 1204 Δημοκρίτῳ
1009 1119 1154 1188 πλειάδες
1181 1108 1365 1204 κρύπτονται

253 1229 318 1312 ἅμα
341 1230 420 1316 ἡλίῳ
452 1227 606 1315 ἀνίσχοντι
629 1231 680 1294 καὶ
708 1229 837 1314 ἀφανεῖς
858 1227 991 1311 γίνονται
1013 1224 1121 1295 νύκτας
1144 1225 1183 1310 μ’.
1226 1223 1306 1295 Teis
1327 1227 1365 1290 δὲ

253 1336 400 1419 διδύμους
430 1337 446 1400 δ
472 1337 560 1420 ἠ’λιος
589 1336 804 1421 διαπορεύεται
832 1335 863 1398 ἐν
889 1333 1019 1418 ἡμέραις
1044 1331 1099 1418 λβ.
1143 1330 1196 1397 Ἐν
1226 1333 1261 1398 δέ
1281 1332 1321 1417 τῇ
1345 1331 1363 1395 ι’

254 1443 435 1530 Δημοκρίτῳ
464 1441 547 1529 ύδιυρ
576 1444 699 1527 γίνεται.
746 1441 800 1508 Ἐν
830 1443 865 1507 δὲ
898 1464 935 1527 τη
966 1439 1011 1504 κδ’
1036 1440 1217 1526 Δημοκρίτῳ
1236 1440 1368 1526 ἄρχεται

248 1545 362 1633 Ὠρίων
387 1549 553 1614 ἐπιτέλλειν
580 1553 631 1614 καὶ
657 1555 744 1637 φιλεῖ
762 1550 969 1635 ἐπισημαίνειν
989 1545 1040 1611 ἐπ’
1065 1545 1160 1632 αὐτῷ’.

336 1657 488 1738 Excerpta
506 1679 545 1720 ex
564 1659 682 1722 Gemini
704 1660 849 1722 Element
870 1665 1033 1722 astronom.
1047 1677 1114 1737 cop.
1129 1657 1168 1719 to
1187 1678 1216 1739 p.
1230 1658 1271 1721 66
1278 1675 1365 1740 seqq.

253 1763 283 1825 in
302 1765 416 1825 Petavii
436 1766 631 1846 Uranologio.
674 1767 810 1830 Lutetiae
828 1767 1011 1829 Parisiorum
1033 1766 1125 1829 1630.

337 1872 366 1932 2.
702 1871 915 1959 Σεπτέμβριος.

338 1974 372 2046 ιζ’
383 1977 450 2060 ίύρηι
462 1977 496 2041 ιδ
507 1979 523 2040 i
535 1978 665 2065 ἔσχατος
674 1983 728 2042 τού
737 1983 878 2062 ποταμοῦ
888 1979 967 2064 ἑῷος
977 1976 1367 2063 ἐπισημαίνειΔημοκρίτῳ.

337 2081 383 2144 αδ
405 2084 472 2168 ὥρηι
502 2085 535 2149 ιδ
560 2086 741 2174 Δημοκρίτῳ
764 2087 860 2153 ύετύς.

706 2191 901 2280 Ὀκτώβριος.

336 2295 363 2381 η’
387 2300 499 2384 στάχυς
525 2299 690 2366 ἐπιτέλλων
715 2303 897 2387 Δημοκρίτῳ
916 2301 1067 2386 χειμάζει.
1111 2299 1225 2384 σπύρου
1248 2299 1328 2383 ίύρα.
1457 2347 1460 2352 ι

256 2517 333 2580 crito
353 2521 513 2600 Zephyrus
534 2522 641 2603 incipit
659 2524 731 2586 flere
752 2533 782 2586 et
802 2532 902 2586 manet
921 2543 978 2605 per
999 2522 1063 2584 dies
1083 2520 1280 2604 quadraginta
1302 2527 1366 2583 tres
1423 2531 1431 2546 ’

255 2628 559 2692 εοοιινετοίοιιὶδυε.
605 2629 709 2692 Pisces
735 2631 792 2693 Sol
817 2631 969 2713 percurrit
996 2630 1103 2692 diebus
1131 2629 1259 2709 triginta.
1306 2628 1368 2691 Die

255 2741 363 2815 quarto
384 2737 561 2798 Democrito
582 2738 658 2800 varii
678 2737 817 2802 oriuntur
835 2738 901 2800 dies
915 2739 966 2819 qui
990 2743 1136 2800 vocantur
1159 2737 1223 2799 dies
1244 2735 1368 2816 halcyo-

255 2859 337 2904 num.
387 2843 446 2905 Die
485 2849 594 2927 quarto
621 2845 741 2907 decimo
769 2845 946 2908 Democrito
971 2845 1072 2926 frigidi
1101 2845 1173 2907 flant
1200 2844 1280 2906 venti
1315 2843 1369 2925 qui

257 2949 404 3013 ornithiae
422 2957 578 3029 vocentur,
602 2970 660 3031 per
686 2953 752 3014 dies
774 2953 901 3015 marrime
924 2971 1042 3016 novem.
1080 2952 1214 3015 Arietem
1232 2956 1370 3034 pertran-

255 3057 295 3121 sit
315 3058 373 3122 Sol
394 3057 501 3122 diebus
529 3077 591 3122 uno
618 3065 649 3120 et
667 3060 794 3140 triginta
844 3059 903 3122 Die
932 3059 1022 3122 tortio
1050 3061 1168 3123 decimo
1189 3059 1369 3123 Democrito

254 3163 392 3245 pleiades
415 3167 606 3230 occultantur
632 3167 721 3228 simul
744 3189 814 3229 cum
838 3166 912 3230 Sole
948 3167 1064 3228 oriente
1096 3187 1195 3248 neque
1222 3171 1370 3246 apparent

255 3290 314 3351 per
338 3279 444 3334 noctes
466 3274 669 3356 quodraginta.
714 3275 858 3336 Geminos
879 3273 935 3336 Sol
958 3281 1093 3354 permeat
1120 3274 1226 3336 diebus
1249 3273 1371 3353 triginta

258 3377 387 3440 duobus
429 3381 487 3442 Die
515 3383 632 3444 decimo
657 3382 834 3444 Democrito
862 3400 939 3464 uque
969 3381 1095 3444 exsistit.
1143 3381 1202 3442 Die
1224 3382 1369 3443 vicesimo

256 3503 340 3546 nono
348 3488 525 3551 Democrito
534 3489 631 3552 Orion
646 3489 750 3570 incipit
765 3489 846 3565 oriri,
854 3495 884 3550 et
896 3488 974 3551 solet
988 3494 1060 3569 post
1075 3486 1175 3568 ipsum
1190 3486 1370 3569 significare.

342 3595 371 3654 2.
717 3594 905 3678 September.

245 3785 248 3790 Ι
342 3702 479 3782 Septimo
501 3703 619 3766 dechno
642 3705 691 3766 dio
717 3706 792 3768 hora
815 3705 889 3765 XIV
916 3703 1020 3766 ultima
1041 3702 1157 3788 (stello)
1178 3701 1262 3765 fluvii
1282 3719 1370 3764 mane

260 3810 410 3891 significat
429 3813 615 3874 Democrito.

342 3919 497 3981 Vicesimo
519 3937 602 3980 nono
626 3919 674 3979 die
694 3919 770 3980 hora
790 3918 868 3979 XIV
888 3917 1068 3979 Democrito
1089 3916 1201 3999 pluvia.

743 4027 886 4088 October.

340 4136 458 4196 Octavo
489 4131 538 4194 die
565 4134 650 4213 spico
680 4131 781 4194 oriens
808 4134 985 4196 Democrito
1019 4137 1229 4214 tempestatem
1254 4130 1372 4192 excitet.

257 4237 407 4302 Sementis
429 4247 556 4319 tempus·
