2892 4872
222 315 267 383 ῃ
553 315 749 378 Quaestionum
777 313 1012 372 neumrnwm

265 484 513 567 menoeceus
535 485 706 562 statuarius,
729 481 986 567 ἀνδριαντοποιός,
1009 479 1046 548 οὖ
1069 482 1220 569 μέμνηται
1242 481 1342 548 Ἀντί-

307 614 413 676 γονος,
436 594 477 656 ait
496 593 651 673 Diogenes
679 592 699 655 l.
722 613 749 655 c
787 592 817 654 Is
843 593 974 656 tortasse
999 600 1047 657 est
1072 593 1267 657 Democritus
1288 593 1343 656 ille

308 701 484 784 Sicyonius
508 700 596 779 cujus
618 699 801 763 mentionem
829 700 902 764 lacit
919 703 1083 766 Pausanias
1103 703 1197 766 Eliso.
1215 703 1251 765 ll.
1291 705 1343 764 De

308 811 487 874 Democrito
530 808 676 872 statuario
721 807 837 871 Plinius
885 810 975 872 etiam
1015 810 1150 894 loquitur
1176 811 1244 873 hist.
1278 817 1343 872 nat

309 919 465 996 XXXIV,
488 921 517 984 8.
557 917 646 980 Adde
668 916 806 998 inscript
829 937 877 998 ap.
897 918 1048 1000 Sponium
1067 919 1194 982 Miscelh
1214 940 1244 1000 p.
1269 920 1343 981 138.

270 1027 307 1108 3)
327 1027 519 1092 Democritus
546 1025 725 1106 Sicyonius,
752 1025 905 1104 diversus,
929 1033 963 1090 ut
991 1028 1125 1105 videtur,
1151 1048 1170 1090 a
1194 1027 1343 1090 stetrmrio

309 1133 432 1198 Allieno
467 1133 649 1198 Proconsuli
679 1135 907 1198 commendatur
941 1155 960 1197 e
987 1135 1138 1200 Cicerone
1175 1135 1262 1220 epist.
1301 1135 1345 1198 ad

313 1245 403 1308 famil.
423 1245 505 1322 XIII,
527 1245 577 1306 78.

272 1356 307 1436 t>
329 1352 523 1416 Democritus
543 1351 703 1433 Ephesius,
729 1351 781 1433 qui
801 1351 840 1414 de
859 1351 973 1432 templo
993 1353 1128 1434 Ephesio
1146 1373 1183 1416 ac
1207 1353 1245 1415 de
1264 1352 1346 1414 urbe

312 1463 509 1526 Samothrace
521 1459 651 1541 scripsit
671 1460 718 1522 ct.
729 1459 818 1539 Diog.
830 1461 997 1526 Laertie.
1014 1468 1044 1524 et
1054 1460 1344 1538 Athenaeulel,5.

270 1574 305 1652 5)
328 1571 537 1648 Democritus,
564 1567 694 1652 ποιητὴς
721 1565 959 1650 ἐπιγραμμάτων
988 1570 1089 1656 σαφὴς
1117 1571 1169 1633 καὶ
1198 1565 1345 1650 ἀνθηρός,

309 1685 344 1740 ut
362 1678 404 1740 ait
425 1679 578 1760 Diogenes
596 1677 616 1740 l.
636 1698 661 1738 c.
703 1677 800 1754 Hujus
825 1682 872 1737 est
891 1677 1075 1758 epigramma
1099 1678 1143 1746 εἰς
1156 1674 1345 1762 Ἀφροδίτην

313 1783 527 1868 ἁναδοομένην
547 1784 671 1848 Anthol.
694 1784 745 1846 lib.
766 1784 830 1845 Vll.

270 1898 305 1978 6)
327 1895 521 1957 Democritus
556 1894 777 1974 Pergamenus,
817 1890 878 1954 ἀπὸ
910 1891 1077 1976 ῥητορικῶν
1110 1893 1211 1979 λόγων
1246 1896 1346 1978 inquit

312 2003 466 2084 Diogenes
483 2002 503 2065 l.
524 2022 569 2076 c.;
589 2022 679 2083 quem
698 2001 818 2064 aliunde
839 2020 902 2063 non
929 2003 1078 2068 novimus.

269 2113 305 2192 7)
325 2111 520 2174 Democritus
545 2109 788 2173 Nicomediensis
816 2109 1034 2191 philosophus,
1065 2131 1143 2176 unus
1171 2132 1210 2175 ex
1227 2114 1346 2193 Dipno

229 2207 240 2272 ⁴-
316 2219 459 2300 sophistis
488 2217 570 2299 apud
591 2217 786 2280 Athenaeum.

270 2329 306 2408 8)
327 2327 521 2390 Democritus
542 2325 713 2388 Naxiorum
736 2325 907 2390 triremibus
929 2327 1111 2410 preelectus,
1127 2328 1166 2392 de
1188 2351 1251 2414 quo
1271 2329 1346 2394 vide

244 2459 246 2464 ⁸
313 2435 452 2498 Herodot
469 2433 521 2496 lib.
544 2435 621 2510 VIII,
645 2434 695 2496 to.

190 2627 194 2634 ι
271 2543 308 2626 9)
328 2543 534 2616 Democritus
554 2541 776 2624 Demophontis
797 2541 877 2605 tilius
899 2542 1105 2625 Anagyresius
1124 2545 1163 2608 ab
1181 2545 1348 2611 Athenien-

313 2651 398 2714 sibus
418 2651 457 2712 ad
476 2649 651 2731 Philippum
671 2650 799 2731 legatus.
844 2652 891 2716 CI.
911 2655 1068 2716 Demosth.
1090 2662 1166 2719 orat
1184 2656 1223 2719 de
1237 2679 1346 2723 coron.

315 2779 345 2840 p.
366 2759 438 2836 250,
468 2759 506 2820 15
526 2757 571 2838 (p.
593 2759 655 2821 223
677 2761 724 2822 ed.
740 2761 850 2843 Bell.)

274 2867 330 2948 10)
349 2867 552 2943 DemocrItus‚
574 2865 726 2928 Plutarchi
746 2867 907 2946 familiaris,
928 2891 1017 2953 quem
1036 2891 1105 2934 cum
1119 2871 1199 2953 Agla
1218 2873 1350 2958 loquen-

315 2983 377 3038 tem
396 2973 561 3036 introducit
579 2974 721 3054 Sympos.
744 2976 778 3052 Il,
801 2978 830 3056 9,
858 2980 906 3040 10.

274 3085 329 3164 11)
349 3081 542 3145 Democritus
559 3081 741 3159 Platonicus
764 3087 851 3163 cujus
873 3087 1007 3148 memInit
1027 3088 1216 3168 Porphyrius
1231 3090 1262 3152 in
1283 3092 1349 3154 vita

315 3189 428 3256 Plotini
449 3209 514 3269 cap.
528 3191 577 3251 20.
620 3189 738 3268 Syrien.
755 3189 784 3252 in
798 3193 858 3254 Xll
880 3195 1010 3275 hletnph.
1032 3195 1123 3258 ArIst.
1141 3217 1172 3277 p.
1185 3201 1235 3261 59.
1266 3201 1348 3264 Vide

226 3325 231 3334 ·
317 3299 355 3359 de
383 3300 442 3360 hoo
467 3296 586 3359 Fabric.
613 3297 690 3359 Bibl.
714 3301 820 3362 Gracc.
839 3300 900 3364 vol.
918 3303 965 3364 lll.
989 3323 1056 3384 pag.
1080 3307 1140 3367 170
1160 3307 1207 3368 ed.
1227 3307 1346 3372 llarles

233 3404 318 3467 Nolo
342 3425 380 3466 ex
407 3404 657 3484 inscriptionibus
682 3407 807 3489 aliisque
836 3413 1036 3474 monumentis
1057 3433 1111 3475 eos
1141 3415 1192 3476 hic
1213 3415 1347 3478 excitare

232 3513 427 3575 Democritos
470 3530 601 3593 quorum
638 3515 886 3578 commemoratio
927 3517 1001 3579 nihil
1038 3521 1175 3584 utIIItatis
1217 3521 1349 3586 allatura

233 3619 368 3696 videtur,
396 3638 494 3700 neque
523 3618 561 3678 de
584 3618 778 3686 librariorum
805 3622 921 3685 inscitia
949 3629 1096 3708 conqueri
1114 3629 1167 3711 qui
1183 3629 1347 3712 aliquoties

234 3745 292 3807 pro
319 3727 475 3789 Demetrio
493 3727 660 3789 Democriti
677 3749 789 3792 nomen
812 3731 1016 3812 scripserunt3
1044 3735 1076 3796 id
1096 3741 1211 3798 tantum
1231 3757 1347 3800 moneo

233 3835 316 3916 apud
336 3834 505 3914 Diogenem
526 3835 603 3912 Vlll,
627 3839 667 3898 m
687 3857 744 3917 pro
764 3841 940 3902 Democrito
964 3843 1134 3905 Troezenio
1157 3844 1348 3908 DemetrIum

234 3951 265 4006 et
283 3943 364 4024 apud
385 3942 509 4006 Suidam
530 3963 557 4007 v.
576 3941 696 4012 ’letter
714 3967 772 4027 pro
794 3949 971 4012 Democrito
993 3950 1138 4014 Iristorico
1159 3953 1348 4016 Demetrium

233 4050 394 4132 legendum
417 4070 493 4114 esse.
