2984 4876
12 493 18 526 λ

345 310 430 368 Liber
442 313 491 372 lll.
526 309 676 370 Democriti
695 329 806 386 operum
826 315 987 390 fragmenta
1159 321 1221 387 211

193 479 241 544 13.
287 473 362 562 Περὶ
384 477 513 564 έκοίστης
533 478 562 544 θ’
585 479 646 565 ἤδη
663 477 764 545 αὐτῶν
787 480 818 544 ἐν
840 480 927 566 μέρει
948 485 1088 568 πειρᾶται
1109 486 1217 571 λέγειν.
1230 523 1240 562 -,

12 578 20 638 ἶ·
99 583 200 672 Ὃρᾷν
236 585 290 670 μὲν
322 581 375 647 οὖν
398 592 485 649 ποιεῖ
508 591 548 672 τῇ
569 588 718 674 speciose·
747 587 858 673 ταύτην
881 587 911 654 θ’
936 590 1021 660 ἰδίως
1043 592 1141 676 λέγει·
1163 597 1216 682 τὴν

12 693 22 764 i
104 695 164 782 γὰρ
192 691 324 779 ἔμφασιν
356 691 413 757 oda
440 693 534 764 εὐθὺς
565 693 596 760 ἐν
622 699 663 780 τῇ
689 694 767 780 κόρῃ
794 695 940 779 γίνεσθαι,
963 696 1044 762 ἀλλὰ
1062 701 1114 763 τόν
1138 701 1218 788 ἀέρα

12 817 23 876 ;³
104 803 156 867 τόν
181 801 292 886 μεταξὺ
315 803 369 884 τῆς
388 801 493 888 ὄρειος
520 803 572 867 κοιλ
591 806 646 866 τοῦ
669 803 829 888 ὁρωμένου
852 805 1032 885 τυποῦσθαι,
1057 811 1216 876 συστελλό-

17 905 24 946 ⁷·
106 931 197 995 μενον
226 909 284 972 ὑπό
314 911 370 972 τοῦ
399 909 560 995 ὁρωμένου
592 911 720 976 καὶτοῦ
751 912 899 996 ὁρῶντος·
929 913 1061 984 ἅπαντος
1089 916 1146 1003 γὰρ
1168 919 1217 982 cisi

104 1015 244 1101 gieselini
263 1038 329 1080 τινα
353 1017 527 1102 ἀπορροήν·
552 1015 657 1082 ἔπειτα
679 1021 786 1083 τοῦτον
809 1022 932 1106 στερεόν
957 1019 1029 1085 όντα
1052 1025 1103 1088 καὶ
1127 1025 1216 1090 ἀλλό-

104 1145 191 1210 χριυν
215 1122 420 1209 ἐμφαίνεσθαι
439 1129 502 1194 τοῖς
523 1125 656 1210 ὄμμασιν
684 1126 799 1212 ὑγροῖς·
826 1127 878 1192 κοιλ
902 1130 937 1192 τό
962 1129 1017 1214 μὲν
1043 1131 1155 1195 πυκνόν
1179 1132 1215 1197 od

12 1253 23 1288 ει
104 1229 263 1317 δέχεσθαι,
284 1234 318 1298 τό
344 1231 374 1298 δ’
401 1233 490 1317 ὑγρόν
513 1231 630 1296 θιϊέναι.
674 1233 730 1298 Διὸ
752 1234 893 1306 καὶτοὺς
915 1235 1104 1321 ὑγροθςτῶν
1128 1241 1216 1323 ακλη·

12 1361 27 1414 ³³:
105 1345 167 1424 ρῶν
188 1337 361 1425 ὀφθαλμῶν
378 1340 523 1425 ἀμείνους
537 1339 704 1428 εἶναιπρὸς
718 1343 752 1405 τό
776 1339 862 1426 όρᾷν,
881 1343 908 1408 εί
929 1344 945 1407 b
966 1345 1020 1427 μὲν
1041 1344 1100 1415 ἔξω
1122 1349 1215 1432 χιτὼν
1276 1377 1282 1392 ι

12 1448 25 1509 ι’·
104 1451 148 1517 ὡς
176 1445 360 1520 λεπτότατος
388 1448 439 1512 καὶ
469 1446 655 1518 πυκνότατος
684 1449 745 1533 εἴη,
778 1449 816 1513 τὰ
850 1449 878 1513 δ’
913 1449 998 1520 ἐντός
1018 1454 1061 1520 ιὐς
1085 1454 1216 1537 μάλιστα

104 1554 211 1640 αομφολ
239 1555 290 1618 καὶ
318 1556 391 1620 κενὰ
419 1559 535 1638 πυκνῆς
561 1557 614 1619 καλ
642 1557 768 1642 ἰσχυρᾶς
796 1557 918 1642 σαρκός,
948 1556 992 1622 ἔτι
1023 1560 1058 1624 δὲ
1090 1560 1217 1646 ἰκμάδος

102 1663 235 1749 παχείας
263 1664 372 1727 τεκαὶ
403 1665 543 1748 λιπαρᾶς,
563 1664 614 1727 καὶ
641 1665 673 1727 αἱ
700 1665 814 1751 φλέβες
844 1666 922 1729 κατὰ
942 1666 1014 1736 τοὺς
1034 1667 1217 1752 ὀφθαλμοὺς

12 1784 28 1870 ν
104 1769 224 1835 εὐθεῖαι
246 1771 297 1834 καλ
320 1767 453 1855 ἅνικμοι,
481 1770 533 1833 καλ
561 1771 839 1857 όμοιοαχημονοῖεν
859 1777 924 1842 τοῖς
942 1773 1214 1857 ἀποτυπουμένοις.

17 1889 29 1920 ν
102 1875 150 1942 Τὰ
183 1877 240 1964 γὰρ
271 1877 418 1964 ὁμόφυλα
450 1877 580 1961 μάλιστα
613 1877 740 1943 ἕκαστον
771 1881 937 1965 γνωρίζειν.
989 1882 1215 1964 Theophrastus

102 1987 173 2050 ibid.
195 1989 245 2052 50.

189 2096 237 2159 14.
282 2090 408 2178 Πρῶτον
434 2093 489 2178 μὲν
513 2089 566 2157 οὖν
589 2093 703 2162 ἄτοπος
722 2093 741 2177 ἡ
763 2093 958 2164 ἀποτόπωαις
980 2095 999 2177 ἡ
1023 2094 1114 2182 ἐντῷ
1136 2095 1214 2182 ἀέρι·

12 2211 31 2251 2²
104 2203 155 2266 δεῖ
171 2201 229 2289 γὰρ
260 2199 342 2288 ἔχειν
368 2202 540 2286 πυκνότητα
568 2203 620 2266 καὶ
652 2201 694 2286 μὴ
725 2200 916 2286 θρύπτεσθαι
939 2203 972 2266 τὸ
996 2203 1215 2288 πυκνούμενον,

15 2423 32 2466 ε’
102 2428 161 2504 gat,
185 2421 239 2484 sed
262 2421 359 2484 simile
386 2420 498 2504 aliquid
527 2421 674 2484 similibus
701 2421 772 2501 pati.
820 2425 1017 2504 Quapropter
1037 2424 1111 2485 baec
1133 2430 1216 2488 utro·

103 2549 162 2612 qne
184 2527 277 2592 modo
300 2528 425 2609 intelligi
450 2527 530 2592 licet.

191 2638 241 2700 13.
287 2637 334 2700 De
355 2637 482 2718 singulis
506 2643 604 2698 autern
633 2635 772 2698 sensibus
794 2635 936 2717 deinceps
957 2637 1059 2700 dicere
1080 2646 1215 2702 conatur.

101 2747 215 2811 Videre
241 2763 300 2807 nos
329 2745 371 2808 ait
395 2745 554 2826 imaginum
582 2743 692 2824 illapsu
721 2763 810 2826 quern
837 2743 1029 2825 peculiariter
1056 2745 1215 2822 describit;

37 4459 39 4530 l

101 2851 264 2934 imaginem
286 2853 366 2914 eninr
391 2873 451 2916 non
474 2852 573 2915 statim
595 2851 626 2912 in
650 2849 794 2931 pupillam
818 2851 910 2932 illabi,
938 2853 993 2916 sed
1015 2857 1115 2915 adrem
1138 2853 1217 2916 inter

19 2967 28 3038 ζ’
101 2961 225 3026 οουΙυιιι
258 2965 287 3021 et
311 2959 387 3024 illud
420 2961 504 3046 quod
535 2959 676 3036 connitur,
705 2959 845 3038 medium,
877 2967 1065 3024 contractum
1093 2959 1132 3023 ab
1162 2959 1215 3022 illo

20 3051 22 3084 ³
100 3067 183 3153 quod
205 3067 341 3132 cernitur
366 3076 395 3131 et
426 3068 476 3153 qni
508 3067 613 3142 cernit,
640 3065 781 3140 formari3
811 3067 849 3130 ab
878 3069 961 3130 omni
988 3068 1065 3131 enim
1095 3086 1129 3128 rc
1151 3066 1216 3129 lieri

21 3161 25 3192 r
101 3196 223 3258 semper
254 3177 408 3240 effluvium
440 3176 607 3258 quoddam
641 3173 749 3236 deinde
781 3174 862 3238 bunc
896 3181 998 3239 adrem
1029 3174 1160 3240 solidum
1186 3181 1216 3237 et

101 3283 286 3348 discolorem
308 3285 405 3348 oculis
428 3283 558 3346 humidis
589 3289 623 3346 nt
653 3281 813 3363 imaginem
838 3283 934 3361 illabi,
965 3283 1007 3345 ita
1033 3289 1067 3345 nt
1091 3283 1216 3346 densum

35 3458 38 3469 ¹
100 3411 163 3453 non
184 3390 322 3472 accipiat,
342 3391 495 3454 bumidurn
516 3396 664 3472 peragret
706 3389 825 3453 ldcirco
848 3389 987 3453 humidos
1009 3390 1117 3454 oeulos
1134 3391 1216 3454 duris

100 3499 242 3562 meliores
262 3519 329 3562 esse
348 3500 387 3561 ad
408 3497 580 3574 videndum,
604 3499 631 3560 si
657 3498 830 3561 membrana
854 3503 978 3562 extenta
998 3517 1088 3580 quarn
1106 3497 1217 3561 tennis-

101 3607 178 3669 sima
198 3613 229 3669 et
246 3607 429 3670 solidissima
450 3607 497 3686 sit,
518 3607 635 3670 interno
656 3613 756 3669 autom
777 3609 866 3689 qn‘arn
885 3606 1013 3669 maxime
1037 3606 1166 3688 fungosa
1188 3613 1218 3670 et

100 3715 201 3777 inania
219 3733 309 3778 earne
331 3715 429 3779 solida
457 3723 488 3778 et
513 3715 621 3793 valida,
653 3721 742 3797 atque
768 3715 895 3777 humore
920 3732 1024 3778 crasso
1056 3721 1086 3776 et
1111 3713 1217 3791 nitido,

100 3842 194 3886 venae
217 3823 347 3906 denique
368 3823 406 3884 ad
427 3823 536 3886 oculos
563 3822 748 3903 pertinentes
772 3829 873 3885 reotae
894 3821 1088 3904 humorisque
1111 3839 1217 3900 exper-

32 3942 37 3973 ¹
100 3938 146 3996 tes
169 3938 199 3995 et
221 3929 334 3994 similes
356 3931 452 4011 ligura
470 3930 649 4011 imaginibus
671 3929 868 3992 conformatis
888 3929 957 3992 sint
990 3926 1046 3991 sui
1066 3927 1144 3989 eninr
1165 3945 1217 4008 ge-

99 4041 181 4103 neris
205 4059 255 4102 res
276 4038 403 4102 maxime
425 4037 559 4122 quidque
582 4057 775 4118 cognoscere.

185 4149 233 4212 ld.
276 4147 322 4210 Ao
344 4146 473 4226 primum
495 4145 617 4228 quidem
639 4145 741 4227 inepta
762 4152 809 4207 est
830 4143 969 4225 imaginis
994 4143 1026 4206 iu
1047 4147 1117 4206 abre
1143 4161 1215 4205 oon-

98 4254 253 4328 iormatio;
278 4273 347 4317 nam
371 4254 454 4339 quod
472 4255 629 4318 densatum
656 4259 701 4316 ost
729 4271 852 4316 servare
874 4257 999 4333 oportet
1020 4252 1097 4315 barro
1118 4251 1213 4314 densi·

927 4362 1010 4423 11θ
