2956 4860
315 295 338 360 2
651 291 847 354 Quaestionum
866 289 1100 346 Democriteamrn

317 461 422 524 dulum
437 459 607 540 posteriore
620 455 650 538 ³)
672 463 809 535 tempore
828 454 1070 518 famosissimum.
1105 455 1185 518 Nam
1201 457 1283 540 quod
1302 476 1336 518 ex
1354 457 1416 517 Dio-

317 589 394 652 gene
407 569 438 648 ⁴)
461 569 619 642 discimus,
657 564 765 626 luisse-
787 562 838 645 qui
860 582 930 624 cum
950 563 1046 625 Mileti
1068 569 1170 625 natum
1194 583 1261 626 esse
1282 570 1415 644 putarent,

317 698 379 740 uon
409 683 522 739 tantum
549 675 631 756 apud
660 691 838 754 quemquam
859 669 961 732 valere
984 671 1089 749 debet,
1119 678 1153 734 ut
1175 681 1334 754 pervagata
1353 673 1416 734 ariti-

319 785 440 868 quitatis
461 783 565 864 opinio
587 781 656 842 ideo
679 779 707 841 ei
726 777 907 858 negligenda
925 778 1061 840 videatur
1074 778 1111 861 ⁵).

403 891 444 954 At
467 891 504 954 dc
526 897 663 970 tempore
696 907 758 970 quo
781 886 889 948 vixerit
906 887 1109 962 Democritus,
1131 894 1212 950 tauta
1231 895 1277 951 est
1297 889 1417 952 omnium

319 1000 483 1076 dissensio,
513 1005 547 1061 ut
575 1016 673 1078 neque
701 1015 811 1057 annum
838 997 903 1073 ejus
931 993 1058 1056 natalem
1081 1015 1141 1086 nec
1158 995 1236 1058 vitae
1259 1017 1418 1078 supremum

318 1109 434 1191 liquido
455 1127 492 1168 ex
516 1105 640 1168 vetustis
661 1101 861 1166 monumentis
884 1121 1007 1180 eruere,
1034 1102 1101 1164 sola
1121 1110 1235 1166 tantum
1257 1109 1419 1182 conjectura

318 1217 440 1298 assequi
467 1214 629 1296 possimus.
675 1213 743 1274 Nec
781 1211 892 1273 mirum
922 1216 968 1272 est
1003 1210 1085 1292 qrrod
1117 1209 1161 1273 illi
1193 1213 1312 1289 accidit,
1336 1221 1368 1272 ut
1387 1211 1419 1271 ad

319 1324 455 1386 diversas
476 1327 589 1383 aetates
606 1320 778 1397 referretur,
792 1319 876 1402 quod
889 1318 961 1381 licet
972 1317 1183 1396 honorificum,
1203 1331 1236 1382 ut
1255 1321 1420 1394 videbimus,

319 1432 397 1493 inter
427 1430 592 1509 longaevos
620 1427 754 1490 obtineat
780 1427 903 1502 locum,
937 1425 1015 1489 adeo
1045 1433 1080 1488 ut
1108 1428 1270 1491 multorum
1301 1427 1422 1510 aequalis

318 1537 417 1612 suerit,
445 1542 552 1612 tantan,
573 1541 647 1617 quot
668 1535 746 1597 vitae
772 1553 868 1599 annos
890 1535 1064 1616 expleverit,
1087 1535 1234 1598 incertum
1252 1544 1308 1600 est.
1350 1541 1421 1618 Qua-

319 1651 446 1726 propter
468 1643 604 1724 singulos
627 1649 717 1706 testes
740 1643 847 1704 ordine
864 1643 1046 1724 producam,
1077 1643 1185 1706 deinde
1207 1645 1365 1708 doctorum
1383 1663 1421 1704 re-

320 1752 464 1814 centioris
488 1752 593 1814 aetatis
616 1751 760 1828 virorum,
789 1751 841 1832 qui
863 1752 900 1812 de
923 1753 982 1814 hoc
1001 1759 1181 1832 argumento
1205 1763 1339 1834 egerunt,
1358 1771 1421 1833 pau-

319 1859 363 1920 cis
391 1859 492 1922 verbis
516 1860 698 1922 mentionem
727 1859 847 1938 faciam,
875 1859 1005 1942 denique
1030 1859 1103 1942 quid
1131 1879 1190 1940 ego
1225 1867 1352 1922 statuam
1380 1879 1422 1922 ex-

319 1967 448 2046 plicobo.

404 2073 475 2136 Tria
495 2073 632 2135 teruntur
648 2075 743 2156 ipsius
761 2074 927 2138 Democriti
951 2075 988 2136 dc
1004 2074 1065 2136 vita
1094 2093 1149 2136 sua
1169 2076 1339 2139 testimonia
1356 2095 1422 2158 quo-

319 2201 386 2242 rum
406 2181 466 2243 duo
490 2187 606 2242 exstent
634 2183 716 2262 apud
744 2183 928 2264 Diogenem,
955 2183 1075 2244 tertium
1102 2182 1184 2262 apud
1212 2183 1373 2246 Eusebium
1398 2189 1423 2242 et

319 2289 507 2352 Clementem
538 2289 780 2356 Alexandrinum.
829 2291 962 2354 Primum
984 2289 1121 2353 Laertius
1137 2289 1168 2371 ⁶)
1190 2309 1228 2352 ex
1250 2290 1332 2353 illius
1352 2291 1423 2352 libro

318 2585 384 2637 llela
402 2585 445 2637 lib.
464 2587 485 2636 il
513 2597 535 2637 c.
554 2582 583 2634 D:
607 2585 651 2646 (de
669 2584 774 2637 Abdera
794 2586 916 2650 loquens)
942 2585 1010 2648 „sed
1028 2596 1060 2635 ea
1078 2584 1163 2646 magis
1181 2581 1208 2634 id
1226 2582 1425 2635 memorandum

318 2667 411 2728 habet,
440 2667 513 2734 qood
536 2667 719 2718 Democritum
738 2669 880 2732 physicum
899 2667 969 2727 tulit,
995 2679 1076 2730 quiam
1094 2665 1167 2729 qraod
1188 2665 1225 2716 ite
1243 2666 1353 2716 condita
1371 2661 1426 2714 est.w

319 2750 397 2800 Solin.
416 2749 540 2813 Polyliist.
560 2761 617 2813 cap.
634 2749 669 2800 x:
691 2751 771 2812 „inde
790 2762 843 2800 non
864 2749 957 2813 procul
978 2746 1043 2798 urbs
1063 2743 1176 2808 Abdera,
1197 2759 1278 2810 quarn
1297 2745 1426 2797 Diomedis

319 2839 397 2879 soror
415 2834 441 2880 et
456 2831 577 2880 condidit
595 2833 623 2882 et
639 2845 654 2880 a
673 2845 703 2883 se
720 2833 760 2882 sie
777 2831 892 2890 vocavit,
913 2841 976 2879 mex
993 2827 1138 2878 Democriti
1154 2827 1251 2877 domae
1267 2827 1380 2890 physici,
1398 2837 1426 2873 eo

318 2910 341 2956 si
367 2923 460 2961 verrem
487 2913 598 2973 elmere,
627 2913 687 2962 ideo
709 2911 844 2964 nobiiior.''
874 2910 970 2960 suidas
991 2923 1014 2959 ν.
1033 2902 1195 2976 Δημόκριτος
1218 2902 1425 2976 -Ἀβδηρίτης

319 2985 349 3036 ἐκ
366 2984 470 3060 Θρηίκης
487 3017 516 3028 -
533 2991 649 3043 Eudocia
661 2993 757 3044 Violar.
773 3008 833 3058 pag.
847 2989 903 3044 tel.
922 2985 1085 3059 Δημόκριτος
1098 2983 1250 3057 φιλόσοφος.
1265 2983 1427 3057 Ἀβδηρίτης.

317 3069 446 3122 Ammien.
467 3071 632 3124 Marcellinus
662 3073 705 3124 lib.
724 3075 803 3136 lllill,
824 3071 842 3124 8
867 3074 985 3134 (intimus
1006 3071 1168 3133 scriptorum
1201 3069 1355 3119 Latinorum
1385 3069 1425 3132 qiti

318 3147 396 3211 liujirs
415 3153 505 3215 oppidi
523 3154 605 3216 injicit
621 3156 795 3218 mentionem)
819 3151 940 3214 Abdere,
962 3153 1124 3214 Protagorae
1144 3149 1308 3201 domicilium
1329 3153 1357 3201 et
1374 3150 1426 3200 De-

318 3232 431 3282 mocriti.
461 3233 673 3300 Pseudorigenes
692 3241 719 3288 ct
741 3235 925 3288 theodoretus
944 3235 960 3284 l.
977 3233 993 3286 l.

388 3348 411 3412 ³)
431 3353 462 3398 ut
481 3350 550 3400 inire
571 3351 771 3420 demonstrabo.

386 3461 410 3520 ⁴)
428 3463 501 3528 Diog.
520 3466 604 3516 Lateri.
623 3467 637 3518 l.
656 3468 671 3519 l.
693 3495 721 3504 -
742 3461 932 3535 Ἀβδηρίτηςῆ
954 3462 999 3525 (ὡς
1022 3461 1093 3530 ἔνιοι)
1115 3461 1251 3537 Μιλήσιος.

388 3578 410 3640 ⁵)
428 3579 563 3631 Jiisenalis
581 3583 736 3636 scholiastes
757 3582 792 3633 ad
810 3583 884 3632 satir.
898 3581 927 3633 X.
946 3595 1016 3634 vers.
1034 3579 1069 3633 50
1098 3584 1147 3633 ait:
1180 3581 1279 3646 „istud
1298 3580 1428 3636 Abderim,

317 3662 364 3708 ant
378 3659 511 3724 negarim,
531 3675 600 3725 quae
619 3663 667 3714 luit
684 3665 771 3727 patria
790 3661 955 3713 Democriti”
971 3666 1037 3726 etc.;
1058 3664 1103 3715 uhi
1122 3661 1367 3726 corrigeAlderaaaa
1385 3660 1428 3708 etit

315 3737 456 3804 Maqaram.
483 3743 549 3792 Nam
564 3745 689 3808 elegerim
706 3747 750 3796 liic
769 3745 831 3795 lerri
848 3757 902 3794 nou
918 3757 1008 3806 posse,
1026 3745 1075 3796 sed
1090 3745 1252 3809 Megaridem
1267 3737 1429 3811 (Μεγαρίδα).

314 3820 408 3870 sellem
432 3821 575 3874 dicendum
600 3824 682 3876 luisse
705 3825 858 3888 intelligitur
888 3838 919 3874 ex
944 3824 1079 3889 ‚Pompon
1105 3827 1163 3877 ilci.
1189 3825 1231 3876 lib.
1251 3826 1272 3874 ll
1307 3839 1367 3888 cap.
1386 3823 1426 3870 i'll

315 3915 374 3965 pag.
394 3899 451 3954 Dii.
478 3904 519 3956 ed.
545 3907 660 3958 Gronov.
696 3907 729 3958 nt
749 3909 884 3968 Megarae,
910 3907 1060 3958 Siculorum
1081 3905 1161 3966 urbe,
1186 3905 1358 3956 Democritus
1378 3917 1428 3954 non

315 3987 357 4031 est
376 3987 462 4036 natus.
498 3987 601 4040 Similes
620 3989 699 4052 huius
718 3989 879 4040 scholiastae
898 3999 1004 4052 errores
1022 4001 1116 4038 omnes
1135 3988 1186 4036 viri
1206 3986 1277 4038 docti
1293 3988 1350 4050 jem
1369 3985 1429 4049 pri-

315 4062 376 4113 dem
397 4071 538 4118 noverunt.

384 4179 408 4243 ⁶)
424 4181 497 4246 Diog.
519 4184 605 4236 Laert.
627 4185 667 4246 lli,
685 4180 718 4234 it
752 4180 841 4252 ηέηονν
866 4179 894 4234 ei
920 4185 974 4239 τοῖς
998 4177 1103 4254 χρόνοις
1128 4177 1174 4241 (ὡς
1199 4176 1277 4238 αὑτός
1300 4199 1380 4252 φησιν
1402 4178 1426 4230 ἐν

311 4258 348 4326 τῷ
372 4264 456 4331 μικρῷ
482 4259 633 4335 Διακόσμιρ)
660 4265 718 4322 νέος
748 4261 816 4314 eard
847 4262 994 4334 πρεσβύτην
1019 4258 1211 4332 Ἀναξαγόραν,
1235 4260 1317 4314 trram
1346 4260 1426 4313 edroi
