2956 4860
244 331 264 374 χ
651 305 944 364 Praefatio.

244 477 467 576 fragminibus
500 473 669 573 corruptis
705 487 810 570 atque
842 473 876 548 in
909 472 1128 571 explicandis
1160 473 1358 548 difficilibus

246 627 353 698 saepe
389 605 513 674 trustra
542 594 721 672 laborarit.
782 594 920 672 Cautius
948 600 1217 691 fragmentorum
1238 623 1357 671 mora-

245 722 327 797 liurn
358 747 538 796 numerum
570 716 695 793 linibus
725 716 933 814 quibusdam
967 714 1233 815 circumscripsit
1267 723 1356 791 Bur-

245 847 405 932 chardus,
427 847 532 916 multa
550 865 641 938 quae
655 837 783 914 Orellio
800 835 1017 912 Democritea
1033 836 1109 912 visa
1126 852 1223 914 erant
1244 839 1360 914 aliena

247 989 328 1040 esse
363 962 565 1060 intelligens.
614 965 709 1036 Idem
741 975 855 1036 tamen
879 956 1009 1056 primus
1036 957 1263 1034 Democriteis
1289 962 1359 1035 alia

247 1083 375 1181 adjecit
404 1089 593 1181 fragmenta
619 1107 709 1179 quae
745 1079 893 1156 Orellius
923 1083 1113 1177 adjungere
1145 1088 1360 1179 neglexerat.

247 1209 466 1282 Burehardus
507 1209 693 1301 plerasque
735 1200 922 1278 sententias
970 1207 1121 1276 morales
1160 1203 1361 1299 germanice

249 1327 489 1424 interpretatus
515 1337 577 1414 est,
604 1322 762 1420 exeeptis
787 1323 828 1397 iis
851 1349 938 1420 quas
964 1329 1021 1398 uel
1045 1322 1168 1400 dubias
1196 1330 1252 1399 rel
1277 1349 1361 1398 cor-

248 1464 365 1547 ruptas
403 1473 485 1522 esse
521 1448 697 1521 censebat.
755 1444 953 1543 Philosophi
991 1449 1100 1520 verba
1141 1449 1186 1520 ad
1222 1443 1363 1520 ionicae

249 1567 386 1644 dialecti
420 1593 576 1642 normam
609 1565 759 1664 dirigere
799 1564 996 1665 supersedit
1026 1591 1092 1641 nec
1123 1563 1189 1640 nisi
1222 1592 1301 1642 raro
1340 1593 1363 1642 a

249 1689 409 1766 codicum
428 1694 562 1764 calamo
578 1687 782 1784 scriptorum
796 1686 997 1764 auctoritate
1012 1685 1182 1763 discessit.
1227 1692 1361 1776 Quam-

250 1837 355 1909 quam
388 1822 502 1886 autem
537 1809 572 1884 in
603 1809 790 1884 Abderitae
822 1809 922 1886 dictis
956 1812 1048 1884 haud
1080 1833 1193 1906 pauca
1223 1808 1365 1906 reliquit

249 1935 395 2022 menda,
436 1947 551 2008 tamen
585 1937 683 2006 locos
722 1934 894 2028 quosdam
936 1934 1147 2027 depravatos
1180 1928 1364 2026 ingeniose

250 2051 411 2128 correxit.
469 2051 623 2126 Similem
655 2077 800 2149 operam
838 2051 1060 2150 physicorum
1092 2058 1362 2150 fragmentorum

250 2172 339 2270 parti
362 2199 452 2270 quae
476 2177 569 2270 apud
590 2177 862 2271 Theophrastum
887 2172 1009 2270 legitur
1040 2171 1134 2247 idem
1159 2170 1212 2247 vir
1237 2179 1364 2248 doctus

250 2292 425 2390 impendit,
449 2292 621 2392 siquidem
641 2293 676 2370 in
690 2321 734 2370 eo
757 2293 958 2385 elaborarit,
982 2307 1020 2368 ut
1043 2320 1114 2369 non
1132 2308 1255 2370 cuncta
1270 2321 1366 2394 quae

252 2412 359 2489 critici
383 2427 418 2488 et
436 2412 631 2513 interpretis
658 2415 787 2492 auxilio
813 2428 964 2512 egerent,
986 2420 1052 2490 sed
1077 2413 1214 2512 potiora
1240 2439 1365 2488 emen-

251 2541 351 2612 daret
366 2550 409 2612 et
433 2534 625 2628 illustraret,
650 2565 761 2637 pauca
785 2537 888 2613 latine
911 2534 1199 2633 interpretaretur,
1222 2535 1367 2610 univer-

252 2685 371 2734 sorum
401 2683 488 2734 uero
524 2665 791 2756 fragmentorum
822 2685 992 2733 summam
1024 2661 1089 2732 sub
1122 2660 1226 2731 llnem
1256 2657 1367 2733 libelli

252 2779 449 2876 germanice
475 2793 677 2876 exponeret.
727 2777 981 2879 Philippsonius
1006 2793 1113 2853 totum
1138 2781 1369 2876 Theophrasti

254 2903 299 2973 de
321 2899 483 2974 sensibus
519 2906 724 2996 opusculum
748 2900 783 2976 in
808 2900 949 2977 latinum
973 2927 1171 2975 sermonem
1196 2903 1371 2977 transtulit

255 3032 290 3093 et
319 3017 675 3095 animadversionibus
703 3022 912 3118 explanarit.
970 3027 1068 3110 Quae
1101 3048 1158 3095 res
1185 3029 1368 3118 quomodo

254 3139 288 3215 in
313 3137 447 3235 reliquo
471 3165 579 3237 opere
601 3141 818 3231 successerit,
837 3169 927 3218 nunc
949 3143 1030 3218 nihil
1045 3143 1162 3218 attinet
1179 3170 1371 3240 quaerere;

255 3260 289 3336 in
315 3258 356 3335 iis
388 3273 482 3335 certe
513 3287 604 3358 quae
638 3267 683 3338 ad
716 3262 948 3338 Democritum
980 3271 1172 3339 reseruntur
1197 3265 1371 3363 capitibus

256 3395 388 3457 textum
414 3380 570 3479 pluribus
603 3382 688 3459 locis
715 3409 784 3459 nen
815 3390 905 3460 male
931 3385 1114 3461 constituit.
1164 3391 1288 3485 Neque
1313 3401 1371 3464 ta-

256 3529 337 3578 men
365 3528 407 3576 ea
433 3527 523 3599 quae
548 3502 582 3576 in
608 3508 675 3580 hoc
698 3531 827 3602 genere
848 3513 1056 3603 praestanda
1076 3522 1182 3598 erant,
1199 3509 1376 3606 praestitit

258 3622 383 3713 omnia,
408 3626 473 3697 sed
494 3629 600 3699 multa
623 3625 698 3702 aliis
724 3627 883 3703 facienda
905 3627 1051 3725 reliquit.
1101 3634 1137 3704 ln
1162 3630 1266 3704 latina
1292 3636 1373 3725 ejus

258 3743 479 3820 translatione
509 3771 587 3820 eum
615 3747 682 3823 alia
714 3774 782 3823 non
813 3754 940 3846 probo,
966 3763 1037 3823 trrm
1069 3755 1165 3846 quod
1192 3750 1374 3828 technicas

259 3863 445 3940 Democriti
472 3891 579 3941 voces
605 3895 727 3966 parum
752 3883 911 3946 accurate
937 3871 1120 3967 expressit.

357 3985 501 4083 Reliqua
531 4014 675 4086 operum
704 3992 1001 4067 Democriteorum
1033 4001 1233 4091 fragmenta,
1257 3993 1291 4068 id
1317 4009 1377 4068 est

260 4134 341 4206 pars
374 4105 606 4206 physicorum,
645 4139 735 4209 quae
767 4117 860 4210 apud
886 4119 1030 4190 Sext-um
1054 4114 1271 4212 Empiricum,
1294 4115 1376 4189 Ari-

262 4235 431 4319 stetelem,
453 4227 673 4328 Simplicium,
692 4238 909 4310 Plutarchum
932 4249 966 4310 et
985 4241 1173 4314 Stobaeum
1192 4235 1378 4328 invenitur,
