2892 4872
356 309 441 365 Liber
454 307 490 369 ll.
519 308 562 364 Da
573 307 724 366 Democriti
743 309 864 380 scriptio.
1101 312 1161 380 157

68 479 200 558 scriptore
229 478 260 540 in
289 474 426 540 νένωται.
473 475 566 540 Aliud
594 476 735 541 videlicet
764 483 810 539 est
832 476 902 561 περὶ
930 477 1055 559 παθῶν,
1080 481 1162 544 aliud

7 601 9 668 l
67 585 122 668 aspi
142 583 337 669 συμπαθειιῖιν
367 585 419 646 καὶ
444 583 657 647 aversatam.
706 585 1003 668 coaequarentur
1033 607 1100 652 esse
1130 590 1161 652 in

7 675 9 718 '
66 694 148 772 Elym.
169 696 210 757 M.
232 695 415 775 scripturam
445 694 615 769 contendo,
641 711 740 774 neque
755 691 838 770 scio,
865 695 994 757 merline
1015 695 1064 757 hic
1084 696 1161 758 libor

66 821 124 880 pars
143 803 265 883 genuini
285 802 414 880 alicujus
438 801 542 882 operis
563 800 758 878 Democritei,
788 819 826 863 an
846 801 1035 866 citerioribus
1057 823 1161 867 saecu-

7 893 8 906 *
65 908 96 970 lis
112 909 272 974 Abderitae
303 909 458 988 subjectus
490 909 537 972 sit
588 907 635 970 Oi.
665 927 743 990 quae
771 909 901 972 diximus
930 911 961 972 in
991 911 1092 975 adnot.
1123 911 1162 974 ad

66 1018 155 1098 lragm.
179 1039 242 1083 var.
266 1039 328 1098 arg.
351 1019 380 1080 8.
808 1032 813 1039 '

135 1127 168 1209 6)
195 1129 330 1208 Magica
358 1126 535 1203 columina,
566 1123 717 1208 qnibnsa
746 1124 923 1188 Democrito
949 1125 1163 1206 Apollouicem

66 1235 247 1314 Gaptideneru
281 1241 311 1296 et
332 1234 507 1295 Dardanum
531 1233 713 1296 Phoenicem
742 1233 922 1296 illustratum
947 1253 1014 1297 esse
1037 1235 1164 1298 credidit

7 1353 9 1498 D
65 1341 164 1406 Plinius
184 1343 253 1406 hist
275 1349 326 1405 not
355 1342 406 1404 lib.
425 1341 537 1417 XXX,
558 1345 585 1418 l,
613 1341 666 1424 qui
687 1341 777 1404 etiam
799 1340 933 1404 Dardani
952 1341 1105 1405 volumina
1125 1363 1164 1404 ex

64 1450 117 1526 ejus
132 1452 275 1532 sepulcro
287 1449 520 1512 abAbderitano
536 1448 718 1530 philosopho
736 1449 829 1530 petita
846 1469 912 1512 csse
928 1451 1094 1514 affirmavit.
1116 1451 1163 1540 De

7 1609 8 1614 ,
64 1557 214 1622 luadatim
226 1559 427 1638 disceptatum
444 1563 490 1618 cst
498 1556 576 1618 libro
591 1558 700 1637 primo,
713 1559 764 1620 ubi
782 1560 819 1620 de
839 1558 937 1639 magia
954 1559 1163 1640 quaesivimus.

134 1671 167 1746 r)
188 1667 284 1730 aroer
312 1667 349 1728 aa
367 1665 608 1746 maantam.
644 1666 729 1729 coa.
757 1665 911 1730 aurelian.
929 1668 981 1742 1v,
1012 1669 1028 1728 1
1055 1666 1164 1730 arur.

7 1769 8 1832 l
64 1775 179 1851 passion.

7 1943 8 1966 1
133 1884 168 1964 8)
195 1885 246 1944 De
275 1878 389 1942 morbis
416 1880 608 1943 concubinis.
657 1881 742 1944 Goel.
766 1879 919 1943 Aurelian
951 1887 1063 1944 contar.
1095 1901 1165 1963 pas·

7 1977 9 2054 l
65 1987 127 2054 sion.
145 1992 192 2069 m,
217 1991 268 2053 14.

135 2102 167 2179 9)
196 2101 248 2162 Do
274 2104 343 2158 arte
372 2115 463 2157 sacra
493 2095 528 2173 (i.
551 2114 577 2156 e.
610 2094 759 2178 chemica)
790 2094 910 2159 libellus
938 2116 1008 2159 cnm
1035 2095 1164 2177 Synesii,

66 2203 142 2268 llich.
168 2205 265 2270 l'selli
290 2210 321 2268 et
352 2202 466 2284 Pelagii
495 2203 718 2266 commentariis
749 2223 786 2265 ex
818 2203 970 2268 Dominici
999 2202 1166 2268 Picimentii

7 2373 8 2396 ἶ
66 2311 298 2396 intorpretotioue
319 2312 411 2374 latine
434 2311 533 2372 editus
560 2311 675 2372 Patavii
701 2314 791 2387 1572,
811 2314 840 2376 8.
874 2313 991 2375 Graece
1010 2330 1071 2374 non
1094 2330 1166 2393 pro-

7 2401 8 2408 *
67 2419 110 2482 diit
128 2424 183 2486 boo
202 2420 398 2505 opusculum,
419 2418 489 2481 luce
512 2417 601 2498 plane
622 2418 788 2499 indignum.
817 2417 1009 2482 Picimentios
1030 2418 1062 2480 in
1079 2437 1166 2499 prae-

7 2507 8 2516 *
67 2526 162 2593 latione
192 2533 246 2609 ait,
276 2549 310 2592 se
340 2529 421 2590 bunc
455 2525 638 2589 Democritei
668 2527 780 2608 ingenii
806 2528 921 2588 loetum
951 2546 970 2588 a
997 2533 1168 2589 mercatore

67 2636 228 2718 Corcyraeo
252 2637 376 2712 emisse,
402 2633 510 2698 melius
531 2635 675 2714 tacturus,
701 2636 728 2698 si
749 2633 923 2713 hujusmodi
940 2651 1057 2696 meroes
1077 2652 1168 2713 repu-

67 2741 171 2810 diasset
212 2749 271 2812 Est
293 2744 373 2808 enim
393 2743 512 2804 infimae
540 2742 685 2807 Graeciae
706 2744 815 2820 foetus
845 2747 880 2805 ut
898 2749 981 2804 recte
1003 2740 1169 2823 appellavit

67 2851 215 2919 Salmasius
238 2855 278 2916 ad
301 2852 440 2916 Solinum
460 2860 490 2914 et
510 2851 550 2912 ad
571 2851 749 2914 Tertulliani
771 2851 809 2912 de
829 2847 921 2930 pallio
942 2847 1062 2913 librum.
1091 2848 1169 2910 Ver·
1287 2837 1290 2844 ⁴

68 2966 140 3023 solur
158 2983 235 3025 vero
255 2959 538 3024 Pseudodemocriti
560 2959 642 3021 illins
654 2957 910 3039 disputatiuncula
924 2955 1031 3038 paucis
1051 2958 1168 3038 paginis

67 3066 283 3150 circumscripta
304 3069 335 3129 in
355 3068 534 3147 exponenda
554 3076 618 3129 arte
639 3067 704 3130 auri
725 3065 867 3148 potabilis
889 3065 1078 3141 conficiendi,
1092 3083 1170 3147 quae

69 3191 110 3235 res
128 3179 290 3241 multorum
314 3175 433 3257 ingenia
457 3175 557 3237 medio
587 3195 663 3238 aevo
692 3174 835 3238 exercuit
889 3173 983 3255 Quod
1003 3173 1060 3236 uisi
1078 3179 1172 3235 mate-

68 3279 105 3342 ria
117 3285 175 3362 jam
203 3285 325 3349 abunde
353 3284 535 3359 ostenderet,
564 3283 734 3364 imperitum
755 3281 989 3344 homuncionem
1011 3281 1092 3345 illius
1112 3281 1172 3346 dis·

69 3393 226 3456 sartationis
248 3398 404 3454 auctorem
433 3409 508 3466 esse,
538 3389 590 3471 qui
610 3390 708 3452 uredia
730 3398 826 3452 aetate
847 3391 905 3454 sub
925 3390 1094 3454 Democriti
1113 3407 1170 3452 no-

70 3496 137 3560 mine
157 3501 253 3564 latere
275 3498 414 3576 voluerit,
434 3496 558 3578 allegari
578 3504 704 3576 possent
723 3495 977 3576 lllottaniVayeri
997 3498 1098 3574 verba,
1121 3499 1172 3582 qni

71 3621 150 3682 quum
171 3609 202 3670 iu
224 3606 314 3670 codd.
333 3625 402 3668 mss.
426 3625 534 3686 graece
554 3603 685 3685 legisset,
705 3604 773 3668 solo
796 3604 948 3666 scribendi
969 3625 1079 3686 genere
1101 3625 1173 3686 pro-

71 3705 121 3786 bat,
133 3714 340 3778 Democritum
360 3732 422 3776 uon
439 3731 507 3776 esse
531 3713 596 3790 ejus
616 3713 877 3776 commentationis
898 3713 1086 3793 scriptorem.
1121 3712 1173 3775 Ait

71 3817 140 3880 cuim
164 3823 271 3885 tom.l
305 3841 335 3901 p.
360 3821 437 3884 301:
481 3819 587 3897 „Ceux
614 3820 666 3903 qui
693 3827 818 3882 saurout
848 3839 966 3882 comme
996 3840 1037 3884 on
1065 3819 1175 3902 parlail

71 3919 143 3988 Grec
163 3929 203 3992 du
218 3937 316 4008 temps
332 3929 369 3990 de
383 3923 558 3991 Democrite
573 3931 603 3988 ct
623 3926 697 4007 long
712 3935 809 4006 temps
829 3923 927 4008 apris,
947 3928 1175 3991 reconnaitronl

72 4027 239 4113 boilement,
268 4056 326 4120 qne
357 4056 393 4100 ce
415 4031 501 4099 truite
527 4033 619 4118 qu’on
648 4033 692 4095 lui
721 4035 912 4096 attribuens
939 4042 1014 4116 pent
1044 4033 1108 4098 iatre
1138 4035 1176 4098 de

73 4129 117 4216 lui,
136 4147 165 4204 et
192 4143 228 4208 ils
255 4143 502 4228 s’appercevront
524 4141 621 4206 urdine
643 4161 700 4222 par
719 4140 878 4241 beaucoup
902 4141 939 4206 de
964 4141 1094 4206 dictions
1115 4160 1175 4226 que
