2984 4876
419 304 505 362 Liber
521 303 572 364 ΙΙΙ.
610 303 763 362 Democriti
780 319 890 376 eperum
906 304 1071 377 Μυονία.
1239 309 1304 376 215

185 463 224 528 οῦ
245 466 303 550 μὴν
325 465 402 531 ἀλλ’
424 465 455 533 ἔν
482 491 518 554 ηε
541 473 605 540 τοῖς
632 471 749 555 μικταῖς
775 467 965 554 κουφότερον
988 467 1024 534 ἀν
1048 471 1182 538 εἶναιτὸ
1204 477 1300 541 πλέον

185 571 258 660 ἔχον
279 575 379 653 κενόν,
402 576 569 663 βαρύτερον
590 577 625 640 δὲ
646 578 679 640 τὸ
704 575 842 640 ἔλαττον.
884 579 1111 660 Theophrastus
1134 585 1207 648 ibid.
1228 589 1278 650 61.

268 709 318 771 22.
359 703 412 771 Ἐν
443 707 532 777 ἐνίοις
560 710 613 793 μὲν
643 707 742 778 οῦτιυς
769 706 905 792 εἴρηκεν·
936 707 968 772 ἐν
996 707 1101 781 ἀλλοις
1126 713 1161 776 δὲ
1181 701 1316 800 κοῦφον

184 809 265 875 εἶναι’
297 835 387 898 φησιν
422 815 529 886 ἁπλῶς
561 817 596 880 τὸ
631 815 751 880 λεπτόν.
817 814 1045 900 Παραπλησίιος
1083 819 1118 883 δὲ
1148 823 1200 884 καὶ
1229 826 1300 908 περὶ

182 920 319 1005 σκληροῦ
341 921 391 984 καὶ
413 925 569 1005 μαλακοῦ·
590 923 721 1008 σκληρὸν
745 921 800 1006 μὲν
822 923 879 1008 γὰρ
903 921 1034 988 εἶναιτὸ
1055 927 1178 1006 πυκνόν,
1201 931 1296 1014 μαλα-

182 1029 235 1090 κῦν
256 1028 292 1090 δὲ
313 1029 347 1091 τὸ
372 1027 477 1111 μανόν,
499 1030 550 1093 καὶ
570 1031 605 1092 τὸ
629 1028 745 1114 μᾶλλόν
765 1053 798 1093 τε
820 1031 871 1094 καὶ
885 1029 975 1115 ἧττον
998 1033 1050 1096 καὶ
1071 1035 1201 1116 μάλιστα
1220 1038 1297 1101 κατά

182 1133 283 1218 λόγον.
338 1133 501 1220 Διαφέρειν
526 1135 556 1200 δ’
590 1135 634 1200 ἔτι
661 1138 714 1221 τὴν
744 1137 827 1200 θέσιν
856 1137 908 1202 καλ
935 1137 988 1220 τὴν
1021 1137 1209 1225 ἐναπῦληψιν
1237 1145 1296 1204 τῦν

181 1247 277 1305 κενῶν
304 1247 358 1306 τοῦ
388 1245 522 1327 σκληροῦ
548 1247 600 1308 καὶ
632 1247 772 1329 μαλακοῦ
797 1245 848 1309 καλ
878 1249 933 1308 τοῦ
962 1245 1075 1333 βαρέος
1093 1249 1144 1311 καὶ
1164 1246 1294 1334 κούφου.

181 1351 237 1414 Διὸ
266 1350 469 1434 σκληρότερον
498 1352 553 1435 μὲν
580 1351 659 1416 εἶναι
690 1353 825 1437 σιῦηρον,
857 1351 1024 1438 βαρύτερον
1060 1355 1096 1418 δὲ
1126 1354 1296 1440 μόλυβδον·

180 1458 231 1520 τὸν
255 1456 386 1542 μὲνγὰρ
412 1458 534 1543 σίδηρον
564 1459 738 1545 ἀνωμάλως
760 1460 949 1544 συγκεῖσθαι,
973 1461 1080 1526 καὶτὸ
1104 1463 1189 1526 κενὸν
1213 1461 1295 1548 ἔχειν

179 1566 335 1649 πολλαχῆ,
356 1566 407 1628 καὶ
429 1565 507 1630 κατά
530 1570 650 1651 μεγάλα
671 1568 901 1648 πεπυκνῶσθαι,
930 1569 982 1631 καὶ
1003 1569 1080 1633 κατὰ
1102 1568 1168 1634 ἔνια
1189 1571 1296 1638 ἁπλῶς

180 1671 274 1734 πλέον
305 1670 387 1758 ἔχειν
416 1672 513 1737 κενόν.
563 1673 624 1738 Τὸν·
650 1678 685 1741 δὲ
721 1675 875 1761 μόλυβδον
911 1674 1036 1739 ἔλαττον
1068 1675 1180 1762 ἔχοντα
1208 1678 1294 1740 κενὸν

181 1780 308 1863 ὁμαλῶς
334 1781 527 1864 συγκεῖσθαι,
554 1782 632 1846 κατὰ
662 1787 721 1846 πᾶν
753 1783 870 1866 ὁμοίως
899 1783 1011 1868 μανόν·
1047 1784 1094 1846 διὸ
1126 1784 1292 1869 βαρύτερον

180 1887 247 1970 μέν,
270 1890 489 1974 μαλακώτερον
515 1888 548 1953 δ’
574 1888 652 1953 εἶναι
671 1892 727 1954 τοῦ
750 1891 887 1975 σιδήρου.
933 1892 1086 1973 Theophr.
1108 1892 1180 1955 ibid.
1201 1895 1251 1955 62.

263 2023 313 2084 93.
358 2019 434 2106 Περὶ
460 2023 516 2105 μὲν
544 2021 598 2086 οῦν
627 2023 738 2108 βαρέος
767 2024 817 2086 καὶ
850 2023 969 2108 κούφου
1003 2022 1054 2086 καὶ
1084 2024 1217 2107 σκληροῦ
1243 2023 1294 2085 καὶ

180 2131 321 2210 μαλακοῦ
344 2128 376 2191 ἐν
397 2129 516 2199 τούτοις
537 2131 695 2215 ἀφορίζει·
723 2135 783 2194 τῶν
807 2129 837 2193 δ’
861 2129 966 2194 ἀλλων
988 2131 1143 2213 αἰσθητῶν
1167 2130 1293 2198 οὐδενὸς

181 2235 258 2298 εἶναι
278 2235 383 2320 φύσιν,1
401 2237 482 2301 ἀλλά
500 2239 598 2302 πάντα
618 2237 703 2321 πάὓη
727 2241 780 2320 τῆς
800 2237 976 2321 αἰσθήσεως
994 2237 1229 2320 ἀλλοιουμένης,
1261 2235 1291 2306 ἐξ

181 2455 284 2518 tudine
308 2457 394 2518 sitam
422 2475 490 2520 esse
517 2457 654 2536 (docet):
684 2457 739 2518 sed
765 2457 843 2519 iuter
871 2457 964 2522 mixta
991 2457 1090 2520 levius
1109 2475 1185 2533 esse,
1208 2455 1292 2538 quod

182 2563 251 2644 pius
272 2565 359 2628 vacui
381 2565 497 2644 habeat,
520 2565 651 2646 gravius,
673 2565 886 2647 quodminus.

264 2699 314 2760 2⁸2.
359 2699 402 2760 lia
431 2698 553 2780 quidem
576 2700 606 2758 iu
638 2696 790 2758 uonuullis
821 2697 899 2759 locis
930 2696 1021 2770 dixit3
1050 2699 1079 2757 iu
1105 2694 1171 2756 aliis
1195 2703 1292 2756 tanuen

180 2805 247 2868 leve
265 2826 333 2870 esse
354 2807 532 2887 simpliciter
555 2806 629 2867 uicit
660 2811 757 2866 tenue.
809 2805 926 2866 Pariter
950 2823 1073 2886 quoque
1101 2805 1139 2864 du
1162 2805 1239 2864 duro
1262 2809 1292 2862 et

182 2915 279 2988 moili3
302 2915 415 2998 quippe
433 2915 543 2977 durum
561 2933 629 2976 esse
648 2913 782 2988 densum,
809 2911 901 2974 molle
922 2917 1028 2974 eontra
1051 2930 1159 2988 rarum,
1182 2917 1212 2971 et
1231 2929 1292 2970 ma-

182 3025 227 3104 gis
249 3025 384 3086 minusve
406 3023 530 3104 (durum
551 3029 581 3086 et
600 3021 708 3101 molle)
730 3021 853 3082 omniuo
881 3039 939 3102 pro
960 3025 1026 3080 rata
1046 3025 1130 3099 parte
1150 3019 1292 3098 (densum

181 3135 357 3211 utrarum).
401 3133 532 3194 Differre
561 3150 657 3211 porro
684 3129 773 3191 situm
804 3135 834 3190 et
860 3129 1000 3208 injectum
1030 3147 1195 3190 vacuorum
1222 3145 1292 3204 spa-

183 3240 293 3302 tiorum
315 3241 384 3302 duri
406 3248 436 3302 et
459 3239 568 3318 mollis,
587 3237 687 3320 gravis
707 3243 737 3298 ei
763 3236 849 3298 levis:
889 3238 993 3318 itaque
1016 3235 1121 3298 durius
1143 3255 1210 3296 esse
1234 3235 1293 3294 ier-

182 3367 258 3425 rum,
278 3349 399 3430 gravius
420 3343 587 3428 plumbuu'i.
628 3347 756 3408 Ferrum
777 3345 856 3406 euim
878 3343 1074 3426 inaequaliter
1090 3344 1292 3424 compositum
1322 3383 1324 3388 -

183 3475 259 3532 esse,
278 3457 438 3538 multisque
468 3456 498 3516 iu
524 3456 602 3518 iocis
631 3474 758 3517 vacuum
788 3453 916 3529 habere,
943 3459 973 3514 ei
1002 3453 1102 3515 uiuitis
1120 3451 1240 3532 quidem
1263 3450 1293 3510 iu

183 3565 317 3644 partibus
343 3567 500 3628 densatum
526 3583 609 3640 esse,
638 3569 669 3624 et
689 3561 718 3622 iu
748 3559 901 3622 uouuuliis
928 3581 1054 3640 prorsus
1085 3558 1155 3639 plus
1184 3559 1293 3619 habere

182 3673 278 3735 vacui.
321 3673 482 3735 Piumbuiu
507 3693 591 3750 vero,
618 3671 668 3734 uui
691 3670 788 3731 uiiuus
815 3669 901 3729 vacui
927 3667 1005 3744 insit,
1026 3665 1191 3749 aequaliter
1211 3685 1294 3726 com-

184 3782 314 3861 positum
334 3789 365 3844 et
384 3800 441 3861 per
459 3798 565 3841 omues
587 3785 687 3860 paries
710 3777 847 3839 similiter
870 3797 971 3839 rarum
993 3795 1069 3838 esse.
1105 3775 1176 3836 ideo
1197 3774 1294 3854 pium-

184 3891 255 3952 bum
276 3891 397 3972 gravius
419 3889 549 3970 quidem,
573 3888 627 3951 sed
649 3893 746 3948 iauuen
768 3886 890 3948 uioiiius
913 3905 980 3946 esse
1002 3884 1091 3946 ferro.

268 4023 317 4085 23.
362 4024 409 4084 De
430 4021 514 4102 gravi
535 4021 626 4102 igitur
650 4027 680 4082 et
697 4019 758 4081 levi
783 4025 812 4080 ei
832 4021 908 4081 «iuro
933 4025 962 4078 et
987 4016 1069 4078 ιιιοΙΙί
1093 4015 1161 4078 talia
1183 4015 1228 4075 ius
1249 4015 1294 4075 Ιο-

184 4131 229 4192 cis
259 4130 375 4204 defiuit3
407 4137 596 4192 caeterorum
627 4146 700 4190 vero
732 4128 886 4190 sensilium
920 4125 1030 4188 amilius
1060 4131 1205 4196 naturam,
1240 4121 1294 4182 sud

186 4238 287 4302 onmia
316 4239 489 4302 affectiones
520 4256 628 4300 seusus
657 4236 845 4312 commutati,
876 4253 913 4296 ex
943 4253 1004 4316 quo
1027 4232 1197 4314 imaginatio
1219 4229 1297 4291 ouiu-
