<?xml version="1.0" encoding="UTF-8"?>
<!DOCTYPE html PUBLIC "-//W3C//DTD XHTML 1.0 Transitional//EN"
    "http://www.w3.org/TR/xhtml1/DTD/xhtml1-transitional.dtd">
<html xmlns="http://www.w3.org/1999/xhtml" xml:lang="en" lang="en">
 <head>
  <title>
</title>
<meta http-equiv="Content-Type" content="text/html;charset=utf-8" />
  <meta name='ocr-system' content='tesseract 3.04.00' />
  <meta name='ocr-capabilities' content='ocr_page ocr_carea ocr_par ocr_line ocrx_word'/>
</head>
<body>
  <div class='ocr_page' id='page_1' title='image "./democritiabderi00mullgoog_0123.png"; bbox 0 0 2892 4872; ppageno 0'>
   <div class='ocr_carea' id='block_1_1' title="bbox 263 283 1038 352">
    <p class='ocr_par' dir='ltr' id='par_1_1' title="bbox 263 283 1038 352">
     <span class='ocr_line' id='line_1_1' title="bbox 263 283 1038 352; baseline -0.012 -4"><span class='ocrx_word' id='word_1_1' title='bbox 263 283 324 350; x_wconf 72' lang='lat'><strong>102</strong></span> <span class='ocrx_word' id='word_1_2' title='bbox 589 287 785 352; x_wconf 70' lang='lat' dir='ltr'><strong>enuntiam-</strong></span> <span class='ocrx_word' id='word_1_3' title='bbox 803 283 1038 341; x_wconf 82' lang='lat' dir='ltr'><strong>Democritaaram</strong></span> 
     </span>
    </p>
   </div>
   <div class='ocr_carea' id='block_1_2' title="bbox 259 447 1437 1614">
    <p class='ocr_par' dir='ltr' id='par_1_2' title="bbox 259 447 1437 1614">
     <span class='ocr_line' id='line_1_2' title="bbox 260 447 1437 538; baseline 0 -24"><span class='ocrx_word' id='word_1_4' title='bbox 260 455 436 516; x_wconf 86' lang='lat' dir='ltr'><strong>memoriam</strong></span> <span class='ocrx_word' id='word_1_5' title='bbox 462 455 693 538; x_wconf 71' lang='lat' dir='ltr'><strong>superstitis¹²l</strong></span> <span class='ocrx_word' id='word_1_6' title='bbox 721 455 922 536; x_wconf 86' lang='lat' dir='ltr'><strong>reperiuntur.</strong></span> <span class='ocrx_word' id='word_1_7' title='bbox 972 453 1074 536; x_wconf 89' lang='lat' dir='ltr'><strong>ltaque</strong></span> <span class='ocrx_word' id='word_1_8' title='bbox 1099 459 1208 530; x_wconf 83' lang='lat' dir='ltr'><strong>statuo,</strong></span> <span class='ocrx_word' id='word_1_9' title='bbox 1228 451 1353 515; x_wconf 87' lang='lat' dir='ltr'><strong>disserta-</strong></span> <span class='ocrx_word' id='word_1_10' title='bbox 1436 447 1437 502; x_wconf 67' lang='grc' dir='ltr'><strong>ἓ</strong></span> 
     </span>
     <span class='ocr_line' id='line_1_3' title="bbox 260 559 1437 652; baseline 0 -30"><span class='ocrx_word' id='word_1_11' title='bbox 260 559 374 623; x_wconf 86' lang='lat' dir='ltr'><strong>tionem</strong></span> <span class='ocrx_word' id='word_1_12' title='bbox 393 563 431 624; x_wconf 87' lang='lat' dir='ltr'><strong>de</strong></span> <span class='ocrx_word' id='word_1_13' title='bbox 443 564 632 644; x_wconf 77' lang='lat' dir='ltr'><strong>Pythagorae</strong></span> <span class='ocrx_word' id='word_1_14' title='bbox 649 564 788 627; x_wconf 82' lang='lat' dir='ltr'>laudibus</span> <span class='ocrx_word' id='word_1_15' title='bbox 801 561 987 626; x_wconf 88' lang='lat' dir='ltr'><strong>Democritei</strong></span> <span class='ocrx_word' id='word_1_16' title='bbox 1002 561 1112 643; x_wconf 90' lang='lat' dir='ltr'><strong>ingenii</strong></span> <span class='ocrx_word' id='word_1_17' title='bbox 1128 581 1196 624; x_wconf 87' lang='lat' dir='ltr'><strong>esse</strong></span> <span class='ocrx_word' id='word_1_18' title='bbox 1212 560 1353 643; x_wconf 78' lang='lat' dir='ltr'><strong>primitias,</strong></span> <span class='ocrx_word' id='word_1_19' title='bbox 1436 645 1437 652; x_wconf 8' lang='grc' dir='ltr'>ἵ</span> 
     </span>
     <span class='ocr_line' id='line_1_4' title="bbox 260 669 1437 752; baseline 0 -22"><span class='ocrx_word' id='word_1_20' title='bbox 260 687 297 731; x_wconf 89' lang='lat' dir='ltr'><strong>ac</strong></span> <span class='ocrx_word' id='word_1_21' title='bbox 318 676 427 750; x_wconf 90' lang='lat' dir='ltr'><strong>postea</strong></span> <span class='ocrx_word' id='word_1_22' title='bbox 454 671 564 734; x_wconf 89' lang='lat' dir='ltr'><strong>librum</strong></span> <span class='ocrx_word' id='word_1_23' title='bbox 593 671 631 735; x_wconf 90' lang='lat' dir='ltr'><strong>de</strong></span> <span class='ocrx_word' id='word_1_24' title='bbox 655 675 739 736; x_wconf 91' lang='lat' dir='ltr'><strong>Orco</strong></span> <span class='ocrx_word' id='word_1_25' title='bbox 767 677 797 733; x_wconf 88' lang='lat' dir='ltr'><strong>et</strong></span> <span class='ocrx_word' id='word_1_26' title='bbox 824 669 1053 734; x_wconf 75' lang='lat' dir='ltr'><strong>commentarios</strong></span> <span class='ocrx_word' id='word_1_27' title='bbox 1080 669 1196 732; x_wconf 90' lang='lat' dir='ltr'><strong>ethicos</strong></span> <span class='ocrx_word' id='word_1_28' title='bbox 1216 677 1281 732; x_wconf 87' lang='lat' dir='ltr'><strong>ante</strong></span> <span class='ocrx_word' id='word_1_29' title='bbox 1299 669 1354 748; x_wconf 87' lang='lat' dir='ltr'><strong>ejus</strong></span> <span class='ocrx_word' id='word_1_30' title='bbox 1436 737 1437 752; x_wconf 12' lang='grc' dir='ltr'>χ</span> 
     </span>
     <span class='ocr_line' id='line_1_5' title="bbox 260 755 1437 859; baseline -0.001 -22"><span class='ocrx_word' id='word_1_31' title='bbox 260 774 290 837; x_wconf 92' lang='lat' dir='ltr'><strong>in</strong></span> <span class='ocrx_word' id='word_1_32' title='bbox 308 778 436 856; x_wconf 82' lang='lat' dir='ltr'><strong>patriam</strong></span> <span class='ocrx_word' id='word_1_33' title='bbox 454 779 586 842; x_wconf 84' lang='lat' dir='ltr'><strong>reditum</strong></span> <span class='ocrx_word' id='word_1_34' title='bbox 605 779 756 859; x_wconf 79' lang='lat' dir='ltr'><strong>publicam</strong></span> <span class='ocrx_word' id='word_1_35' title='bbox 776 781 874 842; x_wconf 91' lang='lat' dir='ltr'><strong>lucem</strong></span> <span class='ocrx_word' id='word_1_36' title='bbox 898 777 1017 841; x_wconf 86' lang='lat' dir='ltr'><strong>vidisse.</strong></span> <span class='ocrx_word' id='word_1_37' title='bbox 1059 777 1150 858; x_wconf 81' lang='lat' dir='ltr'><strong>Quod</strong></span> <span class='ocrx_word' id='word_1_38' title='bbox 1168 777 1195 840; x_wconf 92' lang='lat' dir='ltr'><strong>si</strong></span> <span class='ocrx_word' id='word_1_39' title='bbox 1214 777 1259 840; x_wconf 87' lang='lat' dir='ltr'><strong>his</strong></span> <span class='ocrx_word' id='word_1_40' title='bbox 1278 775 1356 838; x_wconf 85' lang='lat' dir='ltr'><strong>vesti·</strong></span> <span class='ocrx_word' id='word_1_41' title='bbox 1436 755 1437 846; x_wconf 77' lang='lat' dir='ltr'><strong>l</strong></span> 
     </span>
     <span class='ocr_line' id='line_1_6' title="bbox 259 883 1356 966; baseline -0.001 -21"><span class='ocrx_word' id='word_1_42' title='bbox 259 883 317 964; x_wconf 85' lang='lat' dir='ltr'><strong>giis</strong></span> <span class='ocrx_word' id='word_1_43' title='bbox 339 885 509 950; x_wconf 81' lang='lat' dir='ltr'><strong>insistentes</strong></span> <span class='ocrx_word' id='word_1_44' title='bbox 532 887 617 950; x_wconf 92' lang='lat' dir='ltr'><strong>illum</strong></span> <span class='ocrx_word' id='word_1_45' title='bbox 637 887 783 950; x_wconf 89' lang='lat' dir='ltr'><strong>librorum</strong></span> <span class='ocrx_word' id='word_1_46' title='bbox 803 885 974 966; x_wconf 73' lang='lat' dir='ltr'><strong>catalogum</strong></span> <span class='ocrx_word' id='word_1_47' title='bbox 996 891 1222 966; x_wconf 84' lang='lat' dir='ltr'><strong>repraesentare</strong></span> <span class='ocrx_word' id='word_1_48' title='bbox 1240 883 1356 946; x_wconf 89' lang='lat' dir='ltr'><strong>eundem</strong></span> 
     </span>
     <span class='ocr_line' id='line_1_7' title="bbox 260 991 1357 1075; baseline -0.001 -22"><span class='ocrx_word' id='word_1_49' title='bbox 260 1000 396 1056; x_wconf 87' lang='lat' dir='ltr'><strong>autnon</strong></span> <span class='ocrx_word' id='word_1_50' title='bbox 417 995 503 1058; x_wconf 87' lang='lat' dir='ltr'><strong>valde</strong></span> <span class='ocrx_word' id='word_1_51' title='bbox 529 995 681 1058; x_wconf 89' lang='lat' dir='ltr'><strong>diversum</strong></span> <span class='ocrx_word' id='word_1_52' title='bbox 707 993 894 1057; x_wconf 86' lang='lat' dir='ltr'><strong>voluminum</strong></span> <span class='ocrx_word' id='word_1_53' title='bbox 919 994 1056 1057; x_wconf 88' lang='lat' dir='ltr'><strong>ordinem</strong></span> <span class='ocrx_word' id='word_1_54' title='bbox 1080 992 1246 1070; x_wconf 76' lang='lat' dir='ltr'><strong>interimus,</strong></span> <span class='ocrx_word' id='word_1_55' title='bbox 1265 992 1312 1075; x_wconf 90' lang='lat' dir='ltr'><strong>qui</strong></span> <span class='ocrx_word' id='word_1_56' title='bbox 1331 991 1357 1052; x_wconf 92' lang='lat' dir='ltr'><strong>in</strong></span> 
     </span>
     <span class='ocr_line' id='line_1_8' title="bbox 260 1099 1434 1185; baseline -0.005 -24"><span class='ocrx_word' id='word_1_57' title='bbox 260 1101 441 1164; x_wconf 74' lang='lat' dir='ltr'><strong>membranis</strong></span> <span class='ocrx_word' id='word_1_58' title='bbox 462 1109 531 1164; x_wconf 90' lang='lat' dir='ltr'><strong>ante</strong></span> <span class='ocrx_word' id='word_1_59' title='bbox 550 1102 699 1184; x_wconf 80' lang='lat' dir='ltr'><strong>Thrasylli</strong></span> <span class='ocrx_word' id='word_1_60' title='bbox 720 1109 847 1164; x_wconf 87' lang='lat' dir='ltr'><strong>aetatem</strong></span> <span class='ocrx_word' id='word_1_61' title='bbox 872 1109 962 1184; x_wconf 89' lang='lat' dir='ltr'><strong>atque</strong></span> <span class='ocrx_word' id='word_1_62' title='bbox 984 1101 1071 1165; x_wconf 90' lang='lat' dir='ltr'><strong>etiam</strong></span> <span class='ocrx_word' id='word_1_63' title='bbox 1091 1103 1188 1185; x_wconf 90' lang='lat' dir='ltr'><strong>ipsius</strong></span> <span class='ocrx_word' id='word_1_64' title='bbox 1206 1099 1358 1164; x_wconf 83' lang='lat' dir='ltr'><strong>Democriti</strong></span> <span class='ocrx_word' id='word_1_65' title='bbox 1431 1147 1434 1155; x_wconf 95' lang='lat'>.</span> 
     </span>
     <span class='ocr_line' id='line_1_9' title="bbox 259 1207 1358 1288; baseline 0 -20"><span class='ocrx_word' id='word_1_66' title='bbox 259 1227 336 1270; x_wconf 88' lang='lat' dir='ltr'><strong>aevo</strong></span> <span class='ocrx_word' id='word_1_67' title='bbox 356 1215 429 1288; x_wconf 88' lang='lat' dir='ltr'><strong>erat,</strong></span> <span class='ocrx_word' id='word_1_68' title='bbox 449 1211 513 1272; x_wconf 90' lang='lat' dir='ltr'><strong>sive</strong></span> <span class='ocrx_word' id='word_1_69' title='bbox 534 1211 572 1272; x_wconf 90' lang='lat' dir='ltr'><strong>ab</strong></span> <span class='ocrx_word' id='word_1_70' title='bbox 593 1212 662 1288; x_wconf 92' lang='lat' dir='ltr'><strong>hoc,</strong></span> <span class='ocrx_word' id='word_1_71' title='bbox 682 1211 745 1272; x_wconf 83' lang='lat' dir='ltr'><strong>sire</strong></span> <span class='ocrx_word' id='word_1_72' title='bbox 764 1213 836 1287; x_wconf 91' lang='lat' dir='ltr'><strong>post</strong></span> <span class='ocrx_word' id='word_1_73' title='bbox 854 1207 919 1285; x_wconf 88' lang='lat' dir='ltr'><strong>ejus</strong></span> <span class='ocrx_word' id='word_1_74' title='bbox 936 1227 1094 1272; x_wconf 83' lang='lat' dir='ltr'><strong>excessum</strong></span> <span class='ocrx_word' id='word_1_75' title='bbox 1113 1211 1152 1272; x_wconf 91' lang='lat' dir='ltr'><strong>ab</strong></span> <span class='ocrx_word' id='word_1_76' title='bbox 1172 1209 1238 1272; x_wconf 88' lang='lat' dir='ltr'><strong>aliis</strong></span> <span class='ocrx_word' id='word_1_77' title='bbox 1256 1207 1358 1270; x_wconf 88' lang='lat' dir='ltr'><strong>iustitu-</strong></span> 
     </span>
     <span class='ocr_line' id='line_1_10' title="bbox 260 1315 1358 1399; baseline -0.001 -22"><span class='ocrx_word' id='word_1_78' title='bbox 260 1319 317 1392; x_wconf 89' lang='lat' dir='ltr'><strong>tus,</strong></span> <span class='ocrx_word' id='word_1_79' title='bbox 346 1337 384 1380; x_wconf 92' lang='lat' dir='ltr'><strong>eo</strong></span> <span class='ocrx_word' id='word_1_80' title='bbox 407 1319 597 1398; x_wconf 88' lang='lat' dir='ltr'><strong>potissimum</strong></span> <span class='ocrx_word' id='word_1_81' title='bbox 624 1319 761 1395; x_wconf 88' lang='lat' dir='ltr'><strong>consilio,</strong></span> <span class='ocrx_word' id='word_1_82' title='bbox 792 1322 826 1377; x_wconf 88' lang='lat' dir='ltr'><strong>ut</strong></span> <span class='ocrx_word' id='word_1_83' title='bbox 854 1315 885 1377; x_wconf 93' lang='lat' dir='ltr'><strong>in</strong></span> <span class='ocrx_word' id='word_1_84' title='bbox 910 1321 993 1379; x_wconf 88' lang='lat' dir='ltr'><strong>tanta</strong></span> <span class='ocrx_word' id='word_1_85' title='bbox 1018 1317 1203 1399; x_wconf 89' lang='lat' dir='ltr'><strong>scriptorum</strong></span> <span class='ocrx_word' id='word_1_86' title='bbox 1230 1316 1358 1378; x_wconf 88' lang='lat' dir='ltr'><strong>varietate</strong></span> 
     </span>
     <span class='ocr_line' id='line_1_11' title="bbox 259 1423 1359 1509; baseline -0.002 -25"><span class='ocrx_word' id='word_1_87' title='bbox 259 1441 295 1485; x_wconf 86' lang='lat' dir='ltr'><strong>ac</strong></span> <span class='ocrx_word' id='word_1_88' title='bbox 318 1423 490 1488; x_wconf 88' lang='lat' dir='ltr'><strong>diversitate</strong></span> <span class='ocrx_word' id='word_1_89' title='bbox 517 1433 577 1488; x_wconf 70' lang='lat' dir='ltr'><strong>um</strong></span> <span class='ocrx_word' id='word_1_90' title='bbox 607 1427 758 1503; x_wconf 89' lang='lat' dir='ltr'><strong>materiae,</strong></span> <span class='ocrx_word' id='word_1_91' title='bbox 787 1443 876 1506; x_wconf 89' lang='lat' dir='ltr'><strong>qnam</strong></span> <span class='ocrx_word' id='word_1_92' title='bbox 910 1429 1081 1505; x_wconf 85' lang='lat' dir='ltr'><strong>temporum</strong></span> <span class='ocrx_word' id='word_1_93' title='bbox 1114 1426 1224 1509; x_wconf 88' lang='lat' dir='ltr'><strong>quibus</strong></span> <span class='ocrx_word' id='word_1_94' title='bbox 1253 1423 1359 1504; x_wconf 88' lang='lat' dir='ltr'><strong>singula</strong></span> 
     </span>
     <span class='ocr_line' id='line_1_12' title="bbox 260 1531 1358 1614; baseline 0.002 -22"><span class='ocrx_word' id='word_1_95' title='bbox 260 1538 362 1594; x_wconf 87' lang='lat' dir='ltr'><strong>essent</strong></span> <span class='ocrx_word' id='word_1_96' title='bbox 384 1535 530 1614; x_wconf 87' lang='lat' dir='ltr'><strong>conlecta,</strong></span> <span class='ocrx_word' id='word_1_97' title='bbox 553 1534 632 1598; x_wconf 90' lang='lat' dir='ltr'><strong>ratio</strong></span> <span class='ocrx_word' id='word_1_98' title='bbox 656 1535 826 1609; x_wconf 80' lang='lat' dir='ltr'><strong>haberetur,</strong></span> <span class='ocrx_word' id='word_1_99' title='bbox 853 1531 948 1594; x_wconf 92' lang='lat' dir='ltr'><strong>nolim</strong></span> <span class='ocrx_word' id='word_1_100' title='bbox 967 1533 1011 1596; x_wconf 91' lang='lat' dir='ltr'><strong>sic</strong></span> <span class='ocrx_word' id='word_1_101' title='bbox 1030 1533 1130 1614; x_wconf 91' lang='lat' dir='ltr'><strong>accipi</strong></span> <span class='ocrx_word' id='word_1_102' title='bbox 1151 1541 1283 1598; x_wconf 81' lang='lat' dir='ltr'><strong>nostram</strong></span> <span class='ocrx_word' id='word_1_103' title='bbox 1300 1549 1358 1594; x_wconf 79' lang='lat' dir='ltr'><strong>sen</strong></span> 
     </span>
    </p>
   </div>
   <div class='ocr_carea' id='block_1_3' title="bbox 257 1639 1358 2372">
    <p class='ocr_par' dir='ltr' id='par_1_3' title="bbox 257 1639 1358 2372">
     <span class='ocr_line' id='line_1_13' title="bbox 259 1639 1358 1726; baseline 0.002 -26"><span class='ocrx_word' id='word_1_104' title='bbox 259 1639 390 1718; x_wconf 88' lang='lat' dir='ltr'><strong>tentiam,</strong></span> <span class='ocrx_word' id='word_1_105' title='bbox 413 1652 448 1706; x_wconf 92' lang='lat' dir='ltr'><strong>ut</strong></span> <span class='ocrx_word' id='word_1_106' title='bbox 468 1663 561 1726; x_wconf 91' lang='lat' dir='ltr'><strong>quum</strong></span> <span class='ocrx_word' id='word_1_107' title='bbox 581 1642 710 1724; x_wconf 91' lang='lat' dir='ltr'><strong>primum</strong></span> <span class='ocrx_word' id='word_1_108' title='bbox 728 1640 829 1704; x_wconf 91' lang='lat' dir='ltr'><strong>locum</strong></span> <span class='ocrx_word' id='word_1_109' title='bbox 849 1641 879 1702; x_wconf 91' lang='lat' dir='ltr'><strong>in</strong></span> <span class='ocrx_word' id='word_1_110' title='bbox 900 1640 1000 1706; x_wconf 90' lang='lat' dir='ltr'><strong>indice</strong></span> <span class='ocrx_word' id='word_1_111' title='bbox 1019 1641 1176 1704; x_wconf 89' lang='lat' dir='ltr'><strong>obtineant</strong></span> <span class='ocrx_word' id='word_1_112' title='bbox 1194 1661 1286 1723; x_wconf 90' lang='lat' dir='ltr'><strong>opera</strong></span> <span class='ocrx_word' id='word_1_113' title='bbox 1304 1661 1358 1702; x_wconf 80' lang='lat' dir='ltr'><strong>mo</strong></span> 
     </span>
     <span class='ocr_line' id='line_1_14' title="bbox 258 1746 1358 1832; baseline 0.003 -24"><span class='ocrx_word' id='word_1_114' title='bbox 258 1746 346 1824; x_wconf 86' lang='lat' dir='ltr'><strong>ralia,</strong></span> <span class='ocrx_word' id='word_1_115' title='bbox 377 1751 542 1812; x_wconf 88' lang='lat' dir='ltr'><strong>secundum</strong></span> <span class='ocrx_word' id='word_1_116' title='bbox 575 1750 714 1831; x_wconf 88' lang='lat' dir='ltr'><strong>physica,</strong></span> <span class='ocrx_word' id='word_1_117' title='bbox 749 1750 869 1814; x_wconf 88' lang='lat' dir='ltr'><strong>tertium</strong></span> <span class='ocrx_word' id='word_1_118' title='bbox 905 1767 942 1811; x_wconf 89' lang='lat' dir='ltr'><strong>ea</strong></span> <span class='ocrx_word' id='word_1_119' title='bbox 981 1769 1059 1832; x_wconf 89' lang='lat' dir='ltr'><strong>qnae</strong></span> <span class='ocrx_word' id='word_1_120' title='bbox 1093 1751 1250 1832; x_wconf 79' lang='lat' dir='ltr'><strong>Diogenes</strong></span> <span class='ocrx_word' id='word_1_121' title='bbox 1281 1755 1358 1812; x_wconf 86' lang='lat' dir='ltr'><strong>vocat</strong></span> 
     </span>
     <span class='ocr_line' id='line_1_15' title="bbox 258 1851 1357 1941; baseline 0.004 -25"><span class='ocrx_word' id='word_1_122' title='bbox 258 1851 444 1936; x_wconf 80' lang='grc' dir='ltr'><strong>ἀσύντακτα,</strong></span> <span class='ocrx_word' id='word_1_123' title='bbox 473 1865 612 1941; x_wconf 87' lang='lat' dir='ltr'><strong>quartum</strong></span> <span class='ocrx_word' id='word_1_124' title='bbox 645 1857 866 1931; x_wconf 88' lang='lat' dir='ltr'><strong>mathematica,</strong></span> <span class='ocrx_word' id='word_1_125' title='bbox 905 1857 1042 1940; x_wconf 88' lang='lat' dir='ltr'><strong>quintum</strong></span> <span class='ocrx_word' id='word_1_126' title='bbox 1082 1859 1215 1937; x_wconf 89' lang='lat' dir='ltr'><strong>musica,</strong></span> <span class='ocrx_word' id='word_1_127' title='bbox 1254 1867 1357 1922; x_wconf 79' lang='lat' dir='ltr'><strong>setthim</strong></span> 
     </span>
     <span class='ocr_line' id='line_1_16' title="bbox 257 1964 1357 2048; baseline 0.002 -23"><span class='ocrx_word' id='word_1_128' title='bbox 257 1964 402 2043; x_wconf 89' lang='lat' dir='ltr'><strong>technica,</strong></span> <span class='ocrx_word' id='word_1_129' title='bbox 423 1971 496 2046; x_wconf 90' lang='lat' dir='ltr'><strong>post</strong></span> <span class='ocrx_word' id='word_1_130' title='bbox 513 1965 653 2029; x_wconf 87' lang='lat' dir='ltr'><strong>absoluta</strong></span> <span class='ocrx_word' id='word_1_131' title='bbox 672 1964 793 2027; x_wconf 90' lang='lat' dir='ltr'><strong>demum</strong></span> <span class='ocrx_word' id='word_1_132' title='bbox 815 1984 910 2046; x_wconf 87' lang='lat' dir='ltr'><strong>opera</strong></span> <span class='ocrx_word' id='word_1_133' title='bbox 929 1965 1031 2027; x_wconf 79' lang='lat' dir='ltr'><strong>omma</strong></span> <span class='ocrx_word' id='word_1_134' title='bbox 1049 1967 1178 2028; x_wconf 87' lang='lat' dir='ltr'><strong>moralia</strong></span> <span class='ocrx_word' id='word_1_135' title='bbox 1200 1973 1230 2029; x_wconf 93' lang='lat' dir='ltr'><strong>et</strong></span> <span class='ocrx_word' id='word_1_136' title='bbox 1247 1966 1357 2048; x_wconf 85' lang='lat' dir='ltr'><strong>physica</strong></span> 
     </span>
     <span class='ocr_line' id='line_1_17' title="bbox 257 2071 1358 2156; baseline -0.001 -22"><span class='ocrx_word' id='word_1_137' title='bbox 257 2077 289 2134; x_wconf 86' lang='lat' dir='ltr'><strong>et</strong></span> <span class='ocrx_word' id='word_1_138' title='bbox 309 2071 479 2134; x_wconf 76' lang='grc' dir='ltr'><strong>ἀσύντακτα</strong></span> <span class='ocrx_word' id='word_1_139' title='bbox 511 2072 703 2136; x_wconf 86' lang='lat' dir='ltr'><strong>Democritus</strong></span> <span class='ocrx_word' id='word_1_140' title='bbox 733 2072 852 2134; x_wconf 90' lang='lat' dir='ltr'><strong>dicatur</strong></span> <span class='ocrx_word' id='word_1_141' title='bbox 872 2072 911 2134; x_wconf 91' lang='lat' dir='ltr'><strong>ad</strong></span> <span class='ocrx_word' id='word_1_142' title='bbox 931 2074 1141 2136; x_wconf 88' lang='lat' dir='ltr'><strong>mathematica</strong></span> <span class='ocrx_word' id='word_1_143' title='bbox 1162 2073 1358 2156; x_wconf 87' lang='lat' dir='ltr'><strong>componenda</strong></span> 
     </span>
     <span class='ocr_line' id='line_1_18' title="bbox 257 2178 1357 2265; baseline 0.001 -24"><span class='ocrx_word' id='word_1_144' title='bbox 257 2197 292 2241; x_wconf 90' lang='lat' dir='ltr'><strong>se</strong></span> <span class='ocrx_word' id='word_1_145' title='bbox 313 2181 477 2244; x_wconf 88' lang='lat' dir='ltr'><strong>contulisse</strong></span> <span class='ocrx_word' id='word_1_146' title='bbox 499 2181 546 2262; x_wconf 91' lang='lat' dir='ltr'><strong>(id</strong></span> <span class='ocrx_word' id='word_1_147' title='bbox 566 2180 645 2244; x_wconf 82' lang='lat' dir='ltr'><strong>enirn</strong></span> <span class='ocrx_word' id='word_1_148' title='bbox 660 2178 772 2242; x_wconf 90' lang='lat' dir='ltr'><strong>nemini</strong></span> <span class='ocrx_word' id='word_1_149' title='bbox 790 2181 961 2262; x_wconf 88' lang='lat' dir='ltr'><strong>probetur),</strong></span> <span class='ocrx_word' id='word_1_150' title='bbox 973 2181 1028 2243; x_wconf 90' lang='lat' dir='ltr'><strong>sed</strong></span> <span class='ocrx_word' id='word_1_151' title='bbox 1049 2191 1090 2259; x_wconf 89' lang='lat' dir='ltr'><strong>ut,</strong></span> <span class='ocrx_word' id='word_1_152' title='bbox 1111 2203 1176 2264; x_wconf 91' lang='lat' dir='ltr'><strong>quo</strong></span> <span class='ocrx_word' id='word_1_153' title='bbox 1198 2183 1264 2265; x_wconf 90' lang='lat' dir='ltr'><strong>quis</strong></span> <span class='ocrx_word' id='word_1_154' title='bbox 1283 2181 1357 2243; x_wconf 90' lang='lat' dir='ltr'><strong>libel·</strong></span> 
     </span>
     <span class='ocr_line' id='line_1_19' title="bbox 257 2285 1356 2372; baseline -0.001 -24"><span class='ocrx_word' id='word_1_155' title='bbox 257 2285 306 2350; x_wconf 88' lang='lat' dir='ltr'><strong>lus</strong></span> <span class='ocrx_word' id='word_1_156' title='bbox 326 2287 411 2369; x_wconf 88' lang='lat' dir='ltr'><strong>prius</strong></span> <span class='ocrx_word' id='word_1_157' title='bbox 435 2289 628 2369; x_wconf 90' lang='lat' dir='ltr'><strong>conscriptus</strong></span> <span class='ocrx_word' id='word_1_158' title='bbox 659 2288 706 2366; x_wconf 86' lang='lat' dir='ltr'><strong>sit,</strong></span> <span class='ocrx_word' id='word_1_159' title='bbox 736 2307 773 2350; x_wconf 90' lang='lat' dir='ltr'><strong>eo</strong></span> <span class='ocrx_word' id='word_1_160' title='bbox 801 2289 935 2371; x_wconf 89' lang='lat' dir='ltr'><strong>priorem</strong></span> <span class='ocrx_word' id='word_1_161' title='bbox 961 2287 1006 2350; x_wconf 94' lang='lat' dir='ltr'><strong>illi</strong></span> <span class='ocrx_word' id='word_1_162' title='bbox 1034 2289 1065 2350; x_wconf 94' lang='lat' dir='ltr'><strong>in</strong></span> <span class='ocrx_word' id='word_1_163' title='bbox 1090 2290 1220 2372; x_wconf 88' lang='lat' dir='ltr'><strong>singulis</strong></span> <span class='ocrx_word' id='word_1_164' title='bbox 1242 2287 1356 2368; x_wconf 85' lang='lat' dir='ltr'><strong>catalogi</strong></span> 
     </span>
    </p>
   </div>
   <div class='ocr_carea' id='block_1_4' title="bbox 248 2395 1356 4096">
    <p class='ocr_par' dir='ltr' id='par_1_4' title="bbox 248 2395 1356 4096">
     <span class='ocr_line' id='line_1_20' title="bbox 257 2395 1355 2479; baseline 0.002 -23"><span class='ocrx_word' id='word_1_165' title='bbox 257 2395 394 2474; x_wconf 92' lang='lat' dir='ltr'><strong>partibus</strong></span> <span class='ocrx_word' id='word_1_166' title='bbox 414 2396 517 2460; x_wconf 90' lang='lat' dir='ltr'><strong>locum</strong></span> <span class='ocrx_word' id='word_1_167' title='bbox 542 2397 706 2479; x_wconf 85' lang='lat' dir='ltr'><strong>contigisse</strong></span> <span class='ocrx_word' id='word_1_168' title='bbox 727 2396 900 2478; x_wconf 86' lang='lat' dir='ltr'><strong>significem.</strong></span> <span class='ocrx_word' id='word_1_169' title='bbox 943 2397 1150 2478; x_wconf 80' lang='lat' dir='ltr'><strong>Quamobrem</strong></span> <span class='ocrx_word' id='word_1_170' title='bbox 1171 2399 1236 2461; x_wconf 86' lang='lat' dir='ltr'><strong>lieri</strong></span> <span class='ocrx_word' id='word_1_171' title='bbox 1259 2402 1355 2479; x_wconf 74' lang='lat' dir='ltr'><strong>potest</strong></span> 
     </span>
     <span class='ocr_line' id='line_1_21' title="bbox 255 2503 1356 2586; baseline 0 -22"><span class='ocrx_word' id='word_1_172' title='bbox 255 2508 290 2565; x_wconf 91' lang='lat' dir='ltr'><strong>ut</strong></span> <span class='ocrx_word' id='word_1_173' title='bbox 310 2505 503 2568; x_wconf 90' lang='lat' dir='ltr'><strong>Democritus</strong></span> <span class='ocrx_word' id='word_1_174' title='bbox 526 2524 587 2568; x_wconf 92' lang='lat' dir='ltr'><strong>non</strong></span> <span class='ocrx_word' id='word_1_175' title='bbox 607 2505 700 2568; x_wconf 94' lang='lat' dir='ltr'><strong>modo</strong></span> <span class='ocrx_word' id='word_1_176' title='bbox 721 2504 848 2568; x_wconf 85' lang='lat' dir='ltr'><strong>moralia</strong></span> <span class='ocrx_word' id='word_1_177' title='bbox 867 2503 989 2584; x_wconf 88' lang='lat' dir='ltr'><strong>scripta,</strong></span> <span class='ocrx_word' id='word_1_178' title='bbox 1012 2511 1042 2566; x_wconf 92' lang='lat' dir='ltr'><strong>et</strong></span> <span class='ocrx_word' id='word_1_179' title='bbox 1063 2525 1101 2567; x_wconf 85' lang='lat' dir='ltr'><strong>ex</strong></span> <span class='ocrx_word' id='word_1_180' title='bbox 1121 2506 1257 2586; x_wconf 85' lang='lat' dir='ltr'><strong>physicis</strong></span> <span class='ocrx_word' id='word_1_181' title='bbox 1275 2522 1356 2568; x_wconf 87' lang='lat' dir='ltr'><strong>unrrm</strong></span> 
     </span>
     <span class='ocr_line' id='line_1_22' title="bbox 255 2608 1355 2696; baseline -0.003 -23"><span class='ocrx_word' id='word_1_182' title='bbox 255 2629 335 2691; x_wconf 90' lang='lat' dir='ltr'><strong>opus</strong></span> <span class='ocrx_word' id='word_1_183' title='bbox 356 2613 438 2694; x_wconf 90' lang='lat' dir='ltr'><strong>quod</strong></span> <span class='ocrx_word' id='word_1_184' title='bbox 471 2613 582 2675; x_wconf 89' lang='lat' dir='ltr'><strong>dicitur</strong></span> <span class='ocrx_word' id='word_1_185' title='bbox 603 2611 698 2696; x_wconf 80' lang='grc' dir='ltr'><strong>μέγας</strong></span> <span class='ocrx_word' id='word_1_186' title='bbox 717 2613 890 2695; x_wconf 73' lang='grc' dir='ltr'>διάκοσμος,</span> <span class='ocrx_word' id='word_1_187' title='bbox 913 2613 945 2674; x_wconf 89' lang='lat' dir='ltr'><strong>in</strong></span> <span class='ocrx_word' id='word_1_188' title='bbox 963 2612 1070 2674; x_wconf 89' lang='lat' dir='ltr'><strong>itinere</strong></span> <span class='ocrx_word' id='word_1_189' title='bbox 1095 2614 1280 2689; x_wconf 83' lang='lat' dir='ltr'><strong>condiderit,</strong></span> <span class='ocrx_word' id='word_1_190' title='bbox 1310 2608 1355 2672; x_wconf 88' lang='lat' dir='ltr'><strong>sed</strong></span> 
     </span>
     <span class='ocr_line' id='line_1_23' title="bbox 255 2719 1356 2804; baseline -0.001 -23"><span class='ocrx_word' id='word_1_191' title='bbox 255 2737 293 2781; x_wconf 86' lang='lat' dir='ltr'><strong>ex</strong></span> <span class='ocrx_word' id='word_1_192' title='bbox 310 2719 435 2802; x_wconf 88' lang='lat' dir='ltr'><strong>reliquis</strong></span> <span class='ocrx_word' id='word_1_193' title='bbox 458 2741 580 2804; x_wconf 89' lang='lat' dir='ltr'><strong>quoque</strong></span> <span class='ocrx_word' id='word_1_194' title='bbox 598 2720 683 2783; x_wconf 90' lang='lat' dir='ltr'><strong>libris</strong></span> <span class='ocrx_word' id='word_1_195' title='bbox 703 2740 794 2784; x_wconf 88' lang='lat' dir='ltr'><strong>uuam</strong></span> <span class='ocrx_word' id='word_1_196' title='bbox 816 2721 976 2782; x_wconf 86' lang='lat' dir='ltr'><strong>alteramve</strong></span> <span class='ocrx_word' id='word_1_197' title='bbox 995 2720 1280 2802; x_wconf 87' lang='lat' dir='ltr'><strong>disputatiunculam</strong></span> <span class='ocrx_word' id='word_1_198' title='bbox 1297 2723 1356 2780; x_wconf 82' lang='lat' dir='ltr'><strong>ante</strong></span> 
     </span>
     <span class='ocr_line' id='line_1_24' title="bbox 254 2828 1355 2909; baseline -0.005 -20"><span class='ocrx_word' id='word_1_199' title='bbox 254 2828 414 2907; x_wconf 85' lang='lat' dir='ltr'><strong>repetitum</strong></span> <span class='ocrx_word' id='word_1_200' title='bbox 434 2829 534 2891; x_wconf 90' lang='lat' dir='ltr'><strong>natale</strong></span> <span class='ocrx_word' id='word_1_201' title='bbox 555 2830 655 2893; x_wconf 87' lang='lat' dir='ltr'><strong>solum</strong></span> <span class='ocrx_word' id='word_1_202' title='bbox 677 2829 795 2893; x_wconf 90' lang='lat' dir='ltr'><strong>luderit.</strong></span> <span class='ocrx_word' id='word_1_203' title='bbox 846 2829 969 2904; x_wconf 88' lang='lat' dir='ltr'><strong>Verum,</strong></span> <span class='ocrx_word' id='word_1_204' title='bbox 990 2835 1024 2891; x_wconf 91' lang='lat' dir='ltr'><strong>ut</strong></span> <span class='ocrx_word' id='word_1_205' title='bbox 1044 2828 1083 2890; x_wconf 90' lang='lat' dir='ltr'><strong>ad</strong></span> <span class='ocrx_word' id='word_1_206' title='bbox 1106 2828 1296 2909; x_wconf 87' lang='lat' dir='ltr'><strong>Thrasyllum</strong></span> <span class='ocrx_word' id='word_1_207' title='bbox 1316 2843 1355 2886; x_wconf 88' lang='lat' dir='ltr'><strong>re·</strong></span> 
     </span>
     <span class='ocr_line' id='line_1_25' title="bbox 254 2934 1355 3016; baseline -0.003 -19"><span class='ocrx_word' id='word_1_208' title='bbox 254 2934 387 3013; x_wconf 86' lang='lat' dir='ltr'><strong>deamus,</strong></span> <span class='ocrx_word' id='word_1_209' title='bbox 411 2936 519 3000; x_wconf 91' lang='lat' dir='ltr'><strong>mirum</strong></span> <span class='ocrx_word' id='word_1_210' title='bbox 541 2945 597 3014; x_wconf 89' lang='lat' dir='ltr'><strong>est,</strong></span> <span class='ocrx_word' id='word_1_211' title='bbox 618 2938 648 3000; x_wconf 94' lang='lat' dir='ltr'><strong>in</strong></span> <span class='ocrx_word' id='word_1_212' title='bbox 670 2939 730 3000; x_wconf 93' lang='lat' dir='ltr'><strong>hoc</strong></span> <span class='ocrx_word' id='word_1_213' title='bbox 749 2937 876 3000; x_wconf 87' lang='lat' dir='ltr'><strong>elencho</strong></span> <span class='ocrx_word' id='word_1_214' title='bbox 897 2955 960 3000; x_wconf 91' lang='lat' dir='ltr'><strong>nou</strong></span> <span class='ocrx_word' id='word_1_215' title='bbox 982 2954 1049 2999; x_wconf 86' lang='lat' dir='ltr'><strong>esse</strong></span> <span class='ocrx_word' id='word_1_216' title='bbox 1068 2935 1257 3016; x_wconf 78' lang='lat' dir='ltr'><strong>singrd0ru1u</strong></span> <span class='ocrx_word' id='word_1_217' title='bbox 1274 2935 1355 2996; x_wconf 82' lang='lat' dir='ltr'><strong>libre</strong></span> 
     </span>
     <span class='ocr_line' id='line_1_26' title="bbox 254 3043 1353 3128; baseline -0.006 -22"><span class='ocrx_word' id='word_1_218' title='bbox 254 3063 321 3106; x_wconf 89' lang='lat' dir='ltr'><strong>rum</strong></span> <span class='ocrx_word' id='word_1_219' title='bbox 348 3043 486 3126; x_wconf 86' lang='lat' dir='ltr'><strong>duplices</strong></span> <span class='ocrx_word' id='word_1_220' title='bbox 516 3044 729 3128; x_wconf 88' lang='lat' dir='ltr'><strong>inscriptiones</strong></span> <span class='ocrx_word' id='word_1_221' title='bbox 760 3045 799 3107; x_wconf 92' lang='lat' dir='ltr'><strong>ab</strong></span> <span class='ocrx_word' id='word_1_222' title='bbox 832 3064 869 3106; x_wconf 92' lang='lat' dir='ltr'><strong>eo</strong></span> <span class='ocrx_word' id='word_1_223' title='bbox 899 3044 1043 3120; x_wconf 89' lang='lat' dir='ltr'><strong>inventas,</strong></span> <span class='ocrx_word' id='word_1_224' title='bbox 1075 3048 1109 3106; x_wconf 91' lang='lat' dir='ltr'><strong>ut</strong></span> <span class='ocrx_word' id='word_1_225' title='bbox 1140 3045 1172 3106; x_wconf 94' lang='lat' dir='ltr'><strong>in</strong></span> <span class='ocrx_word' id='word_1_226' title='bbox 1202 3044 1353 3106; x_wconf 80' lang='lat' dir='ltr'><strong>Platonico.</strong></span> 
     </span>
     <span class='ocr_line' id='line_1_27' title="bbox 252 3143 1354 3237; baseline -0.007 -23"><span class='ocrx_word' id='word_1_227' title='bbox 252 3152 418 3237; x_wconf 77' lang='lat' dir='ltr'><strong>Namque„</strong></span> <span class='ocrx_word' id='word_1_228' title='bbox 434 3153 490 3216; x_wconf 86' lang='lat' dir='ltr'><strong>etsi</strong></span> <span class='ocrx_word' id='word_1_229' title='bbox 516 3153 633 3236; x_wconf 87' lang='lat' dir='ltr'><strong>aliquot</strong></span> <span class='ocrx_word' id='word_1_230' title='bbox 661 3153 732 3214; x_wconf 91' lang='lat' dir='ltr'><strong>libri</strong></span> <span class='ocrx_word' id='word_1_231' title='bbox 758 3152 918 3236; x_wconf 88' lang='lat' dir='ltr'><strong>dupliciter</strong></span> <span class='ocrx_word' id='word_1_232' title='bbox 948 3150 1164 3228; x_wconf 88' lang='lat' dir='ltr'><strong>inscribuntur,</strong></span> <span class='ocrx_word' id='word_1_233' title='bbox 1191 3151 1272 3214; x_wconf 83' lang='lat' dir='ltr'><strong>velut</strong></span> <span class='ocrx_word' id='word_1_234' title='bbox 1294 3143 1354 3228; x_wconf 78' lang='grc' dir='ltr'><strong>περὶ</strong></span> 
     </span>
     <span class='ocr_line' id='line_1_28' title="bbox 253 3251 1353 3346; baseline -0.003 -25"><span class='ocrx_word' id='word_1_235' title='bbox 253 3259 491 3344; x_wconf 78' lang='grc' dir='ltr'><strong>ἀνδραγαθίηςῆ</strong></span> <span class='ocrx_word' id='word_1_236' title='bbox 509 3261 578 3345; x_wconf 83' lang='grc' dir='ltr'>περὶ</span> <span class='ocrx_word' id='word_1_237' title='bbox 594 3261 711 3346; x_wconf 78' lang='grc' dir='ltr'><strong>ἀρετῆς,</strong></span> <span class='ocrx_word' id='word_1_238' title='bbox 726 3260 796 3344; x_wconf 82' lang='grc' dir='ltr'><strong>περὶ</strong></span> <span class='ocrx_word' id='word_1_239' title='bbox 815 3259 981 3343; x_wconf 74' lang='grc' dir='ltr'><strong>ἀνθρώπου</strong></span> <span class='ocrx_word' id='word_1_240' title='bbox 999 3256 1139 3342; x_wconf 79' lang='grc' dir='ltr'>φύσιοςῆ</span> <span class='ocrx_word' id='word_1_241' title='bbox 1157 3259 1226 3342; x_wconf 82' lang='grc' dir='ltr'><strong>περὶ</strong></span> <span class='ocrx_word' id='word_1_242' title='bbox 1247 3251 1353 3339; x_wconf 69' lang='grc' dir='ltr'>σαρκός,</span> 
     </span>
     <span class='ocr_line' id='line_1_29' title="bbox 250 3365 1353 3452; baseline -0.005 -27"><span class='ocrx_word' id='word_1_243' title='bbox 250 3365 321 3448; x_wconf 80' lang='grc' dir='ltr'>περὶ</span> <span class='ocrx_word' id='word_1_244' title='bbox 348 3367 481 3430; x_wconf 71' lang='grc' dir='ltr'>εἰδώλου</span> <span class='ocrx_word' id='word_1_245' title='bbox 510 3368 530 3452; x_wconf 78' lang='grc' dir='ltr'>ἢ</span> <span class='ocrx_word' id='word_1_246' title='bbox 557 3368 626 3452; x_wconf 77' lang='grc' dir='ltr'>περὶ</span> <span class='ocrx_word' id='word_1_247' title='bbox 652 3367 815 3451; x_wconf 72' lang='grc' dir='ltr'><strong>προνοίης,</strong></span> <span class='ocrx_word' id='word_1_248' title='bbox 841 3374 941 3430; x_wconf 73' lang='lat' dir='ltr'><strong>umen</strong></span> <span class='ocrx_word' id='word_1_249' title='bbox 970 3367 1002 3428; x_wconf 90' lang='lat' dir='ltr'><strong>in</strong></span> <span class='ocrx_word' id='word_1_250' title='bbox 1030 3367 1186 3448; x_wconf 86' lang='lat' dir='ltr'><strong>sexaginta</strong></span> <span class='ocrx_word' id='word_1_251' title='bbox 1219 3365 1353 3429; x_wconf 91' lang='lat' dir='ltr'><strong>librorum</strong></span> 
     </span>
     <span class='ocr_line' id='line_1_30' title="bbox 250 3471 1354 3557; baseline -0.005 -23"><span class='ocrx_word' id='word_1_252' title='bbox 250 3471 344 3536; x_wconf 87' lang='lat' dir='ltr'><strong>titulis</strong></span> <span class='ocrx_word' id='word_1_253' title='bbox 365 3476 504 3538; x_wconf 89' lang='lat' dir='ltr'><strong>nonnisi</strong></span> <span class='ocrx_word' id='word_1_254' title='bbox 532 3495 641 3540; x_wconf 89' lang='lat' dir='ltr'><strong>novem</strong></span> <span class='ocrx_word' id='word_1_255' title='bbox 665 3477 755 3556; x_wconf 88' lang='lat' dir='ltr'><strong>hujus</strong></span> <span class='ocrx_word' id='word_1_256' title='bbox 782 3476 900 3557; x_wconf 88' lang='lat' dir='ltr'><strong>generis</strong></span> <span class='ocrx_word' id='word_1_257' title='bbox 924 3480 1002 3538; x_wconf 82' lang='lat' dir='ltr'><strong>suut</strong></span> <span class='ocrx_word' id='word_1_258' title='bbox 1044 3475 1094 3550; x_wconf 84' lang='lat' dir='ltr'><strong>At,</strong></span> <span class='ocrx_word' id='word_1_259' title='bbox 1122 3495 1224 3538; x_wconf 92' lang='lat' dir='ltr'><strong>nonne</strong></span> <span class='ocrx_word' id='word_1_260' title='bbox 1243 3472 1354 3536; x_wconf 86' lang='lat' dir='ltr'><strong>aliaest</strong></span> 
     </span>
     <span class='ocr_line' id='line_1_31' title="bbox 252 3575 1353 3665; baseline 0 -25"><span class='ocrx_word' id='word_1_261' title='bbox 252 3579 395 3659; x_wconf 89' lang='lat' dir='ltr'><strong>Platonis,</strong></span> <span class='ocrx_word' id='word_1_262' title='bbox 422 3582 480 3643; x_wconf 84' lang='lat' dir='ltr'><strong>alia</strong></span> <span class='ocrx_word' id='word_1_263' title='bbox 508 3583 675 3646; x_wconf 88' lang='lat' dir='ltr'><strong>Democriti</strong></span> <span class='ocrx_word' id='word_1_264' title='bbox 697 3585 881 3665; x_wconf 89' lang='lat' dir='ltr'><strong>scriptorum</strong></span> <span class='ocrx_word' id='word_1_265' title='bbox 906 3582 1061 3645; x_wconf 77' lang='lat' dir='ltr'><strong>conditio?</strong></span> <span class='ocrx_word' id='word_1_266' title='bbox 1100 3585 1220 3665; x_wconf 90' lang='lat' dir='ltr'><strong>Nempe</strong></span> <span class='ocrx_word' id='word_1_267' title='bbox 1240 3575 1353 3644; x_wconf 69' lang='lat' dir='ltr'><strong>nomini</strong></span> 
     </span>
     <span class='ocr_line' id='line_1_32' title="bbox 248 3687 1351 3770; baseline -0.003 -22"><span class='ocrx_word' id='word_1_268' title='bbox 248 3688 307 3748; x_wconf 81' lang='lat' dir='ltr'><strong>bus</strong></span> <span class='ocrx_word' id='word_1_269' title='bbox 332 3709 408 3770; x_wconf 88' lang='lat' dir='ltr'><strong>quae</strong></span> <span class='ocrx_word' id='word_1_270' title='bbox 430 3687 556 3770; x_wconf 87' lang='lat' dir='ltr'><strong>dialogis</strong></span> <span class='ocrx_word' id='word_1_271' title='bbox 575 3692 738 3755; x_wconf 87' lang='lat' dir='ltr'><strong>Platonicis</strong></span> <span class='ocrx_word' id='word_1_272' title='bbox 758 3692 852 3753; x_wconf 91' lang='lat' dir='ltr'><strong>indita</strong></span> <span class='ocrx_word' id='word_1_273' title='bbox 870 3698 949 3768; x_wconf 91' lang='lat' dir='ltr'><strong>suut,</strong></span> <span class='ocrx_word' id='word_1_274' title='bbox 968 3711 1029 3753; x_wconf 93' lang='lat' dir='ltr'><strong>non</strong></span> <span class='ocrx_word' id='word_1_275' title='bbox 1049 3691 1199 3754; x_wconf 89' lang='lat' dir='ltr'><strong>indicatur</strong></span> <span class='ocrx_word' id='word_1_276' title='bbox 1217 3689 1351 3751; x_wconf 83' lang='lat' dir='ltr'><strong>librorum</strong></span> 
     </span>
     <span class='ocr_line' id='line_1_33' title="bbox 249 3789 1351 3883; baseline -0.009 -26"><span class='ocrx_word' id='word_1_277' title='bbox 249 3796 373 3858; x_wconf 87' lang='lat' dir='ltr'><strong>materia</strong></span> <span class='ocrx_word' id='word_1_278' title='bbox 394 3803 424 3858; x_wconf 88' lang='lat' dir='ltr'><strong>et</strong></span> <span class='ocrx_word' id='word_1_279' title='bbox 445 3807 661 3878; x_wconf 89' lang='lat' dir='ltr'><strong>argumentum,</strong></span> <span class='ocrx_word' id='word_1_280' title='bbox 682 3801 766 3883; x_wconf 91' lang='lat' dir='ltr'><strong>quod</strong></span> <span class='ocrx_word' id='word_1_281' title='bbox 785 3807 893 3863; x_wconf 88' lang='lat' dir='ltr'><strong>contra</strong></span> <span class='ocrx_word' id='word_1_282' title='bbox 910 3799 1020 3861; x_wconf 89' lang='lat' dir='ltr'><strong>accidit</strong></span> <span class='ocrx_word' id='word_1_283' title='bbox 1038 3799 1068 3860; x_wconf 94' lang='lat' dir='ltr'><strong>in</strong></span> <span class='ocrx_word' id='word_1_284' title='bbox 1081 3796 1247 3861; x_wconf 91' lang='lat' dir='ltr'><strong>Democriti</strong></span> <span class='ocrx_word' id='word_1_285' title='bbox 1265 3789 1351 3860; x_wconf 89' lang='lat' dir='ltr'><strong>libris,</strong></span> 
     </span>
     <span class='ocr_line' id='line_1_34' title="bbox 248 3895 1350 3989; baseline -0.001 -25"><span class='ocrx_word' id='word_1_286' title='bbox 248 3903 359 3987; x_wconf 90' lang='lat' dir='ltr'><strong>quibus</strong></span> <span class='ocrx_word' id='word_1_287' title='bbox 380 3906 432 3989; x_wconf 90' lang='lat' dir='ltr'><strong>qui</strong></span> <span class='ocrx_word' id='word_1_288' title='bbox 461 3905 597 3986; x_wconf 85' lang='lat' dir='ltr'><strong>inscripti</strong></span> <span class='ocrx_word' id='word_1_289' title='bbox 626 3914 696 3970; x_wconf 89' lang='lat' dir='ltr'><strong>suut</strong></span> <span class='ocrx_word' id='word_1_290' title='bbox 718 3907 842 3984; x_wconf 90' lang='lat' dir='ltr'><strong>indices,</strong></span> <span class='ocrx_word' id='word_1_291' title='bbox 871 3906 907 3968; x_wconf 92' lang='lat' dir='ltr'><strong>iis</strong></span> <span class='ocrx_word' id='word_1_292' title='bbox 934 3927 993 3984; x_wconf 76' lang='lat' dir='ltr'><strong>ree,</strong></span> <span class='ocrx_word' id='word_1_293' title='bbox 1024 3907 1062 3969; x_wconf 91' lang='lat' dir='ltr'><strong>de</strong></span> <span class='ocrx_word' id='word_1_294' title='bbox 1091 3927 1150 3988; x_wconf 87' lang='lat' dir='ltr'><strong>qua</strong></span> <span class='ocrx_word' id='word_1_295' title='bbox 1179 3907 1209 3967; x_wconf 89' lang='lat' dir='ltr'><strong>in</strong></span> <span class='ocrx_word' id='word_1_296' title='bbox 1237 3895 1350 3980; x_wconf 81' lang='lat' dir='ltr'><strong>singulis</strong></span> 
     </span>
     <span class='ocr_line' id='line_1_35' title="bbox 249 4010 1350 4096; baseline -0.003 -25"><span class='ocrx_word' id='word_1_297' title='bbox 249 4010 358 4091; x_wconf 89' lang='lat' dir='ltr'><strong>agitur,</strong></span> <span class='ocrx_word' id='word_1_298' title='bbox 378 4021 481 4096; x_wconf 88' lang='lat' dir='ltr'><strong>aperte</strong></span> <span class='ocrx_word' id='word_1_299' title='bbox 504 4014 680 4078; x_wconf 89' lang='lat' dir='ltr'><strong>declaratur.</strong></span> <span class='ocrx_word' id='word_1_300' title='bbox 725 4015 843 4077; x_wconf 89' lang='lat' dir='ltr'><strong>ldcirco</strong></span> <span class='ocrx_word' id='word_1_301' title='bbox 872 4014 1036 4096; x_wconf 86' lang='lat' dir='ltr'><strong>indispari</strong></span> <span class='ocrx_word' id='word_1_302' title='bbox 1062 4015 1209 4094; x_wconf 88' lang='lat' dir='ltr'><strong>scriptore</strong></span> <span class='ocrx_word' id='word_1_303' title='bbox 1232 4027 1290 4072; x_wconf 90' lang='lat' dir='ltr'><strong>uon</strong></span> <span class='ocrx_word' id='word_1_304' title='bbox 1308 4022 1350 4064; x_wconf 73' lang='lat' dir='ltr'><strong>ee·</strong></span> 
     </span>
    </p>
   </div>
   <div class='ocr_carea' id='block_1_5' title="bbox 251 4165 452 4181">
    <p class='ocr_par' dir='ltr' id='par_1_5' title="bbox 251 4165 452 4181">
     <span class='ocr_line' id='line_1_36' title="bbox 251 4165 452 4181; baseline 0 -2"><span class='ocrx_word' id='word_1_305' title='bbox 251 4165 452 4181; x_wconf 54' lang='lat'><strong>*—</strong></span> 
     </span>
    </p>
   </div>
   <div class='ocr_carea' id='block_1_6' title="bbox 321 4257 739 4325">
    <p class='ocr_par' dir='ltr' id='par_1_6' title="bbox 321 4257 739 4325">
     <span class='ocr_line' id='line_1_37' title="bbox 321 4257 739 4325; baseline -0.01 -12"><span class='ocrx_word' id='word_1_306' title='bbox 321 4258 359 4325; x_wconf 79' lang='lat'><strong>¹²)</strong></span> <span class='ocrx_word' id='word_1_307' title='bbox 378 4261 451 4324; x_wconf 86' lang='lat' dir='ltr'><strong>Diog.</strong></span> <span class='ocrx_word' id='word_1_308' title='bbox 471 4263 555 4313; x_wconf 86' lang='lat' dir='ltr'><strong>Laert.</strong></span> <span class='ocrx_word' id='word_1_309' title='bbox 576 4262 619 4312; x_wconf 87' lang='lat' dir='ltr'><strong>lib.</strong></span> <span class='ocrx_word' id='word_1_310' title='bbox 639 4262 678 4322; x_wconf 81' lang='lat' dir='ltr'><strong>lX,</strong></span> <span class='ocrx_word' id='word_1_311' title='bbox 699 4257 739 4310; x_wconf 82' lang='lat' dir='ltr'><strong>lb.</strong></span> 
     </span>
    </p>
   </div>
   <div class='ocr_carea' id='block_1_7' title="bbox 0 0 1450 4872">
    <p class='ocr_par' dir='ltr' id='par_1_7' title="bbox 0 0 1450 4872">
     <span class='ocr_line' id='line_1_38' title="bbox 0 0 1450 4872; baseline 0 2"><span class='ocrx_word' id='word_1_312' title='bbox 0 0 1450 4872; x_wconf 95' lang='lat' dir='ltr'><strong> </strong></span> 
     </span>
    </p>
   </div>
  </div>
 </body>
</html>
