2956 4860
263 312 306 378 ⁴12
594 307 788 390 qaaestionem
816 307 1050 366 Democriteamm

264 481 427 562 origenem
441 475 494 558 ’7)
533 475 586 559 qui
613 473 754 538 Abderae
785 475 938 538 alumnum
970 475 1139 556 neglexisse
1163 477 1374 558 patrimonium

263 605 413 670 agrosque
440 584 610 648 deseruisse
635 583 766 646 incultos
786 583 877 661 ajunt.
929 583 1045 646 Similia
1065 583 1152 647 multi
1179 591 1316 648 veterum
1336 587 1374 648 de

265 695 448 776 Anaxagora
476 697 506 754 et
524 692 648 754 Thalete
676 691 874 770 renuerunt,
902 693 933 754 iu
961 692 1008 754 his
1027 691 1115 754 Plato
1145 700 1176 756 et
1194 690 1375 756 Aristoteles

264 823 396 888 quorum
415 820 531 864 summa
551 799 640 862 etiam
663 798 694 862 in
715 799 825 862 talibus
846 800 1002 862 narrandis
1023 801 1186 864 auctoritas
1203 808 1256 863 est.
1289 803 1376 863 Uter-

264 931 322 994 que
343 910 489 972 certiores
508 927 565 971 nos
596 906 676 984 lacit,
702 907 758 970 hos
782 906 859 970 duos
880 906 1016 989 aliosque
1037 907 1272 988 sapientissimos
1291 910 1376 971 viros

262 1038 335 1100 prae
355 1037 457 1081 rerum
482 1015 656 1080 sublimium
685 1022 716 1078 et
746 1015 971 1078 reconditorum
993 1015 1183 1096 indagatione
1204 1036 1268 1078 rem
1291 1017 1379 1078 larui-

261 1127 367 1189 liorem
395 1124 614 1205 contempsisse
640 1129 670 1186 et
697 1141 833 1204 eaquae
867 1123 906 1184 ad
933 1124 1024 1186 vitam
1045 1125 1205 1188 commode
1232 1127 1378 1188 tuendam

262 1233 432 1298 necessaria
452 1233 520 1308 sint,
549 1229 790 1311 neglexisse'⁸).
843 1234 890 1293 De
911 1232 1089 1295 Democrito
1107 1232 1182 1294 nihil
1199 1233 1378 1312 hujusmodi

262 1343 403 1424 produnt,
422 1340 502 1403 idem
523 1340 651 1402 fortasse
673 1340 830 1417 narraturi,
857 1339 884 1402 si
905 1340 965 1402 tale
986 1339 1059 1422 quid
1080 1340 1118 1402 de
1139 1360 1177 1404 eo
1197 1340 1235 1402 ab
1255 1340 1378 1404 idoneis

262 1449 388 1514 testibus
404 1449 601 1529 accepissent
637 1447 760 1524 Verum,
783 1453 816 1510 ut
837 1447 903 1510 lieri
922 1448 1010 1524 solet,
1028 1467 1188 1510 commuue
1210 1448 1379 1512 multorum

261 1557 366 1620 uitium
396 1575 415 1616 a
443 1558 646 1636 posteriorum
672 1554 865 1618 saeculorum
885 1554 1084 1637 scriptoribus
1112 1556 1164 1638 qui
1192 1575 1297 1637 parum
1323 1579 1378 1620 cu

262 1672 365 1728 rurant
391 1670 562 1726 accuratam
589 1663 761 1743 hujusmodi
788 1681 890 1724 rerum
917 1663 967 1726 vel
987 1664 1141 1726 scientiam
1160 1663 1210 1726 vel
1228 1665 1379 1728 narratio-

262 1795 340 1852 nem,
362 1774 400 1835 ad
424 1791 478 1834 eos
501 1771 589 1834 etiarn
609 1772 778 1835 traductum
802 1779 856 1849 est,
887 1791 965 1854 quos
985 1791 1074 1834 nemo
1092 1771 1283 1854 antiquorum
1303 1774 1377 1836 talis

262 1881 462 1962 negligentiae
481 1881 731 1961 fortunarumque
749 1879 961 1960 despiciendae
981 1880 1188 1944 insimulasset.
1223 1881 1377 1961 imprimis

261 2009 335 2053 vero
363 1988 491 2052 istorum
515 1989 696 2067 scriptorum
724 1985 839 2048 incuria
862 1987 912 2050 vel
939 1989 1008 2050 inde
1033 1995 1130 2068 patet,
1154 1989 1237 2072 quod
1261 1992 1377 2053 Demo

262 2097 339 2160 crito
361 2095 482 2178 quidam
503 2095 637 2156 tribuunt
658 2093 791 2156 Tlialetis
816 2094 891 2158 illud
912 2097 1078 2174 artificium,
1106 2115 1168 2179 quo
1189 2097 1313 2178 provisa
1339 2119 1376 2160 ac

261 2204 455 2288 praecognita
482 2203 582 2263 lutura
613 2203 748 2264 olearum
776 2203 913 2265 urbertate
932 2204 1152 2286 orriuibusqune
1185 2205 1375 2269 Milesiorum

262 2320 292 2378 et
316 2312 462 2376 Chiorum
484 2311 577 2391 prelis
600 2310 720 2374 oleariis
748 2317 779 2373 et
799 2310 923 2392 trapetis
945 2311 998 2374 vili
1021 2311 1244 2394 conductis⁸⁹)
1266 2315 1317 2376 vel
1343 2323 1376 2380 ut

253 2555 382 2630 Ἕλληνες
407 2552 528 2630 ᾅδουσιν,
556 2553 594 2610 ότι
622 2555 775 2630 φιλοσοφίας
800 2555 881 2629 ίμέριρ
909 2554 1069 2631 πληχθέντες
1096 2555 1260 2630 μηλοβότους
1285 2561 1374 2615 οίασαν

260 2635 379 2712 γενέσθαι
399 2639 445 2698 τὰς
465 2635 563 2696 οίισίας.

329 2733 368 2796 2')
386 2733 454 2796 orig.
475 2735 569 2782 contre
588 2733 654 2784 Cels.
674 2729 718 2781 lib.
739 2727 761 2778 ll
781 2745 806 2795 p.
822 2726 864 2784 85.

330 2825 369 2888 ²⁸)
390 2823 462 2876 Plato
488 2823 564 2888 lllpp.
584 2825 644 2886 maj.
667 2835 725 2888 pag.
746 2819 797 2874 283
816 2837 838 2872 a.
865 2823 907 2874 ed.
933 2823 1038 2887 sterili:
1058 2817 1146 2876 Καλόν
1169 2841 1207 2893 γε,
1230 2823 1252 2876 ὦ
1275 2824 1376 2886 Ἱππία,

260 2903 341 2973 λέγεις
359 2903 404 2955 aad
424 2901 489 2972 μέγα
505 2901 644 2974 τεκμήριον
673 2901 763 2974 σοφίας
781 2906 826 2974 τῆς
847 2919 875 2954 τι
895 2907 1003 2955 σεαυτοῦ
1023 2903 1136 2956 καὶτῶν
1154 2909 1200 2956 νῦν
1223 2903 1375 2978 ἀνθρώπων

259 2981 322 3056 πρὸς
342 2981 402 3041 τους
421 2981 544 3054 ἀρχαίους
564 2979 624 3034 όσον
641 2979 799 3055 διαφέρουσι.
823 2979 883 3036 Τῶν
901 2985 948 3056 γάρ
969 2985 1101 3057 προτέρων
1121 2987 1178 3057 περὶ
1192 2983 1376 3061 Ἀναξαγόραν

260 3068 310 3128 (sic
327 3079 394 3116 corr.
414 3065 482 3129 vulg.
503 3059 688 3136 Ἀναξαγόρου)
707 3061 807 3134 λέγεται
834 3064 919 3138 πολλὴ
940 3063 1038 3134 ἀμαθία
1058 3065 1125 3118 aurai
1144 3065 1189 3119 τὸν
1211 3067 1256 3120 σὸν
1283 3069 1375 3139 λόγον.

259 3141 281 3198 Τ
283 3143 415 3198 οίιναντίον
438 3144 486 3216 γάρ
506 3139 669 3216 Ἀναξαγόρᾳ
684 3145 746 3216 φασὶ
770 3145 898 3217 συμβῆναι
919 3145 935 3218 ἢ
961 3143 1038 3213 υμῖν·
1077 3146 1305 3220 καταλειφθέντων
1324 3152 1375 3224 γὰρ

260 3223 331 3296 αὐτῷ
351 3223 456 3278 πολλῶν
476 3227 619 3298 χρημάτων
642 3225 820 3298 καταμελῆσαι
847 3227 891 3278 καὶ
908 3225 1032 3280 ἀπολέσαι
1058 3229 1158 3282 πάντα·
1183 3227 1266 3289 οὕτως
1292 3231 1375 3284 αὑτὸν

260 3305 357 3378 ἀνόητα
385 3305 543 3378 σοφίζεσθαι.
570 3335 599 3346 -
638 3311 794 3360 Aristoteles
820 3309 902 3359 Ethic.
926 3311 1026 3362 Νίσαια.
1052 3311 1136 3363 lib.V
1159 3326 1217 3376 cap.
1236 3309 1297 3374 7,6
1327 3309 1375 3366 Διὸ

257 3383 433 3457 Ἀναξαγόραν
458 3387 503 3438 καί
527 3382 613 3459 Θαλῆν
636 3388 758 3447 καὶτοὺς
780 3386 912 3447 τοιοότους
937 3391 1033 3460 σοροὺς
1052 3393 1109 3460 μίν,
1136 3391 1277 3464 φρονίμους
1294 3391 1317 3446 δ”
1342 3391 1375 3446 οὗ

260 3484 335 3538 φασιν
362 3465 436 3528 τίνας,
461 3462 522 3518 όταν
550 3465 638 3520 moto
666 3467 822 3538 ἀγνοοῦντας
844 3469 876 3521 rel
902 3469 1063 3542 συμφέρονθ’
1092 3471 1179 3532 αὐτοῖς
1204 3475 1249 3525 καὶ
1267 3476 1375 3546 περιττὰ

259 3547 306 3617 μέν
325 3546 370 3599 eei
389 3543 527 3615 θαυμαστὰ
546 3549 590 3600 καὶ
609 3547 711 3622 χαλεπαὶ
727 3551 771 3603 καί
783 3547 902 3620 δαιμόνια
918 3551 1011 3604 uttam
1031 3549 1125 3611 αότοός
1147 3571 1234 3626 φασιν,
1253 3553 1376 3628 ἀχρηστα

259 3627 297 3690 δέ,
318 3625 357 3680 ότι
376 3625 407 3680 od
426 3625 459 3679 τέ
479 3624 629 3699 ἀνθρώπινα
649 3627 734 3700 ἀγαθὰ
752 3631 882 3701 ζητοῦσιν.
902 3629 938 3687 Ἥ
957 3631 984 3686 δὲ
1006 3631 1128 3706 φρόνησις
1146 3637 1203 3706 περί
1220 3635 1253 3687 τὰ
1270 3635 1374 3710 ἀνθρώ-

259 3708 382 3763 τινακαὶ
399 3708 457 3780 περὶ
477 3707 514 3761 ῶν
534 3709 585 3762 ἐστι
604 3709 793 3780 βουλευσασθαι
812 3731 839 3766 τι.
856 3732 880 3767 τ.
901 3711 926 3766 λ.

330 3804 370 3865 ”)
399 3799 557 3855 Aristoteles
582 3805 752 3858 Potiticorum
772 3807 815 3858 lib.
837 3803 847 3856 l
867 3823 925 3872 cap.
947 3804 993 3857 11:
1021 3803 1197 3867 ὀνειδιζόντων
1222 3807 1270 3880 γὰρ
1298 3806 1372 3880 adripi

259 3881 301 3934 διὰ
320 3882 366 3954 τὴν
385 3878 483 3945 πενίαν,
503 3879 540 3941 ὡς
561 3881 713 3954 ἀνωφελοῦς
733 3890 779 3958 της
796 3885 950 3959 φιλοσοφίας
970 3883 1060 3958 οόσης,
1079 3888 1277 3960 κατανοήσαντά
1294 3907 1374 3962 φασιν

259 3961 338 4014 αίιτὸν
364 3959 457 4014 ίλαιῶν
481 3963 564 4036 ιροράν
591 3965 717 4036 ἐσομένην
740 3968 770 4020 dn
795 3972 840 4039 τῆς
868 3965 1045 4040 ἀστρολογίας,
1070 3969 1106 4022 έτι
1129 3973 1259 4042 χειμῶνος
1287 3969 1375 4029 ὄντος,

259 4043 437 4116 εὐπορήσαντα
461 4045 604 4117 χρημάτων
630 4044 724 4117 όλίγων
749 4047 902 4121 ἀρραβῶνας
932 4047 1064 4100 διαδοῦναι
1097 4055 1149 4101 τῶν
1180 4048 1375 4123 ίλαιουργείων,

258 4131 311 4176 τῶν
337 4123 363 4175 τ’
388 4123 414 4175 έν
433 4121 541 4197 Μιλήτῳ
568 4127 613 4179 καί
632 4123 689 4198 Χίῳ
711 4131 832 4194 πάντων,
859 4129 947 4199 ἀλίγου
968 4127 1180 4199 μισθωσόμενον,
1201 4127 1240 4183 οἵτ’
1265 4129 1374 4190 οὐδενὸς

259 4203 453 4274 ἐπιβάλλοντος.
494 4202 600 4277 Ἐπειδὴ
620 4205 645 4258 δ’
674 4205 688 4260 ό
712 4209 800 4282 καιρός
824 4209 888 4282 ἧκε,
916 4209 1021 4264 πολλῶν
1049 4209 1215 4280 ζητουμένων
1247 4211 1303 4282 ἅμα
1327 4215 1376 4264 ναὶ

260 4285 392 4358 ἐξαίφνης,
412 4282 587 4354 depictorum
613 4285 641 4341 ὃν
664 4285 757 4362 τρόπον
781 4290 925 4364 ηβυόλετσ,
953 4290 1039 4346 πολλὰ
1065 4292 1187 4367 γρήματα
1213 4292 1376 4358 συλλέξαντα
