2938 4864
269 253 335 320 278
595 260 791 323 &uacationem
819 257 1050 312 Democriteum

273 424 543 506 Verschweuduug
558 427 709 508 gewiihut,
726 445 812 488 weun
828 445 861 488 es
879 445 935 488 aus
948 425 1164 506 gemeinsamer
1178 427 1274 488 Kasse
1286 427 1376 506 geht),
1429 474 1431 536 4

273 529 318 594 als
339 551 427 594 wenn
449 533 539 613 jedes
567 535 622 598 dae
650 536 738 616 eigne
765 533 918 614 ausgiebt;
947 533 1010 596 und
1041 533 1094 596 das
1124 533 1304 616 gemeirnsam
1324 534 1378 595 lir-
1431 540 1432 586 l

274 639 417 702 worbeue
440 641 519 704 heut
536 642 611 721 (den
630 641 799 722 einzelnen)
821 641 904 704 nicht
922 659 967 719 so,
980 639 1113 704 sondern
1133 643 1203 704 weit
1223 639 1378 721 weniger.”

275 747 408 810 Orellius
429 767 491 812 non
513 749 650 830 percepit
669 750 728 810 vim
748 749 871 831 genitivi
891 753 952 812 τῶν
975 747 1123 825 ἀνυστῶν,
1145 769 1233 831 quem
1256 757 1381 812 tanturn-
1434 736 1435 782 l

276 855 344 918 dem
367 855 477 936 volere,
500 863 643 939 quantum
660 859 702 925 ὡς
720 855 847 920 ἀνυστόν
860 876 922 918 uon
941 854 1052 937 patitur
1072 875 1173 919 sermo
1187 857 1381 920 Graecorum.

275 961 353 1026 Sunt
382 969 482 1026 autem
508 963 546 1028 τά
572 963 686 1028 ἀνυστά
713 967 771 1028 hoc
800 963 872 1027 loco
901 983 936 1027 en
964 983 1040 1048 quae
1070 985 1089 1025 a
1116 963 1219 1045 pueris
1241 965 1381 1028 diuturno

274 1069 381 1133 labore
401 1071 559 1155 multoque
579 1093 648 1136 cum
669 1073 782 1136 sudore
802 1075 936 1154 perlecta
957 1079 989 1134 et
1009 1071 1149 1135 absolute
1170 1081 1247 1135 sunt
1281 1077 1382 1155 Quum

275 1178 419 1260 χρήματα
439 1182 520 1262 apud
541 1181 676 1244 Graecos
702 1201 765 1243 non
791 1181 891 1244 solum
911 1181 1057 1263 pecuniae
1078 1181 1133 1242 sed
1155 1180 1313 1262 cujuslibet
1333 1201 1384 1260 ge·

276 1283 424 1356 nerisres
450 1287 510 1348 sint
536 1289 590 1368 (ci.
614 1290 718 1368 fragm.
740 1290 817 1369 236)
844 1298 1000 1371 utramque
1023 1287 1268 1369 significationem
1295 1309 1384 1371 quam
1440 1260 1444 1386 i

277 1393 472 1458 Democritus
490 1394 539 1456 hic
567 1397 731 1476 conjungit,
757 1398 786 1460 in
816 1397 1062 1478 interpretatione
1085 1395 1308 1476 exprimendam
1330 1419 1386 1478 pu·
1442 1390 1445 1446 i

277 1499 347 1560 tevi.
390 1503 518 1564 Caetera
541 1505 742 1584 explicatione
763 1525 824 1566 non
849 1511 947 1585 egent.
997 1505 1045 1565 De
1065 1503 1181 1564 rariore
1200 1505 1297 1566 iorme
1322 1525 1384 1587 ρει·
1446 1522 1448 1644 ρ

279 1603 332 1675 δός
349 1627 408 1688 pro
426 1609 581 1693 φειδωλός
607 1611 667 1676 vid.
688 1611 843 1676 Ruhnken.
874 1613 912 1674 ad
934 1609 1108 1673 Callimach.
1130 1611 1248 1691 Fragm.
1271 1633 1300 1692 p.
1324 1615 1386 1674 580
1448 1652 1449 1698 p

278 1713 325 1778 ed.
347 1716 474 1780 Ernesti.
1448 1718 1450 1780 l

363 1828 412 1888 72.
454 1829 635 1890 hlutavirnus
662 1827 777 1895 τέκνοις
808 1831 836 1890 iu
860 1826 1000 1890 τέκνοισι.
1044 1827 1156 1888 Eadem
1179 1829 1325 1890 sententia
1344 1829 1387 1892 le·

278 1932 358 2013 gitur
379 1935 461 2014 apud
484 1935 596 1999 Aulon.
622 1943 652 1998 et
674 1937 752 1998 Max.
775 1957 804 2016 p.
827 1938 898 1999 990.
1452 1914 1453 1950 ¹

364 2045 414 2106 73.
459 2041 598 2125 φρονέειν
638 2045 717 2105 edidi
752 2063 808 2123 pro
848 2045 986 2126 ppoveia3
1020 2043 1089 2105 item
1127 2042 1299 2125 ἕομρορῇσι
1330 2063 1388 2124 pro
1454 2045 1456 2124 ἶ

279 2153 465 2236 σομφορῇσι.
800 2159 802 2162 “

363 2261 412 2322 74.
456 2264 558 2340 Quum
586 2257 757 2326 ἀδέσποτος
781 2279 876 2338 ‘saepe
905 2257 943 2320 de
965 2277 1003 2320 eo
1026 2258 1150 2336 dicetur,
1171 2260 1223 2341 qni
1245 2261 1389 2339 suijuris

278 2373 325 2430 est
346 2365 517 2449 nulliusque
540 2367 667 2448 imperio
687 2365 841 2444 subjectus
862 2367 914 2445 (oi.
936 2366 1074 2446 exempla
1094 2366 1224 2428 ellatoin
1242 2369 1388 2450 Stephani
1459 2371 1460 2398 ¹

279 2477 424 2538 'l'heaauu
447 2474 508 2539 vol.
529 2477 541 2536 l
560 2476 617 2538 col.
637 2476 697 2538 637
722 2475 767 2535 ed.
790 2474 882 2554 llas),
909 2492 973 2535 non
1002 2472 1116 2552 dubito,
1140 2475 1212 2557 quin
1232 2478 1390 2540 Democri-

278 2591 328 2644 tus
358 2580 455 2664 λύπην
483 2580 652 2644 ἀδέσποτον
680 2581 813 2662 appellet
846 2581 983 2644 dolorem
1022 2581 1108 2644 nullo
1145 2584 1231 2665 quasi
1263 2586 1391 2649 rationis

279 2692 366 2752 freno
392 2689 557 2752 coercitum
585 2690 636 2772 qui
662 2691 726 2752 dies
755 2695 921 2771 noctesque
945 2689 1080 2751 homines
1103 2692 1266 2769 excruciat.
1292 2693 1392 2777 qualis

281 2817 348 2861 esse
368 2798 446 2862 solet
469 2819 560 2882 quum
583 2817 689 2861 recens
710 2805 756 2860 est
778 2797 907 2860 necdum
929 2797 1075 2878 temporis
1095 2797 1313 2882 longinquitate
1335 2802 1393 2862 mi-

280 2907 398 2986 tigatus.
448 2907 565 2969 idcirco
597 2906 693 2969 miror
724 2905 944 2983 Burchardum,
979 2906 1031 2990 qni
1059 2925 1120 2968 non
1150 2905 1228 2968 male
1250 2909 1393 2971 verterit:

278 3019 368 3078 einen
397 3017 555 3092 Scdmm,
587 3011 663 3076 dier
687 3014 746 3077 den
773 3015 822 3076 dre
851 3011 1054 3076 hindriitende
1080 3015 1164 3076 San
1192 3014 1280 3076 nmdt
1304 3017 1394 3077 Herr

278 3125 402 3186 worden
427 3124 530 3202 kann,
563 3123 655 3186 treide
683 3122 781 3184 durch
806 3122 942 3204 (ruhige)
969 3121 1177 3203 Ueberlrgung
1198 3143 1265 3198 aur,
1289 3136 1394 3186 tameu

280 3231 317 3293 de
337 3251 415 3292 voce
438 3229 607 3299 ἀδέσποτος
634 3231 709 3293 haec
731 3237 906 3292 amnotnsse:
935 3231 1009 3307 „des
1030 3233 1122 3292 Wort
1143 3231 1181 3292 ist
1202 3230 1260 3292 mir
1282 3232 1395 3294 unldar

278 3338 340 3401 und
361 3339 437 3400 wird
460 3341 518 3402 mir
548 3340 642 3402 durch
672 3339 804 3402 Gesners
833 3337 1058 3418 Uebersetzung
1078 3338 1306 3418 immorigerum
1329 3337 1396 3400 arri-

277 3467 344 3510 mae
364 3447 512 3528 torpentis
533 3448 616 3511 nicht
643 3447 824 3522 deutlicher3
855 3449 903 3508 dic
932 3446 1075 3508 deutsche
1096 3446 1321 3526 Uebersetzung
1341 3447 1396 3508 lna

278 3575 337 3618 nur
358 3556 488 3618 entiernt
508 3555 556 3618 die
578 3555 725 3636 Analogie
754 3557 809 3618 der
830 3557 971 3618 Structur
991 3553 1105 3634 einiger
1123 3555 1175 3616 mit
1197 3552 1266 3617 dem
1288 3577 1308 3618 α
1331 3555 1397 3638 pri-

279 3672 337 3727 vat.
358 3671 682 3745 zusamrnengesetzten
701 3663 859 3743 Adjectiva
880 3663 928 3723 nu
947 3661 1041 3724 sich.”

363 3775 414 3836 76.
457 3773 641 3854 Scripsimus
666 3772 801 3856 κρατέων
832 3781 862 3834 et
888 3769 1025 3853 ἡδονέων
1047 3792 1106 3851 pro
1128 3777 1246 3854 κρατῶν
1269 3777 1300 3832 et
1320 3771 1396 3854 ἡδο-

280 3886 351 3944 νῶν.
395 3881 530 3945 Orellius
548 3882 705 3966 κρείσσων,
728 3901 865 3964 proquo
885 3901 954 3942 cum
963 3881 1141 3943 Burohardo
1161 3879 1300 3963 ’κρέσσων
1322 3881 1398 3944 sub-

280 3989 371 4051 stitui.
419 3989 502 4051 ldem
530 3991 727 4070 fragmentum
755 3997 851 4052 exstat
878 3991 960 4070 apud
989 3988 1074 4051 Stob.
1105 3987 1188 4050 Flor.
1217 3989 1316 4068 xvh,
1341 3989 1398 4062 lo,

279 4097 332 4160 ubi
350 4097 542 4160 inserendum
562 4105 608 4160 est
629 4091 775 4181 κρατέων.
828 4099 858 4158 lu
881 4097 1072 4160 Frobeniana
1093 4097 1306 4160 sententiarum
1329 4096 1397 4176 syl-

279 4201 359 4283 loge.
384 4223 451 4282 pag.
474 4206 535 4265 ⁸223
570 4203 644 4266 haec
674 4204 832 4282 leguntur:
872 4201 1113 4287 Ἀριστοτέλους,
1162 4201 1397 4286 ’ἀνδρειότερος
