2956 4860
554 299 848 356 Praefatio.
1220 325 1253 369 n

136 500 246 573 porro
272 499 324 564 ea,
346 493 480 570 quaec
512 467 608 544 libris
641 473 686 544 de
717 468 930 559 animalibus,
959 474 1004 545 de
1030 475 1250 564 astronomia,

135 601 186 673 de
210 595 418 694 agricultura
444 590 579 689 scriptis
594 605 697 688 atque
720 619 767 668 ex
791 590 866 666 aliis
888 592 1120 670 voluminibus
1145 596 1252 693 petita

135 730 334 814 supersunt,
360 743 381 792 a
402 713 541 792 nemine
567 719 748 809 conjuncte
771 711 864 788 edita
887 726 921 787 ct
946 714 1118 812 explicata
1142 731 1250 792 erant.

136 843 201 918 His
217 839 319 939 igitur
330 839 490 916 omnibus
503 834 658 912 collectis
673 841 941 934 fragmentorum
954 836 1251 916 Democriteorum

136 989 268 1063 corpus
302 960 433 1060 primus
466 959 609 1036 confeci.
665 961 702 1032 ln
737 983 807 1055 quo
836 956 920 1055 quid
953 958 1086 1034 consilii
1111 975 1251 1037 secutus

137 1085 206 1162 sim
224 1083 378 1161 breviter
398 1081 583 1158 dicendum
601 1093 664 1156 est.
707 1084 911 1176 Fragmenta
931 1080 1075 1156 moralia
1089 1079 1136 1156 ita
1158 1082 1253 1159 edidi

137 1221 178 1283 ut
201 1206 314 1282 aliena
346 1231 366 1282 a
394 1202 622 1280 Democritcis
655 1227 843 1278 secernens
870 1207 977 1277 multo
1000 1201 1141 1300 saepius
1164 1209 1251 1280 Bur-

139 1328 341 1405 chardiuam
360 1351 464 1424 quarn
481 1323 688 1400 Orellianam
708 1321 877 1400 rationem
902 1329 1035 1399 calculo
1057 1349 1137 1399 mco
1154 1352 1251 1402 com-

140 1455 345 1549 probarem,
375 1447 503 1523 deinde
533 1459 571 1522 ut
602 1445 636 1522 in
662 1444 855 1536 sententiis,
894 1445 929 1519 iu
960 1443 1085 1542 quibus
1118 1445 1252 1524 ionicae

140 1570 281 1648 dialecti
304 1567 451 1667 vestigia
482 1582 697 1658 manserunt,
731 1593 869 1644 omnem
903 1565 1068 1642 orationis
1099 1568 1252 1646 habitum

140 1697 188 1768 ad
208 1696 311 1788 hujus
345 1689 482 1767 dialecti
516 1694 661 1764 formam
692 1702 870 1780 mutarem,
896 1701 1034 1765 caetera
1056 1687 1253 1788 philosophi

140 1815 235 1892 dicta
258 1814 384 1890 intacta
408 1811 650 1908 relinquerem.
700 1813 811 1900 Quam
836 1835 909 1885 rem
938 1809 1112 1886 homiuum
1136 1811 1254 1887 crudi-

141 1953 255 2014 torum
286 1942 411 2034 plausu
439 1959 509 2008 non
539 1932 713 2031 indignam
743 1929 856 2008 visum
888 1931 929 2007 iri
958 1937 1106 2009 confido.
1156 1939 1254 2023 Quae

142 2057 235 2134 onim
258 2057 335 2132 sive
360 2062 405 2132 ab
427 2054 512 2154 ipsis
533 2053 759 2153 scriptoribus
782 2054 842 2154 qui
866 2080 909 2130 ca
934 2050 1046 2145 citant,
1070 2055 1146 2132 sive
1167 2083 1188 2135 a
1210 2058 1253 2134 li-

140 2179 266 2258 brariis
297 2178 332 2254 iu
355 2175 492 2254 atticam
518 2173 702 2251 dialectum
733 2182 792 2252 vel
816 2175 851 2252 iu
876 2202 1094 2253 communem
1117 2203 1253 2256 sermo-

140 2327 224 2376 nem
250 2325 421 2376 oourersa
441 2311 519 2374 suut
539 2303 737 2394 fragmenta,
769 2296 803 2374 iu
828 2297 870 2375 iis
891 2325 1000 2376 voces
1026 2297 1160 2376 ionicae
1185 2328 1255 2378 non

141 2421 291 2521 amplius
317 2433 527 2518 comparent
578 2425 693 2509 Quare
716 2420 746 2495 si
767 2424 831 2496 has
856 2445 998 2520 quoque
1016 2419 1256 2500 senteutiasin

142 2543 324 2644 pristinum
358 2556 483 2618 statum
514 2541 696 2618 restituere
729 2541 929 2632 voluissem,
953 2549 1060 2619 multa
1085 2547 1256 2622 vocabula

143 2692 166 2744 e
195 2681 295 2741 textu
322 2663 493 2759 ejicienda
526 2677 629 2763 atque
662 2663 697 2738 iu
725 2687 848 2738 eorum
878 2668 992 2738 locum
1021 2663 1135 2742 ionica
1159 2670 1256 2740 suffi-

142 2789 268 2864 cienda
288 2799 394 2862 erant
431 2791 472 2860 At
492 2812 598 2883 quum
619 2809 689 2860 non
707 2809 850 2882 semper
870 2785 1130 2884 suppeditarent
1147 2791 1256 2862 verba

143 2908 258 2986 ionica
282 2933 374 3007 qnae
402 2933 473 2983 non
497 2920 556 2985 aut
579 2912 657 3004 plus
680 2906 870 2982 autminus
891 2913 1047 2984 valerent
1067 2934 1171 3005 qnam
1191 2933 1256 2985 eae

144 3056 233 3128 quas
257 3028 403 3127 scriptas
426 3032 640 3105 offenderam
666 3027 788 3104 atticae
813 3027 1017 3120 locutiones,
1042 3027 1077 3105 in
1099 3033 1168 3106 hoc
1191 3057 1256 3105 ue-

143 3148 240 3250 gotio
278 3149 309 3225 si
348 3155 564 3245 conjecturas
602 3173 700 3225 meas
744 3153 1022 3225 membranarum
1065 3150 1257 3227 auctoritati

145 3283 421 3370 praeoptassem‚
454 3270 516 3348 vix
543 3269 743 3346 temeritatis
773 3283 890 3346 notam
915 3275 1068 3370 effugere
1089 3285 1256 3369 poteram.

145 3399 266 3492 ltaque
293 3391 374 3469 huic
402 3399 670 3491 fragmentorum
701 3389 821 3488 generi
848 3417 989 3468 manum
1011 3419 1081 3468 nou
1108 3392 1257 3468 admovi.

145 3513 300 3592 Iudicavi
319 3529 435 3590 tamen
459 3513 631 3591 interdum
654 3537 762 3588 voces
789 3539 880 3612 quae
905 3513 1139 3590 aDemocrito
1159 3540 1259 3589 usur-

146 3653 251 3736 patae
274 3634 484 3727 viderentur‚
517 3663 622 3734 quum
649 3660 714 3734 pro
741 3633 784 3710 iis
812 3633 901 3711 aliae
934 3648 1038 3734 atque
1068 3635 1157 3711 aliae
1189 3659 1259 3710 uon

148 3764 251 3857 plane
272 3757 367 3832 idem
383 3771 547 3834 sonantes
564 3756 900 3834 substitutae'essent
919 3751 955 3852 ³).
994 3761 1031 3831 ln
1046 3755 1260 3832 restituendo

148 3878 305 3956 lonismo
344 3878 458 3978 ipsum
498 3877 607 3976 magis
648 3877 882 3955 Democritmn
919 3885 1065 3977 ejusque
1097 3877 1262 3955 orationis

150 3998 345 4097 analogiam
376 4025 479 4098 quam
512 4008 570 4074 vel
603 4005 817 4077 Herodotum
845 4005 903 4076 vcl
933 3999 1176 4099 Hippocratem
1206 4006 1262 4076 vel

227 4274 248 4338 ³)
265 4273 303 4324 Cf.
321 4275 381 4325 adu.
398 4275 432 4326 od
453 4274 544 4338 fragm.
563 4271 620 4324 llbr.
640 4273 673 4326 dc
690 4287 770 4339 agric.
792 4271 830 4336 tt,
850 4276 873 4340 g.
890 4271 931 4325 36.
