2932 4862
339 306 424 362 Liber
441 305 491 364 lll.
530 306 600 364 Ado.
620 305 655 362 ad
673 305 751 364 Deru.
769 323 813 378 op.
830 307 926 381 tregru.
1121 311 1184 378 371

75 475 170 538 dubio
192 475 304 538 multas
327 473 454 536 arbores
485 473 656 557 multasque
678 475 796 556 plautas
816 473 943 539 Graecis
963 483 1051 540 antea
1068 479 1198 560 ignotas

73 582 199 646 viderat
255 585 302 645 De
334 582 452 664 reliquo
486 581 524 644 ci.
552 585 673 661 praeter
699 581 825 644 Salmas.
859 581 879 643 l.
904 583 925 646 l.
973 586 1117 650 Bodaeus
1146 589 1185 650 ad

74 691 274 771 Theophrast.
292 711 321 771 p.
333 691 404 752 559.
447 689 494 750 Ex
517 689 668 752 veteribus
689 689 838 752 videndus
860 689 1059 756 Dioscorides
1072 695 1119 770 Ill,
1133 698 1183 759 89·

159 800 206 860 11.
249 795 278 881 5.
299 801 350 861 21.
382 795 555 860 Columella
581 797 637 872 IX,
670 797 718 872 14,
749 799 806 860 16:
844 847 861 874 ,‚
870 800 1030 862 Caeterum
1057 809 1183 882 peracto

71 904 203 968 solstitio
224 904 378 986 usquead
407 911 506 968 ortum
530 903 685 967 caniculae
713 907 910 986 progenerari
931 927 1023 988 posse
1045 927 1118 990 apes
1132 912 1183 989 ju·

72 1031 171 1076 veneo
192 1020 331 1093 peremto
350 1011 548 1074 Democritus
572 1017 602 1074 et
622 1011 723 1092 Mago,
743 1031 800 1074 nec
821 1013 919 1078 minus
944 1015 1090 1096 Virgilius
1111 1037 1183 1098 pro·

71 1119 222 1182 dideruut.
265 1121 357 1200 Mago
378 1118 501 1202 quidem
520 1117 676 1182 ventribus
698 1119 787 1182 etiam
806 1120 930 1184 bubulis
948 1121 1027 1183 idem
1048 1124 1115 1186 lieri
1138 1126 1182 1188 al-

69 1225 194 1290 lirmat.”
238 1227 337 1290 Varro
358 1227 393 1303 ll,
415 1228 443 1304 5,
465 1229 499 1290 5:
530 1225 624 1304 „Scio
653 1246 690 1288 ex
716 1227 797 1290 bove
818 1229 989 1307 putrefacto
1008 1230 1092 1292 nasci
1113 1232 1181 1294 dul·

69 1335 208 1399 cissimas
228 1353 301 1415 apes
321 1333 419 1396 mellis
436 1340 556 1410 matres,
577 1353 596 1394 a
617 1353 678 1416 quo
701 1353 751 1396 eas
773 1334 884 1398 Graeci
906 1334 1061 1418 βουγενεῖς
1077 1340 1181 1419 appel·

69 1443 142 1505 lant
151 1441 167 1468 ”
210 1442 292 1503 ldem
311 1441 495 1518 111‚16‚l:
524 1438 630 1520 „Apes
658 1447 824 1504 nascuntur
854 1442 964 1522 partim
991 1463 1029 1506 ex
1061 1445 1178 1526 apibus,

67 1549 180 1631 partim
215 1568 254 1612 ex
281 1547 397 1611 bubulo
429 1566 561 1628 corpore
587 1548 766 1627 putrefacto.
818 1548 921 1630 ltaque
953 1549 1120 1614 Archelaus
1148 1553 1179 1614 in

67 1657 286 1737 epigrammate
313 1657 355 1718 ait
378 1675 430 1719 eas
458 1674 526 1717 esse
556 1653 629 1739 βοὸς
655 1651 807 1736 purpose
836 1655 1034 1737 πεπυτημένα
1059 1657 1178 1722 clara?

66 1767 240 1828 Varronem
261 1781 344 1825 nunc
362 1762 499 1825 mutilum
524 1780 591 1824 esse
613 1769 696 1824 recte
711 1760 849 1839 judicant
865 1761 991 1825 Ursinus
1012 1771 1042 1826 et
1064 1765 1178 1829 Gesne-

66 1893 131 1935 rus.
175 1871 259 1934 Cum·
275 1870 469 1933 Democritea
490 1867 697 1950 descriptione
723 1867 864 1949 congruit
891 1868 1057 1950 Virgilinna
1082 1873 1179 1935 Geor-

63 1980 125 2062 gic.
155 1978 207 2040 lib.
237 1977 508 2055 lmus-315,
534 1995 612 2058 quae
638 1974 783 2057 quoniam
806 1975 932 2038 brevior
958 1981 1005 2040 est
1032 1977 1177 2060 imprimis

64 2089 128 2148 lroc
147 2085 314 2148 Democriti
343 2085 511 2165 fragmento
537 2083 713 2146 illustratur.
762 2082 871 2164 Neque
893 2101 967 2146 vero
991 2104 1088 2147 rararu
1110 2105 1177 2150 esse

62 2194 204 2256 videmus
226 2193 312 2272 hujus
331 2191 375 2254 rei
397 2190 478 2271 apud
500 2195 618 2251 veteres
630 2187 822 2250 mentionem.
865 2189 967 2253 liban.
982 2192 1076 2256 Bovis
1096 2193 1175 2256 laud

65 2307 143 2364 extr.
164 2301 199 2362 Τ.
222 2302 245 2376 l,
265 2321 295 2380 p.
313 2301 370 2363 98:
392 2293 477 2366 Βοῦς
496 2297 546 2360 καὶ
570 2299 630 2367 ζῶν
650 2293 825 2376 ἀνθρώποις
845 2296 991 2378 συνεργὸς
1008 2297 1059 2360 καὶ
1082 2297 1174 2362 ἀπελ-

63 2409 132 2472 θὼν
164 2405 300 2489 ῶνησεν·
329 2403 411 2472 ὅστις
436 2401 494 2488 γὰρ
525 2401 582 2466 οὐκ
612 2398 693 2484 ἔχων
722 2399 862 2483 μελίττης
889 2403 1005 2484 σμῆνος
1031 2401 1178 2487 ἐπιθυμεῖ

64 2515 213 2596 μελιττῶν
235 2512 308 2596 βοῦν
329 2511 438 2574 κτείνει
460 2510 619 2594 ῥοπάλοις·
640 2505 749 2570 τυίιτυυ
773 2506 856 2569 δὲτὸ
879 2512 970 2591 σῶμα
985 2507 1053 2571 κίιει
1076 2511 1173 2592 μελίτ-

62 2643 133 2689 τας·
164 2619 218 2682 καί
236 2617 315 2681 ἐστιν
337 2617 357 2700 ip
377 2617 505 2700 τελευτὴ
530 2617 604 2703 βοὸς
627 2612 765 2697 μελίττης
786 2613 912 2695 γένεσις.
955 2617 1039 2681 Sext.
1059 2617 1173 2698 Empir.

62 2728 212 2810 Pyrrhou.
233 2727 346 2808 llypot
368 2727 390 2804 l,
413 2726 470 2788 41:
498 2719 545 2786 Τὰ
570 2720 599 2784 δ’
622 2719 656 2782 ἐκ
677 2721 765 2791 ζῶιυν
787 2719 982 2802 σηπομένων,
1006 2725 1049 2791 ῶς
1071 2723 1172 2808 μέλισ-

62 2857 118 2898 σαι
137 2831 258 2916 ταύρων
286 2832 338 2896 καὶ
368 2835 485 2916 σφῆκες
514 2827 624 2891 ίππιυν.
667 2827 842 2908 Simplicius
873 2827 913 2890 ad
933 2827 1059 2894 Aristol.
1087 2831 1174 2896 lib.l

61 2943 195 3026 φυσικῆς
218 2939 399 3023 ἀκροάσεως
422 2959 452 3019 p.
474 2938 564 3001 bii:
597 2934 625 2998 el
654 2937 770 3018 σφῆκες
797 2934 828 3005 ἐξ
848 2933 960 3013 ἵππου,
986 2935 1006 3020 ῆ
1031 2935 1174 3021 μέλισσαι

61 3047 97 3112 ἐκ
119 3044 255 3130 ταίιμυυ·
288 3044 375 3108 innoc
403 3043 461 3128 γὰρ
492 3043 618 3127 σφηκῶν
646 3040 783 3123 γένεσις,
806 3046 915 3125 ταῦροι
943 3043 979 3107 δὲ
1006 3045 1170 3128 μελισσῶν.

60 3157 109 3218 Gi.
141 3153 373 3234 schoettgenius
402 3153 442 3215 ad
463 3152 551 3213 Varr.
570 3151 606 3228 ll,
629 3151 658 3227 5,
682 3150 710 3226 5,
744 3146 889 3212 Albertus
923 3152 962 3214 ad
986 3153 1116 3234 llesycla
1143 3173 1171 3218 v.

58 3257 244 3341 Βουγενέων
266 3267 297 3323 et
317 3261 385 3320 Van
408 3261 519 3322 Goeus.
541 3257 580 3319 ad
599 3256 748 3337 Porphyr.
762 3254 849 3320 Autr.
863 3258 997 3341 Nymph.
1008 3281 1038 3341 p.
1054 3263 1173 3324 104.-

57 3369 86 3454 5.
115 3369 167 3431 23.
209 3366 397 3448 Reliquirnus
425 3367 474 3428 lric
503 3367 631 3428 sormam
660 3360 764 3438 ὀστέα,
794 3384 870 3445 quae
898 3367 929 3428 in
957 3368 1047 3430 codd
1067 3373 1173 3443 exstat,

57 3497 98 3538 ue
118 3477 179 3538 lroc
198 3475 317 3538 ionicae
339 3473 460 3535 dialecti
487 3480 517 3536 et
538 3471 750 3535 Democriteae
772 3472 917 3535 orationis
938 3473 1097 3554 vestigium
1120 3475 1172 3536 de-

57 3583 185 3658 leretur,
208 3581 264 3668 etsi
284 3577 312 3662 5.
335 3581 376 3643 29
397 3579 508 3660 legitur
529 3577 615 3642 ὀστᾶ.
633 3611 675 3624 -
717 3576 746 3662 5.
769 3581 819 3642 27.
863 3581 966 3642 Verba
984 3579 1068 3664 τρίτη
1085 3579 1171 3664 ἑβδο-

58 3689 138 3770 μσὶδι
159 3687 239 3750 idem
264 3685 365 3749 valent
393 3686 479 3768 quod
510 3687 549 3768 τῆ
571 3684 698 3767 εἰκοστῇ
719 3685 826 3768 πρώτη
849 3683 962 3769 ῆμέμφ.
999 3685 1046 3748 01.
1065 3686 1171 3766 Steph.

57 3797 152 3856 Thes.
197 3794 249 3856 Sic
265 3799 295 3856 et
315 3794 416 3856 Varro
447 3792 528 3872 apud
549 3791 627 3854 Gell.
648 3793 697 3868 lll,
720 3793 767 3854 10.
808 3793 962 3873 „Septima
979 3802 1079 3857 autem
1108 3793 1171 3854 lere

57 3899 261 3976 hebdomade,
288 3899 320 3960 id
348 3905 394 3961 est
421 3917 504 3961 nono
532 3905 563 3960 et
588 3899 818 3981 quadragesimo
845 3899 904 3974 die,
933 3905 1013 3962 totus
1030 3900 1123 3961 lrouro
1142 3899 1173 3962 in

57 4016 150 4070 utero
180 4004 375 4070 absolvitur.''
420 4005 591 4085 Legebatur
620 4004 729 4068 vitiose
752 4003 960 4089 ἑμψυχῶσίλαι
992 4007 1075 4088 quod
1099 4006 1173 4067 Din-

56 4114 176 4176 dortius
205 4113 236 4176 in
262 4114 367 4195 Steplr.
389 4114 535 4176 Thesaur.
558 4130 582 4174 s.
604 4131 631 4174 v.
655 4111 806 4196 ἑμψυχόιυ
826 4111 940 4193 corrigi
960 4113 1025 4176 vult
1045 4113 1076 4176 in
1099 4111 1172 4196 ἐψυ-

54 4219 199 4304 χῶσῦαις
229 4239 292 4284 nou
319 4219 406 4282 male.
455 4218 517 4283 Sed
543 4225 676 4300 praestat
707 4218 841 4282 scribere
874 4226 926 4282 aut
954 4217 1173 4304 ἑνεψυχῶσίίαι

886 4330 925 4390 ‘ll
947 4327 968 4370 ⁴*
