2932 4862
101 1533 582 1661 QUAES'PlONUM
629 1542 1212 1654 DEMOCRITEARUM

502 1771 525 1834 L
550 1773 564 1834 l
585 1773 611 1834 Β
633 1773 659 1836 Ε
682 1775 709 1838 R
753 1775 813 1844 lV.

386 1952 441 2021 DE
468 1951 699 2025 DEMOCRlTl
724 1955 923 2027 PLACl'llS.

553 2131 754 2144 “ut—un—

481 2249 827 2304 PROOEMIUM.

101 2413 235 2588 anin
256 2475 474 2555 Xenophanes,
499 2473 693 2536 Parmenides
722 2477 894 2560 caeterique
917 2477 1069 2539 Eleaticae
1100 2478 1213 2540 doetri-

100 2603 155 2644 uae
181 2591 322 2645 auctores
350 2585 388 2646 de
419 2603 520 2646 rerum
550 2581 755 2660 multitudiue,
793 2586 1002 2663 generatione,
1033 2585 1155 2647 interitu
1184 2592 1215 2647 et

101 2699 184 2754 motu
207 2699 348 2754 accurate
368 2692 551 2771 disputando
567 2689 640 2750 nihil
660 2709 726 2752 esse
738 2691 801 2753 veri
821 2693 851 2754 iu
867 2693 969 2766 rebus,
982 2713 1057 2774 quas
1071 2713 1214 2754 sensuum

101 2820 159 2880 ope
182 2798 375 2880 percipimus
402 2799 562 2862 ostendere
585 2797 779 2874 studuissent,
808 2800 945 2882 plerique
967 2807 1212 2880 argumentorum

101 2909 235 2989 pondere
263 2907 474 2989 rationumque
504 2905 671 2969 constantia
700 2907 770 2968 victi
801 2907 929 2990 obloqui
958 2907 995 2970 iis
1025 2926 1213 2988 nequaqnam

100 3017 256 3078 audebant.
301 3015 364 3077 Sed
387 3015 464 3076 inter
484 3014 693 3095 philosophos
706 3014 757 3095 qui
778 3035 828 3077 res
849 3015 906 3078 sub
928 3023 1083 3095 aspectum
1105 3014 1213 3077 cadeu-

103 3133 145 3186 tes
169 3143 256 3185 veras
280 3141 349 3186 esse
372 3128 547 3200 statuerent,
570 3129 738 3184 atomorum
766 3121 906 3184 inventor
927 3121 1091 3203 praecipue
1118 3121 1214 3183 uomi-

100 3233 216 3293 nandus
244 3237 299 3292 est.
348 3229 427 3292 Eum
458 3251 526 3294 esse
554 3232 742 3311 Leucippum
765 3229 963 3309 plurimorum
987 3230 1213 3311 eorundemque

98 3339 342 3420 gravissimorum
378 3337 563 3417 scriptorum
593 3338 757 3401 auctoritas
791 3336 894 3400 vincit.
931 3339 1042 3416 ¹Cujus
1071 3338 1212 3418 dogmata

99 3447 255 3530 quomodo
277 3465 315 3506 ex
335 3443 506 3507 Eleatarum
536 3447 619 3509 scitis
640 3463 789 3525 suspensa
805 3451 907 3506 essent
927 3451 1010 3506 reete
1030 3453 1213 3508 monuerunt

99 3555 273 3636 Simplicius
301 3551 340 3614 ad
370 3551 497 3616 aristot.
522 3555 612 3635 Phys.
641 3552 732 3614 loli
764 3553 870 3632 etqui
895 3551 1028 3614 omnium
1049 3552 1142 3614 instar
1163 3553 1215 3613 lra-

101 3664 218 3725 bcndus
240 3669 287 3724 est
306 3659 371 3741 ipse
399 3659 581 3724 Aristoteles
608 3662 647 3724 de
675 3667 807 3740 generat
838 3666 869 3721 et
896 3658 1018 3720 interitu
1040 3659 1061 3735 1,
1083 3661 1112 3721 8.
1156 3659 1215 3720 Ex-

100 3767 208 3849 positis
234 3769 312 3829 enim
333 3769 505 3832 Eleatarum
526 3768 660 3848 placitis:
689 3767 864 3848 Leucippus
877 3765 916 3846 ¹),
947 3765 1051 3847 inquit,
1082 3767 1215 3829 rationes

176 3968 197 4026 ¹)
220 3961 365 4022 delatam:
385 3962 413 4015 dl
439 3961 508 4036 ἔχειν
529 3961 605 4036 ᾠήθη
627 3963 728 4034 λόγους.
750 3961 840 4022 clance
864 3959 928 4036 πρὸς
947 3961 994 4034 τὴν
1014 3957 1132 4032 αἴσθησιν
1154 3960 1215 4032 ὁμο·

103 4043 249 4114 λογοΰμινα
268 4043 385 4115 λέγοντες
415 4044 464 4097 οὐκ
492 4042 672 4115 dnatptpcoucaa
699 4039 758 4096 odra
778 4043 875 4112 γένεσιν
896 4039 955 4096 odra
973 4039 1084 4114 φθοράν,
1103 4040 1163 4097 odra
1179 4044 1216 4098 al·

102 4141 176 4192 νησιν
197 4125 242 4176 καὶ
261 4123 291 4176 τὸ
311 4123 412 4196 πλῆθος
433 4131 486 4177 τῶν
508 4121 601 4176 ὄντων.
636 4121 818 4194 ιΟμολογήσοις
845 4123 872 4176 dl
891 4128 972 4176 ταῦτα
993 4124 1040 4194 μὶν
1058 4127 1112 4182 τοῖς
1129 4143 1217 4196 φαινο-

104 4205 202 4273 μένοις,
225 4209 280 4264 τοϊς
308 4203 336 4258 δὲ
361 4204 391 4256 τὸ
420 4205 447 4257 ἓν
473 4203 720 4269 κατασκευάζουσιν,
745 4204 782 4262 ὡς
805 4201 864 4256 οὔτε
884 4203 915 4256 ἂν
935 4205 1035 4273 κίνησιν
1057 4203 1138 4258 οὖσαν
1156 4207 1217 4260 ἄνευ

103 4289 193 4352 κενοῦ,
209 4283 239 4338 ad
259 4303 287 4338 re
305 4283 381 4340 aenda
401 4285 437 4358 μὴ
457 4283 497 4352 ὄν,
515 4287 560 4340 καὶ
577 4291 624 4340 τοῦ
646 4281 814 4344 darnestallo
836 4286 872 4358 μὴ
894 4281 923 4338 ὄν
944 4302 1021 4356 φησιν
1040 4285 1113 4340 eluar.
