2984 4876
361 317 446 374 Liber
458 317 506 377 lll.
543 317 692 374 llcnocriti
712 333 823 391 οριται
841 320 1003 392 lngmems.
1175 323 1240 390 ηδ

122 489 261 551 τοιοῦτον
283 488 335 551 καὶ
356 483 493 572 μετέχειν
515 487 570 549 τοῦ
593 487 747 570 λαμπροῦ.
776 481 819 548 Τὸ
847 483 881 547 δὲ
901 490 1032 550 κυανοῦν
1055 489 1086 560 ἐξ
1108 491 1240 565 ἰσάτιδος

123 596 176 660 καὶ
193 597 367 680 πυρώδους,
391 593 557 679 σχημάτων
587 593 622 658 δὲ
645 597 820 677 περιφερῶν
846 593 897 655 καὶ
918 595 1132 678 βελονοειδῶν,
1154 599 1240 674 ὅπως

124 706 160 769 τὸ
185 704 306 792 στιλβὸν
331 707 377 790 τῷ
399 702 507 787 μέλανι
530 701 596 786 ἐνῇ.
640 701 868 782 Theophrastus
890 701 961 764 ibid.
984 707 1035 768 77.

210 813 261 876 39.
305 807 348 874 Th
371 810 405 874 δὲ
432 807 573 894 καράϊνον
604 805 638 871 ἐκ
664 809 791 892 χλωροῦ
816 809 867 871 καλ
892 811 1106 880 κοανοειδοός·
1126 813 1179 879 ἐὰν
1202 817 1238 880 δὲ

124 919 250 1005 χλιαρὸν
269 916 363 981 πλέον
386 914 497 1003 μιχθῇ,
529 915 709 1002 φλογοειδὲς
737 913 907 998 γίγνεσθαι·
936 917 970 979 τὸ
994 916 1052 1001 γάρ
1074 921 1236 986 κατάσκιον

126 1027 180 1090 καὶ
194 1023 395 1110 μελανόχριον
411 1021 610 1108 ἐξείργασθον.
639 1021 757 1108 Σχεδὸν
774 1022 872 1086 δὲκαὶ
885 1022 919 1087 τὸ
935 1021 1065 1110 ἐρυθρὸν
1083 1029 1239 1115 τῷλευκῷ

127 1122 237 1218 μιχθὲν
259 1134 382 1220 χλωρὸν
394 1135 493 1197 ποιεῖν
516 1129 626 1215 εὐαγές
638 1131 688 1195 καὶ
705 1129 741 1193 οὐ
767 1129 879 1215 μέλαν·
900 1130 946 1194 διὸ
971 1131 1077 1196 καὶτὰ
1097 1131 1239 1218 φυόμενα

126 1240 238 1326 χλωρὰ
256 1241 291 1304 τὸ
312 1243 434 1324 πρῶτον
462 1238 540 1304 εἶναι
561 1239 620 1325 πρὸ
651 1242 705 1302 τοῦ
733 1236 945 1322 θερμανῦᾖναι
969 1241 1022 1303 καὶ
1052 1241 1238 1326 διαχεῖσθαι.

125 1345 188 1412 Καὶ
200 1347 313 1432 πλήθει
329 1347 383 1431 μὲν
400 1352 546 1411 τοσοῦτον
563 1345 763 1432 ἐπιμεμίχέλαι
776 1345 960 1431 χρωμάτων,
980 1344 1091 1434 άπτιρα
1105 1351 1140 1414 δὲ
1162 1350 1241 1416 εἶναι

125 1453 164 1518 τὰ
172 1457 322 1540 χρώματα
330 1455 381 1520 καὶ
387 1453 582 1542 τοὺςχιιλοὺς
595 1452 672 1517 κατὰ
686 1451 739 1520 τὰς
753 1452 856 1535 μίξεις,
867 1451 919 1515 ἐάν
933 1475 976 1522 τις
986 1453 1024 1518 τὰ
1040 1455 1094 1539 μὲν
1109 1457 1240 1544 ἀφαιρῇ,

125 1565 165 1630 τὰ
188 1563 223 1626 δέ
246 1563 410 1649 προστιθῇ,
437 1563 488 1626 καλ
517 1567 578 1626 τῶν
607 1561 661 1646 μὲν
687 1557 811 1622 ἔλαττον
846 1560 948 1644 ulem,
977 1567 1037 1624 τῶν
1068 1565 1102 1627 δὲ
1128 1565 1239 1630 πλέον·

123 1669 297 1756 οὐδὲνγὰρ
318 1670 425 1756 ὅμοιον
448 1667 576 1734 ἔσεσθαι
595 1667 723 1753 θάτερον
748 1665 879 1753 θατέρῳ.
930 1671 1083 1753 Thcophr.
1101 1673 1171 1737 ibic
1186 1675 1237 1739 78.

597 1797 659 1874 Περὶ
677 1799 768 1872 ὀσμῆς.

212 1897 263 1959 40.
306 1891 383 1977 Περὶ
410 1893 446 1956 δὲ
477 1891 575 1976 ὀσμῆς
605 1892 828 1978 προσαρορίζει
862 1889 992 1978 [σχεδὸν
1029 1893 1146 1978 ὁμοίως
1175 1899 1241 1966 τοῖς

122 2001 294 2072 πλείστοις·
315 1999 480 2085 οὐδὲνγὰρ
509 1997 621 2088 illoc}
648 1997 752 2086 εἴρηκέ
780 2021 826 2093 χε,
846 2000 925 2082 πλὴν
956 2004 1113 2080 τοσοῦτον,
1141 2002 1187 2067 ὅτι
1203 2003 1238 2069 τὸ

125 2111 238 2174 λεπτὸν
260 2107 411 2194 ἀπορρέον
440 2107 501 2172 άπὸ
528 2114 587 2172 τῶν
619 2107 748 2194 παχέων
775 2107 932 2190 ποιεῖτὴν
955 2106 1070 2193 ὀδμήν·
1091 2113 1180 2174 ποῖον
1204 2111 1239 2174 δέ

124 2241 156 2281 τι
177 2217 230 2301 τὴν
260 2218 348 2302 φύσιν
379 2216 412 2280 ὂν
445 2215 504 2280 ὑπὸ
530 2215 609 2285 τίνος
634 2216 758 2299 πάσχει,
789 2212 891 2279 οὐκέτι
921 2215 1130 2301 προσέθηκεν·
1162 2216 1238 2303 ὅπερ
1324 2203 1330 2212 “

125 2323 203 2394 ἴσως
224 2322 261 2410 ἦν
283 2325 479 2410 κυριώτατον.
524 2323 751 2405 Theophrastus
773 2323 844 2386 ibid.
866 2325 916 2388 82.

126 2558 257 2639 sulphur
285 2557 363 2621 enim
388 2559 456 2621 talis
478 2557 592 2621 coloris
620 2561 651 2619 ct
679 2554 798 2620 cmdicli
825 2555 978 2636 particeps
1007 2575 1082 2620 esse.
1126 2555 1240 2621 cleru-

125 2667 210 2729 lcum
232 2677 330 2728 οιιιοιιι
357 2685 374 2729 e
401 2665 490 2746 glasti
518 2670 549 2728 et
576 2665 654 2746 iguis
682 2663 804 2739 colore,
832 2663 937 2743 liguris
965 2662 1102 2726 rotundis
1119 2669 1150 2726 ct
1171 2665 1240 2728 acui

125 2773 273 2838 similibus
297 2773 402 2836 eedem
421 2775 537 2838 ratione
560 2793 619 2856 qus
641 2773 715 2852 (list,
737 2773 784 2849 ιιι)
813 2770 949 2834 lucidum
968 2770 1056 2850 nigro
1075 2771 1152 2834 insit.

213 2883 263 2946 39.
302 2880 441 2943 Nucrhus
463 2880 590 2942 similem
619 2880 754 2942 colorem
787 2899 804 2941 e
830 2877 920 2940 viridi
946 2883 976 2940 et
1004 2878 1160 2953 cacruleo;
1192 2879 1239 2942 sin

124 2997 227 3053 sutem
246 2987 315 3070 plus
336 2987 441 3050 viridis
461 2989 671 3064 admisceatur,
694 2988 864 3049 flammeum
883 2986 976 3061 nosci,
998 3006 1090 3068 quum
1110 3005 1238 3066 opacum

126 3105 159 3160 et
178 3096 297 3178 nigrum
322 3101 523 3158 removeatur.
571 3093 709 3156 Rubrum
738 3115 811 3158 vero
838 3115 906 3158 cum
934 3094 1005 3158 elbo
1025 3094 1150 3157 mixtum
1174 3094 1239 3156 lere

124 3204 223 3267 viride
238 3202 359 3266 efficere
375 3221 485 3284 purum
498 3221 555 3264 nec
568 3202 699 3282 nigrum
720 3201 819 3286 itaque
840 3203 958 3264 fructus
977 3201 1108 3282 primum
1126 3201 1239 3264 virides

125 3331 203 3387 esse,
213 3318 371 3393 antequam
388 3309 527 3373 calefiunt
542 3319 572 3372 ct
586 3315 796 3372 maturescant.
817 3310 944 3372 Tantam
959 3308 1080 3390 quidem
1096 3307 1238 3372 colorum

125 3419 248 3498 copiam
263 3417 451 3480 commisceri
467 3425 555 3500 etque
571 3411 805 3480 innumerabiles
827 3435 896 3480 esse
918 3416 1039 3479 colores
1062 3423 1092 3477 et
1109 3433 1237 3496 sapores

124 3545 184 3606 pro
207 3525 289 3588 veris
311 3525 464 3602 mixtione,
483 3525 595 3608 siquis
617 3525 829 3601 heeccdimet,
850 3525 903 3586 ills
923 3530 1065 3604 apponet,
1078 3528 1108 3585 ct
1130 3523 1238 3585 horum

123 3632 225 3695 minus
239 3633 410 3711 admisceat,
434 3633 555 3696 illorum
574 3633 657 3716 plus:
679 3633 795 3696 nullum
817 3633 897 3695 enim
918 3629 1005 3692 alteri
1020 3629 1147 3693 similem
1161 3631 1236 3693 lore.

196 3737 200 3746 ¹
605 3761 644 3812 De
663 3760 754 3811 odore.

211 3851 262 3912 to.
304 3851 352 3912 lle
370 3849 467 3912 odore
486 3857 642 3930 praeterea
661 3851 764 3914 statuit
782 3851 861 3930 (lere
878 3845 1016 3912 similiter
1033 3865 1069 3908 ec
1084 3845 1238 3927 plerique;

122 3955 199 4018 nihil
212 3957 290 4018 enim
300 3957 483 4037 peculiare);
494 3957 707 4038 pronuntiavit,
715 3957 772 4018 nisi
785 3957 854 4033 hoc,
864 3955 944 4017 ellici
956 3955 1082 4017 odorem
1098 3951 1237 4015 tenuiore

122 4063 250 4126 materie
261 4065 486 4128 cerassioribus
498 4067 647 4141 cllluente,
660 4064 713 4126 sed
726 4063 815 4145 qualo
828 4069 934 4144 suapte
946 4067 1052 4124 natura
1063 4059 1102 4123 sit
1110 4065 1167 4122 cte
1177 4078 1238 4140 quo

120 4170 616 4254 efficiaturmonempliuscddidit:
631 4171 661 4233 id
669 4171 753 4252 quod
762 4172 891 4234 tortasse
899 4169 1006 4234 summi
1015 4175 1078 4232 eret
1084 4167 1239 4232 momenti.

579 4321 779 4331 ———-

947 4341 985 4401 15
