2956 4860
252 349 296 414 ᾗ
588 347 786 412 Quaestionum
806 346 1041 403 Democriteumm

254 521 332 582 inter
351 538 384 582 se
400 517 565 600 permutari
586 519 732 598 potuisse.
770 517 873 598 ltaque
887 533 980 596 quum
998 513 1147 578 Eusebius
1168 513 1279 576 vitioso
1300 513 1370 576 libri

255 623 335 686 illius
384 644 421 686 ex
464 647 525 709 quo
566 626 768 692 testinnonium
803 624 841 686 de
872 620 1041 684 Democriti
1070 629 1168 684 morte
1200 623 1370 703 depromsit

255 733 406 814 scripturo
425 733 457 796 iu
481 736 617 798 incudem
635 735 785 816 impulsus
816 731 864 808 sit,
894 728 979 792 nullo
1005 736 1097 809 poeto
1118 729 1208 792 nobis
1228 730 1369 792 adversu-

178 897 189 918 ,
255 846 305 903 tur
336 847 366 903 et
388 841 611 923 Scaligersuem
637 837 799 906 lectionem
824 840 855 900 in
884 836 1038 901 Chronico
1067 837 1204 900 Poscholi
1231 837 1280 900 vel
1308 838 1369 901 hoe

255 955 356 1011 errato
384 949 545 1030 genuinam
571 971 639 1014 esse
666 950 801 1013 affirmet.
849 945 1022 1008 Eorundem
1043 945 1199 1026 signorum
1218 952 1370 1026 permute-

255 1055 338 1119 tioue
364 1058 477 1123 iccium
502 1058 649 1137 dicerem,
674 1065 709 1121 ut
738 1055 895 1119 Diodorus
923 1055 1133 1118 Democritum
1155 1073 1218 1115 non
1238 1060 1370 1130 eentum,

256 1165 311 1228 sed
331 1167 492 1248 nonaginta
514 1187 662 1232 annorum
680 1167 743 1229 luto
766 1163 954 1226 concessisse
976 1163 1123 1238 truderet,
1141 1161 1168 1224 si
1189 1166 1274 1224 certo
1297 1181 1371 1224 cou-

257 1279 358 1349 sieret,
391 1273 463 1339 nos
489 1278 543 1337 τοῦ
571 1295 671 1357 coppo
694 1276 807 1337 formes
835 1278 904 1334 ente
923 1270 1083 1334 Claudium
1104 1271 1372 1350 Imperatoreme

258 1398 320 1460 quo
333 1399 384 1444 eus
397 1381 532 1445 inventas
545 1401 612 1445 esse
625 1383 761 1464 plerique
773 1379 1020 1457 existimentjum
1031 1376 1156 1440 Graecis
1168 1383 1256 1439 notos
1268 1377 1371 1442 luisse.

258 1487 374 1549 Verum
396 1487 423 1551 si
446 1490 524 1551 lorte
538 1491 673 1553 nondum
688 1497 778 1552 notoe
798 1493 891 1564 erent.
907 1487 987 1548 hund
1005 1485 1156 1566 gravabor
1167 1487 1296 1550 duorum
1308 1509 1371 1552 non

257 1591 356 1656 minus
377 1595 519 1659 sindlium
543 1597 760 1660 elementorum
779 1595 1009 1678 permixtionem
1027 1596 1136 1656 loetum
1149 1613 1217 1658 esse
1228 1602 1370 1660 statuere.

259 1699 377 1762 Etenim
398 1703 558 1786 scimus⁷),
577 1713 680 1768 notem
697 1705 912 1767 arithmeticum
932 1722 993 1785 quo
1011 1702 1148 1766 seuerius
1163 1722 1309 1767 numerus
1325 1705 1371 1768 in-

259 1812 307 1870 ter
330 1809 514 1874 minusculus
535 1811 650 1876 litteras
673 1812 846 1893 designetur
865 1808 931 1892 (ς’),
949 1829 1012 1872 uon
1036 1829 1105 1873 roro
1127 1829 1145 1871 e
1165 1811 1291 1873 Graecis
1312 1831 1372 1894 pro

259 1919 464 1997 nonagenario
492 1939 619 1982 numero
646 1927 821 2002 usurpatum
840 1919 941 1982 luisse.
984 1919 1143 1982 Maximum
1162 1925 1263 1981 nutem
1283 1919 1373 2000 liujus

260 2022 338 2104 sigui
357 2026 405 2105 (τ)
428 2047 496 2089 cum
518 2051 534 2112 p
554 2029 779 2093 similitudinem
801 2047 868 2092 esse
889 2033 982 2110 potet,
1008 2027 1034 2090 si
1054 2026 1165 2090 lineola
1186 2027 1373 2090 arithmetice

259 2151 322 2193 non
346 2152 477 2214 superne
498 2138 538 2199 ud
563 2139 698 2200 dextrum
723 2137 891 2200 ascribatur
911 2136 965 2221 (ρ’)
994 2136 1045 2218 qui
1071 2155 1133 2198 non
1158 2141 1203 2198 est
1224 2136 1373 2218 antiquio-

260 2259 327 2302 rum
345 2261 427 2320 usus,
449 2245 503 2306 sed
523 2253 747 2327 superponatur
768 2239 835 2330 (p).
878 2247 945 2307 lloo
966 2245 1055 2325 igitur
1075 2243 1194 2323 signum
1214 2237 1274 2326 (p)
1300 2265 1373 2326 pro

260 2347 340 2410 xime
357 2350 475 2414 accedit
493 2353 533 2415 ed
554 2376 572 2424 ς
593 2355 679 2434 cujus
704 2352 775 2416 loeo
797 2358 914 2417 veteres
942 2353 964 2437 tq
990 2369 1112 2434 quoque
1141 2356 1171 2412 et
1199 2349 1264 2449 ς’)
1298 2353 1374 2416 sori-

260 2462 380 2527 bebeni.
421 2467 540 2550 Quodsi
558 2473 628 2530 onte
650 2467 811 2532 Claridium
840 2485 902 2529 nou
929 2485 983 2528 ese
1004 2467 1059 2527 τοῦ
1082 2483 1182 2545 coppe
1196 2462 1228 2545 ς)
1255 2465 1373 2528 iormue

261 2591 336 2653 ques
360 2573 463 2654 priore
484 2575 555 2638 loco
575 2575 676 2657 posui,
701 2582 736 2639 ut
756 2575 849 2657 vulgo
870 2579 985 2656 putent,
1012 2571 1244 2653 usurpebeutur,
1272 2579 1375 2636 temen

262 2698 327 2758 eus,
361 2681 399 2744 de
435 2685 545 2766 quibus
578 2685 671 2746 modo
706 2685 829 2748 locutus
854 2703 937 2760 sum,
969 2681 1115 2764 imprimis
1145 2671 1219 2748 {et
1243 2675 1289 2766 ἦ,
1309 2687 1375 2744 ten-
1475 2690 1476 2693 ’

260 2793 323 2849 tum
345 2789 547 2855 similitudinis
568 2813 637 2856 cum
654 2783 677 2876 p
693 2792 823 2868 hebere,
846 2795 879 2853 ut
901 2789 1046 2853 conlundi
1065 2788 1238 2869 potuerint,
1266 2807 1375 2852 omues
1475 2861 1476 2868 q

261 2898 437 2959 concedent.
483 2899 576 2982 Quod
604 2899 752 2982 reliquum
779 2905 825 2962 est
860 2899 1011 2960 neminem
1039 2897 1132 2960 credo
1161 2897 1295 2959 futurum
1320 2897 1374 2978 qui

261 3001 349 3080 dicet,
370 3012 532 3084 propterea
560 3005 643 3086 quod
668 3027 687 3074 ς
715 3007 836 3069 nonsit
865 3007 923 3069 nisi
948 3007 1027 3069 iuter
1052 3004 1236 3067 minusculus
1257 3005 1374 3068 litteras
1475 3051 1476 3102 q

259 3117 446 3191 usurpatum,
466 3111 536 3174 ideo
559 3114 636 3175 liene
660 3115 715 3174 roi
739 3134 839 3194 coppe
867 3115 994 3176 formum
1015 3113 1136 3176 silentio
1160 3111 1375 3174 transeundem

332 3331 354 3395 'l
376 3333 489 3385 Consule
505 3328 647 3404 ‘Hpoedtom
687 3334 746 3404 περὶ
765 3338 818 3386 τῶν
840 3333 958 3406 ἀριθμῶν
983 3339 1010 3388 in
1026 3337 1055 3388 ll.
1076 3337 1166 3400 steph.
1184 3334 1261 3386 Thes.
1279 3335 1306 3385 L.
1329 3335 1374 3386 Gr.

260 3412 380 3476 Appond.
409 3429 433 3478 p.
452 3412 504 3465 205
519 3429 595 3479 seqq.
618 3416 749 3482 Scopulue
773 3417 876 3469 lexicon
899 3419 949 3470 col.
970 3414 1027 3469 tos.
1053 3417 1193 3468 Cretundri
1218 3418 1280 3468 Lex.
1301 3417 1316 3466 l.
1334 3429 1375 3480 gr.
1474 3481 1475 3488 ἵ

260 3494 310 3547 eoi.
331 3489 380 3544 tsi
391 3508 467 3560 seqq.
496 3496 554 3546 Nos
576 3496 668 3546 timec.
690 3509 711 3546 s.
733 3508 793 3548 voe.
816 3501 844 3548 et
861 3512 933 3550 num
953 3498 1112 3564 compendio
1129 3499 1187 3549 cuii.
1207 3510 1260 3549 rec.
1279 3497 1376 3562 explic.
1474 3501 1475 3512 ¹

259 3573 301 3626 ed.
321 3575 448 3626 consinus
469 3575 591 3638 (Florent.
610 3574 686 3641 1702)
710 3578 810 3642 Proleg.
831 3591 891 3643 pag.
909 3581 964 3631 xix
981 3593 1056 3646 seqq.
1474 3561 1475 3578 ¹

328 3685 351 3748 ⁸)
371 3685 507 3738 Posterior
524 3687 580 3752 jem
602 3685 749 3750 depromta
768 3687 811 3737 cst
826 3685 919 3738 icrms.
955 3689 1012 3752 Non
1030 3690 1101 3742 enim
1122 3701 1138 3740 s
1158 3689 1245 3740 littere
1263 3673 1301 3765 i„
1320 3695 1376 3748 que

258 3787 403 3841 orientales
418 3795 511 3856 gentes
531 3795 642 3844 utuntur
660 3790 790 3855 originem
806 3793 887 3844 trehit
899 3793 951 3845 hoc
971 3791 1109 3863 ἐπίσημον,
1122 3794 1172 3848 sed
1191 3795 1310 3848 alitters
1326 3775 1375 3877 'Pr

237 3894 330 3946 ,quus
348 3883 378 3931 ut
396 3885 485 3947 optior
508 3885 586 3936 fieret
605 3885 770 3938 Graecorum
791 3885 942 3950 elphuheto‘,
960 3885 1152 3950 inveniebatur,
1171 3889 1208 3939 itu
1229 3891 1257 3938 ut
1278 3894 1377 3952 prims·

258 3975 303 4025 tus
322 3973 392 4026 huno
410 3974 524 4028 ior-mum
544 3977 668 4030 hebuerit
697 3959 732 4060 q
772 3978 868 4031 Postea
896 3981 1003 4032 trunsiit
1019 3983 1045 4034 in
1067 3965 1132 4051 liet
1147 3967 1177 4060 l„
1197 3981 1314 4049 donique
1341 4001 1377 4039 er

258 4052 345 4106 lorino
364 4059 580 4121 perpendiculari
602 4063 705 4115 morteto
728 4062 782 4112 situ
802 4063 861 4112 erte
880 4063 922 4113 est
941 4061 1037 4114 libratu
1063 4065 1122 4128 eJ'us
1140 4063 1224 4130 figure
1242 4069 1286 4133 (ς),
1304 4085 1378 4137 quae

257 4135 356 4186 mirum
374 4137 401 4188 in
418 4140 529 4192 modum
544 4143 662 4196 concinit
679 4158 742 4196 cnm
762 4143 859 4195 senarii
876 4143 982 4194 numeri
1001 4144 1086 4209 signo.

330 4227 352 4291 ¹)
374 4231 464 4294 ipsum
490 4233 582 4298 cuppa
608 4237 821 4302 antiquissimum
845 4247 906 4285 esso
929 4233 1043 4286 litterum
1068 4238 1162 4288 notum
1181 4240 1229 4300 esi,
1258 4253 1329 4305 quoe
1349 4247 1379 4294 et

257 4311 332 4374 equis
348 4311 511 4364 inurebatur.
545 4315 613 4368 Vide
634 4316 764 4380 Aristoph.
783 4313 848 4366 Nnb.
869 4311 904 4366 23
922 4318 950 4366 ei
968 4315 1005 4367 ibt
1027 4315 1110 4368 schol.
