2956 4860
398 303 484 360 Liber
500 303 522 366 l.
562 302 605 359 Dr
619 302 770 360 Democriti
790 304 856 360 rite.
1143 307 1184 372 47

90 471 131 538 Gi.
148 474 206 536 Cic.
227 473 313 538 'lose
325 473 364 552 V,
386 470 509 554 36.⁴⁴).
548 470 662 536 Similis
682 479 728 536 est
749 471 864 536 Valerii
884 473 1006 536 Maximi
1024 473 1113 538 locus
1133 475 1186 556 qui

90 579 135 642 lib.
157 582 221 644 VIII
246 603 310 663 cap.
332 585 350 646 7
380 582 507 663 exempl.
536 589 594 646 ext.
615 582 652 644 l:
676 580 822 658 „Athenis
850 587 949 642 autem
971 581 1185 661 coruplnribus,

90 687 183 771 inquit
201 689 284 754 annis
304 697 439 754 moratus
460 690 562 753 omnia
592 697 763 771 temporum
784 695 937 752 momenta
959 690 997 751 ad
1017 690 1187 772 percipien-

89 795 148 858 dam
168 804 196 859 et
217 797 413 862 exercendam
436 797 601 861 doctrinam
623 799 783 861 conferens
811 797 931 880 ignotus
952 797 997 860 illi
1017 798 1085 860 urbi
1104 799 1185 876 vixit,

90 905 161 984 qnod
181 906 243 986 ipse
264 907 295 968 in
313 906 443 988 quodam
463 905 617 970 volumine
637 902 790 970 restatur?

160 1015 225 1078 Jam
254 1014 326 1097 quid
353 1015 391 1076 de
412 1013 600 1094 singulorum
620 1013 799 1077 testimoniis
822 1019 852 1076 et
872 1013 1066 1094 opinionibus
1085 1015 1186 1076 dieen-

89 1121 150 1184 dum
177 1123 228 1200 sit,
255 1123 419 1186 videamus.
465 1126 568 1205 Qurrm
594 1121 819 1203 anitiquissimus
849 1128 888 1199 ct,
916 1121 998 1203 quod
1019 1123 1186 1184 Democriti

89 1229 143 1290 iere
166 1231 294 1313 aequalis
321 1231 394 1306 luit,
415 1231 610 1310 gravissimus
636 1237 744 1292 auctor
771 1229 965 1292 Antisthenes
991 1229 1023 1292 in
1051 1230 1186 1312 philoso-

88 1337 203 1416 phorum
235 1339 480 1402 successionibus
518 1338 664 1420 scriptum
697 1336 886 1420 reliquisset,
914 1337 1121 1401 Democritum
1153 1338 1185 1401 in

87 1443 243 1524 Aegyptum
264 1447 305 1508 cd
327 1447 502 1510 secerdotes
523 1446 705 1528 geometrice
719 1444 880 1507 discendae
904 1463 995 1506 causa
1013 1446 1185 1526 profectum

88 1559 165 1634 atque
184 1555 264 1634 cpud
295 1553 464 1618 Chaldaeos
487 1553 569 1616 etin
592 1554 717 1616 Perside
740 1560 769 1614 et
789 1553 828 1615 ad
852 1551 978 1616 rubrum
997 1573 1079 1616 mare
1099 1573 1186 1635 pere-

88 1657 220 1736 grinatum
241 1682 320 1741 esse,
340 1663 377 1724 de
398 1663 487 1741 hujus
516 1661 678 1724 testimonii
698 1660 823 1724 veritate
844 1681 905 1724 non
926 1669 972 1724 est
994 1664 1077 1745 quod
1100 1664 1186 1726 dnbi-

88 1771 179 1830 temus.
217 1769 329 1854 Neque
351 1771 429 1832 enim
451 1769 551 1832 solnm
569 1768 741 1831 Demetrius
763 1767 794 1828 in
813 1769 1011 1850 Homonymis
1030 1771 1109 1834 idem
1126 1777 1186 1834 trc-

89 1875 199 1954 diderat,
229 1879 285 1940 sed
319 1878 384 1960 ipse
416 1877 610 1942 Democritus
639 1877 669 1938 iu
702 1875 822 1956 scriptis
852 1877 911 1940 lroc
940 1878 979 1940 de
1010 1899 1044 1942 se
1065 1880 1184 1942 videtur

86 2001 217 2049 nonnose.
262 1986 383 2050 Etenim
411 1985 585 2069 philosophi
611 1984 713 2048 verbis
740 2004 778 2047 ex
808 2004 902 2066 opere
922 1987 1027 2050 nescio
1049 2008 1110 2071 quo
1133 1989 1184 2052 de-

87 2092 208 2168 prcmtie,
230 2113 310 2178 quae
327 2115 392 2177 cap.
417 2097 431 2158 1
459 2095 667 2170 tractavimus,
695 2093 769 2156 haec
795 2093 977 2174 subjungere
998 2096 1184 2159 Clementem

86 2199 285 2284 viduumne
317 2201 435 2286 ἐπῆλθε
456 2200 514 2287 γὰρ
533 2198 711 2286 Βαβυλῶνά
739 2221 772 2264 τε
803 2201 853 2263 καὶ
891 2198 1027 2286 Περσίδα
1054 2203 1105 2266 καὶ
1132 2201 1183 2266 Αἴ-

86 2325 182 2384 γυπτον
214 2313 278 2380 τοῖς
306 2333 339 2372 τε
370 2311 478 2394 μάγοις
511 2309 562 2373 καὶ
595 2313 659 2378 τοῖς
694 2309 808 2394 ἱερεῦσι
845 2307 1039 2392 pcilqredon.
1082 2315 1184 2394 Quum

87 2412 211 2480 Clemens
232 2419 397 2483 Abderitae
420 2420 517 2484 nostri
538 2418 691 2482 volumina
709 2418 838 2499 legendo
858 2415 1095 2499 cognosset⁴⁶),
1113 2439 1185 2500 pre

87 2519 173 2588 babile
193 2534 245 2604 est,
275 2547 346 2591 eum
370 2527 438 2608 ipso
459 2527 635 2590 Democrito
660 2533 736 2590 teste
759 2527 817 2589 hoc
839 2525 959 2588 docere.
1003 2531 1105 2607 Quare
1127 2533 1185 2589 sta

87 2637 132 2692 tuo
150 2632 284 2698 Abdcrce
315 2636 484 2711 elunmum,
512 2655 601 2719 quem
632 2642 714 2698 recte
741 2635 783 2697 ait
803 2633 914 2698 Strabo
935 2651 1071 2712 magnam
1093 2633 1184 2698 Asiae

86 2747 188 2814 partem
213 2761 410 2824 peragrasse,
437 2743 601 2825 sapientiae
629 2742 780 2806 desiderio
806 2743 980 2822 flagrantem
1008 2760 1070 2804 non
1091 2740 1183 2804 modo

86 2842 247 2929 Aegyptios,
268 2851 434 2915 sedetiam
454 2852 623 2914 Chaldaeos
645 2851 676 2914 in
697 2847 866 2928 Babylonia
882 2854 912 2910 et
930 2849 1036 2910 Persas
1054 2849 1184 2930 petiisse.

86 2951 170 3018 Unum
199 2979 329 3036 moneo,
355 2979 460 3040 magos
497 2979 625 3041 quorum
654 2957 837 3020 mentionem
864 2956 935 3018 facit
962 2956 1116 3034 Clemens,
1145 2957 1183 3020 ab

86 3059 144 3138 ipso
159 3066 291 3146 adjectos
317 3067 421 3130 videri.
471 3067 579 3149 Neque
611 3067 689 3129 enim
712 3065 791 3144 magi
814 3064 984 3146 caeterique
1006 3063 1057 3146 qui
1079 3065 1186 3128 docto-

86 3187 144 3232 rum
162 3173 313 3240 bominum
341 3176 462 3239 nomme
492 3177 574 3256 apud
598 3176 706 3237 Persas
726 3173 920 3250 vocabantur,
951 3177 1032 3234 tantu
1051 3178 1185 3251 ‘praesta-

86 3274 147 3338 bant
166 3285 318 3363 sapientia,
341 3293 374 3348 ut
394 3283 562 3364 peregrinis
589 3282 636 3344 sui
656 3281 786 3343 adeundi
806 3281 962 3360 injicerent
983 3279 1183 3359 cupiditatem.

86 3383 141 3447 Etsi
160 3390 248 3470 igitur
267 3413 285 3454 e
311 3391 436 3456 Graecis
457 3389 594 3454 nonnulli
613 3388 741 3452 subinde
762 3389 800 3450 ad
823 3390 930 3452 Perses
952 3388 1058 3450 itinera
1081 3407 1184 3452 snsce-

87 3505 190 3574 penmt,
206 3505 240 3562 ut
260 3500 358 3580 gentis
378 3499 457 3562 illins
470 3517 580 3574 mores,
596 3498 671 3560 ritus
691 3514 796 3560 sacros
815 3504 845 3559 et
864 3496 999 3560 instituta
1018 3515 1184 3576 coguosce-

87 3609 153 3678 rent,
175 3606 283 3687 quibus
314 3608 351 3670 de
377 3607 469 3671 rebus
492 3605 586 3670 multe
615 3602 696 3684 apud
721 3605 910 3667 Herodotum
934 3605 1013 3668 libro
1034 3603 1135 3686 primo
1154 3611 1184 3668 et

86 3751 274 3774 Ἦ

146 3849 184 3912 ⁴⁴]
209 3853 345 3907 Ciceronis
370 3855 455 3905 rerba
481 3853 548 3903 iulrn
573 3865 705 3916 ponemus
732 3853 864 3918 simulque
891 3865 924 3904 ea
942 3865 1011 3918 quoe
1031 3849 1184 3900 Demetrius

84 3925 216 4058 l’bplereus
234 3935 260 3984 iu
281 3937 400 3986 Socratis
418 3935 541 3998 apologia
562 3931 595 3984 de
622 3933 717 3984 eodem
738 3937 895 3998 argumento
914 3932 986 3995 dixIt,
1012 3942 1184 3982 commemo-

84 4021 110 4056 ra
129 4023 202 4064 rmus.

84 4101 186 4244 ΡΗ
212 4104 332 4158 (Demens
352 4101 482 4176 erponi
517 4121 542 4172 p.
560 4103 610 4158 :to-t
638 4105 679 4156 ed.
706 4103 778 4170 sylb.
804 4099 892 4168 (nni
918 4107 941 4172 8.
966 4101 998 4156 15
1020 4119 1046 4168 p.
1065 4101 1116 4154 357
1142 4102 1184 4155 cd

102 4191 173 4233 cer.

147 4275 185 4336 “i
205 4277 257 4329 lid
276 4291 393 4342 procem
410 4278 453 4330 lib.
480 4275 509 4332 II.
