<?xml version="1.0" encoding="UTF-8"?>
<!DOCTYPE html PUBLIC "-//W3C//DTD XHTML 1.0 Transitional//EN"
    "http://www.w3.org/TR/xhtml1/DTD/xhtml1-transitional.dtd">
<html xmlns="http://www.w3.org/1999/xhtml" xml:lang="en" lang="en">
 <head>
  <title>
</title>
<meta http-equiv="Content-Type" content="text/html;charset=utf-8" />
  <meta name='ocr-system' content='tesseract 3.04.00' />
  <meta name='ocr-capabilities' content='ocr_page ocr_carea ocr_par ocr_line ocrx_word'/>
</head>
<body>
  <div class='ocr_page' id='page_1' title='image "./democritiabderi00mullgoog_0213.png"; bbox 0 0 2984 4876; ppageno 0'>
   <div class='ocr_carea' id='block_1_1' title="bbox 275 301 1049 375">
    <p class='ocr_par' dir='ltr' id='par_1_1' title="bbox 275 301 1049 375">
     <span class='ocr_line' id='line_1_1' title="bbox 275 301 1049 375; baseline -0.023 0"><span class='ocrx_word' id='word_1_1' title='bbox 275 307 335 375; x_wconf 69' lang='lat'>192</span> <span class='ocrx_word' id='word_1_2' title='bbox 599 303 796 368; x_wconf 66' lang='lat' dir='ltr'>numerianum</span> <span class='ocrx_word' id='word_1_3' title='bbox 814 301 1049 360; x_wconf 75' lang='lat' dir='ltr'>nanooritearan</span> 
     </span>
    </p>
   </div>
   <div class='ocr_carea' id='block_1_2' title="bbox 271 464 1390 880">
    <p class='ocr_par' dir='ltr' id='par_1_2' title="bbox 271 464 1390 779">
     <span class='ocr_line' id='line_1_2' title="bbox 358 464 1390 557; baseline -0.01 -17"><span class='ocrx_word' id='word_1_4' title='bbox 358 475 430 540; x_wconf 98' lang='grc'><strong>180.</strong></span> <span class='ocrx_word' id='word_1_5' title='bbox 474 470 656 557; x_wconf 77' lang='grc' dir='ltr'>Δημοκρίτῳ</span> <span class='ocrx_word' id='word_1_6' title='bbox 675 467 736 556; x_wconf 77' lang='grc' dir='ltr'>ἔφη</span> <span class='ocrx_word' id='word_1_7' title='bbox 758 487 816 538; x_wconf 86' lang='grc' dir='ltr'><strong>τις·</strong></span> <span class='ocrx_word' id='word_1_8' title='bbox 839 467 941 532; x_wconf 80' lang='grc' dir='ltr'><strong>διὰτί</strong></span> <span class='ocrx_word' id='word_1_9' title='bbox 961 467 1056 552; x_wconf 78' lang='grc' dir='ltr'><strong>μέγας</strong></span> <span class='ocrx_word' id='word_1_10' title='bbox 1078 466 1121 531; x_wconf 79' lang='grc' dir='ltr'>ὢν</span> <span class='ocrx_word' id='word_1_11' title='bbox 1143 464 1251 552; x_wconf 83' lang='grc' dir='ltr'><strong>μικρὰν</strong></span> <span class='ocrx_word' id='word_1_12' title='bbox 1270 465 1390 552; x_wconf 84' lang='grc' dir='ltr'><strong>ἔγημας</strong></span> 
     </span>
     <span class='ocr_line' id='line_1_3' title="bbox 271 573 1389 670; baseline -0.007 -22"><span class='ocrx_word' id='word_1_13' title='bbox 271 587 418 670; x_wconf 76' lang='grc' dir='ltr'><strong>γυναῖκας</strong></span> <span class='ocrx_word' id='word_1_14' title='bbox 439 582 579 650; x_wconf 83' lang='grc' dir='ltr'><strong>κάκεῖνος</strong></span> <span class='ocrx_word' id='word_1_15' title='bbox 599 578 677 656; x_wconf 77' lang='grc' dir='ltr'><strong>εἷπε,</strong></span> <span class='ocrx_word' id='word_1_16' title='bbox 705 579 760 642; x_wconf 82' lang='grc' dir='ltr'>τοῦ</span> <span class='ocrx_word' id='word_1_17' title='bbox 781 579 878 642; x_wconf 79' lang='grc' dir='ltr'><strong>κακοῦ</strong></span> <span class='ocrx_word' id='word_1_18' title='bbox 903 574 1033 662; x_wconf 71' lang='grc' dir='ltr'><strong>ἐκλογὴν</strong></span> <span class='ocrx_word' id='word_1_19' title='bbox 1052 575 1239 661; x_wconf 81' lang='grc' dir='ltr'><strong>ποιούμενος</strong></span> <span class='ocrx_word' id='word_1_20' title='bbox 1258 576 1293 640; x_wconf 76' lang='lat' dir='ltr'>ed</span> <span class='ocrx_word' id='word_1_21' title='bbox 1317 573 1389 640; x_wconf 78' lang='grc' dir='ltr'><strong>ἐλά·</strong></span> 
     </span>
     <span class='ocr_line' id='line_1_4' title="bbox 271 687 891 779; baseline -0.013 -22"><span class='ocrx_word' id='word_1_22' title='bbox 271 714 377 779; x_wconf 87' lang='grc' dir='ltr'><strong>χιστον</strong></span> <span class='ocrx_word' id='word_1_23' title='bbox 401 688 595 773; x_wconf 70' lang='grc' dir='ltr'><strong>ἐξελεξάμην.</strong></span> <span class='ocrx_word' id='word_1_24' title='bbox 636 687 748 751; x_wconf 80' lang='lat' dir='ltr'>Autou</span> <span class='ocrx_word' id='word_1_25' title='bbox 769 709 800 769; x_wconf 89' lang='lat' dir='ltr'>p.</span> <span class='ocrx_word' id='word_1_26' title='bbox 819 688 891 750; x_wconf 86' lang='grc'><strong>600.</strong></span> 
     </span>
    </p>

    <p class='ocr_par' dir='ltr' id='par_1_3' title="bbox 360 790 1390 880">
     <span class='ocr_line' id='line_1_5' title="bbox 360 790 1390 880; baseline -0.01 -14"><span class='ocrx_word' id='word_1_27' title='bbox 360 803 431 866; x_wconf 87' lang='grc'><strong>181.</strong></span> <span class='ocrx_word' id='word_1_28' title='bbox 467 794 567 862; x_wconf 84' lang='grc' dir='ltr'>Ἔνιοι</span> <span class='ocrx_word' id='word_1_29' title='bbox 587 795 703 860; x_wconf 78' lang='grc' dir='ltr'><strong>πολίων</strong></span> <span class='ocrx_word' id='word_1_30' title='bbox 726 795 780 880; x_wconf 71' lang='grc' dir='ltr'>μὲν</span> <span class='ocrx_word' id='word_1_31' title='bbox 795 793 990 871; x_wconf 73' lang='grc' dir='ltr'><strong>δεσπόζουσι,</strong></span> <span class='ocrx_word' id='word_1_32' title='bbox 1008 790 1123 876; x_wconf 75' lang='grc' dir='ltr'><strong>γυναιξὶ</strong></span> <span class='ocrx_word' id='word_1_33' title='bbox 1137 791 1173 856; x_wconf 84' lang='grc' dir='ltr'>δὲ</span> <span class='ocrx_word' id='word_1_34' title='bbox 1192 791 1390 856; x_wconf 71' lang='grc' dir='ltr'><strong>δουλεύουσα</strong></span> 
     </span>
    </p>
   </div>
   <div class='ocr_carea' id='block_1_3' title="bbox 273 903 1393 1424">
    <p class='ocr_par' dir='ltr' id='par_1_4' title="bbox 273 903 611 986">
     <span class='ocr_line' id='line_1_6' title="bbox 273 903 611 986; baseline -0.024 -10"><span class='ocrx_word' id='word_1_35' title='bbox 273 911 361 976; x_wconf 87' lang='lat' dir='ltr'>Stob.</span> <span class='ocrx_word' id='word_1_36' title='bbox 382 907 539 986; x_wconf 87' lang='lat' dir='ltr'>Flor.V1,</span> <span class='ocrx_word' id='word_1_37' title='bbox 563 903 611 969; x_wconf 88' lang='grc'>11.</span> 
     </span>
    </p>

    <p class='ocr_par' dir='ltr' id='par_1_5' title="bbox 276 1009 1391 1216">
     <span class='ocr_line' id='line_1_7' title="bbox 360 1009 1391 1100; baseline -0.008 -18"><span class='ocrx_word' id='word_1_38' title='bbox 360 1019 430 1082; x_wconf 76' lang='grc'><strong>180.</strong></span> <span class='ocrx_word' id='word_1_39' title='bbox 472 1011 596 1082; x_wconf 83' lang='grc' dir='ltr'><strong>Νοδσος</strong></span> <span class='ocrx_word' id='word_1_40' title='bbox 617 1009 703 1075; x_wconf 79' lang='grc' dir='ltr'><strong>οἴκου</strong></span> <span class='ocrx_word' id='word_1_41' title='bbox 725 1010 776 1076; x_wconf 86' lang='grc' dir='ltr'>καὶ</span> <span class='ocrx_word' id='word_1_42' title='bbox 797 1011 864 1100; x_wconf 78' lang='grc' dir='ltr'><strong>βίον</strong></span> <span class='ocrx_word' id='word_1_43' title='bbox 887 1011 1000 1097; x_wconf 85' lang='grc' dir='ltr'><strong>γίνεται</strong></span> <span class='ocrx_word' id='word_1_44' title='bbox 1021 1009 1159 1096; x_wconf 80' lang='grc' dir='ltr'><strong>δκιοττερ</strong></span> <span class='ocrx_word' id='word_1_45' title='bbox 1180 1009 1232 1075; x_wconf 86' lang='grc' dir='ltr'>καὶ</span> <span class='ocrx_word' id='word_1_46' title='bbox 1251 1009 1391 1095; x_wconf 80' lang='grc' dir='ltr'><strong>σκήνεος.</strong></span> 
     </span>
     <span class='ocr_line' id='line_1_8' title="bbox 276 1103 1012 1216; baseline -0.022 -25"><span class='ocrx_word' id='word_1_47' title='bbox 276 1127 363 1191; x_wconf 80' lang='lat' dir='ltr'>stoa.</span> <span class='ocrx_word' id='word_1_48' title='bbox 386 1125 471 1190; x_wconf 73' lang='lat' dir='ltr'>nor.</span> <span class='ocrx_word' id='word_1_49' title='bbox 491 1103 569 1202; x_wconf 72' lang='lat' dir='ltr'>crv,</span> <span class='ocrx_word' id='word_1_50' title='bbox 591 1121 641 1184; x_wconf 79' lang='lat' dir='ltr'>er.</span> <span class='ocrx_word' id='word_1_51' title='bbox 1010 1209 1012 1216; x_wconf 65' lang='lat'>,</span> 
     </span>
    </p>

    <p class='ocr_par' dir='ltr' id='par_1_6' title="bbox 276 1225 1393 1424">
     <span class='ocr_line' id='line_1_9' title="bbox 360 1225 1392 1317; baseline -0.01 -18"><span class='ocrx_word' id='word_1_52' title='bbox 360 1233 434 1299; x_wconf 85' lang='grc'><strong>183.</strong></span> <span class='ocrx_word' id='word_1_53' title='bbox 477 1230 666 1317; x_wconf 82' lang='grc' dir='ltr'><strong>Δημόκριτος</strong></span> <span class='ocrx_word' id='word_1_54' title='bbox 687 1225 760 1313; x_wconf 79' lang='grc' dir='ltr'><strong>ἔφη,</strong></span> <span class='ocrx_word' id='word_1_55' title='bbox 779 1230 823 1297; x_wconf 84' lang='grc' dir='ltr'>ὡς</span> <span class='ocrx_word' id='word_1_56' title='bbox 843 1227 859 1292; x_wconf 86' lang='grc' dir='ltr'>ὁ</span> <span class='ocrx_word' id='word_1_57' title='bbox 881 1228 1022 1313; x_wconf 81' lang='grc' dir='ltr'><strong>γαμβροῦ</strong></span> <span class='ocrx_word' id='word_1_58' title='bbox 1048 1227 1103 1312; x_wconf 79' lang='grc' dir='ltr'>μὲν</span> <span class='ocrx_word' id='word_1_59' title='bbox 1129 1225 1279 1311; x_wconf 82' lang='grc' dir='ltr'><strong>ἐπιτυχὼν</strong></span> <span class='ocrx_word' id='word_1_60' title='bbox 1299 1225 1392 1310; x_wconf 79' lang='grc' dir='ltr'><strong>εὗρεν</strong></span> 
     </span>
     <span class='ocr_line' id='line_1_10' title="bbox 276 1335 1393 1424; baseline -0.007 -18"><span class='ocrx_word' id='word_1_61' title='bbox 276 1340 353 1422; x_wconf 80' lang='lat' dir='ltr'>uida,</span> <span class='ocrx_word' id='word_1_62' title='bbox 376 1340 446 1406; x_wconf 79' lang='grc' dir='ltr'>δδὲ</span> <span class='ocrx_word' id='word_1_63' title='bbox 467 1339 631 1424; x_wconf 82' lang='grc' dir='ltr'><strong>ἀποτυχὼν</strong></span> <span class='ocrx_word' id='word_1_64' title='bbox 654 1337 799 1402; x_wconf 77' lang='grc' dir='ltr'><strong>ἀπώλεσε</strong></span> <span class='ocrx_word' id='word_1_65' title='bbox 819 1337 871 1400; x_wconf 86' lang='grc' dir='ltr'>καὶ</span> <span class='ocrx_word' id='word_1_66' title='bbox 890 1335 1058 1422; x_wconf 79' lang='grc' dir='ltr'><strong>,οογατέρα</strong></span> <span class='ocrx_word' id='word_1_67' title='bbox 1094 1337 1179 1404; x_wconf 90' lang='lat' dir='ltr'>Stob.</span> <span class='ocrx_word' id='word_1_68' title='bbox 1190 1339 1216 1400; x_wconf 87' lang='lat' dir='ltr'><strong>F</strong></span> <span class='ocrx_word' id='word_1_69' title='bbox 1217 1336 1274 1399; x_wconf 92' lang='lat' dir='ltr'>lor.</span> <span class='ocrx_word' id='word_1_70' title='bbox 1285 1335 1393 1417; x_wconf 80' lang='lat' dir='ltr'>LXX,</span> 
     </span>
    </p>
   </div>
   <div class='ocr_carea' id='block_1_4' title="bbox 187 1445 1395 1640">
    <p class='ocr_par' dir='ltr' id='par_1_7' title="bbox 187 1445 1395 1640">
     <span class='ocr_line' id='line_1_11' title="bbox 187 1445 906 1546; baseline -0.011 -30"><span class='ocrx_word' id='word_1_71' title='bbox 187 1537 190 1546; x_wconf 69' lang='lat'>,</span> <span class='ocrx_word' id='word_1_72' title='bbox 276 1453 326 1515; x_wconf 87' lang='grc'>18.</span> <span class='ocrx_word' id='word_1_73' title='bbox 368 1449 481 1512; x_wconf 79' lang='lat' dir='ltr'>Anton.</span> <span class='ocrx_word' id='word_1_74' title='bbox 499 1457 529 1513; x_wconf 88' lang='lat' dir='ltr'>et</span> <span class='ocrx_word' id='word_1_75' title='bbox 548 1449 628 1512; x_wconf 82' lang='lat' dir='ltr'>Max.</span> <span class='ocrx_word' id='word_1_76' title='bbox 650 1469 681 1530; x_wconf 90' lang='lat' dir='ltr'>p.</span> <span class='ocrx_word' id='word_1_77' title='bbox 701 1445 773 1510; x_wconf 88' lang='grc'><strong>819.</strong></span> <span class='ocrx_word' id='word_1_78' title='bbox 900 1453 906 1463; x_wconf 93' lang='grc'>’</span> 
     </span>
     <span class='ocr_line' id='line_1_12' title="bbox 364 1551 1395 1640; baseline -0.007 -19"><span class='ocrx_word' id='word_1_79' title='bbox 364 1559 434 1621; x_wconf 79' lang='grc'><strong>181.</strong></span> <span class='ocrx_word' id='word_1_80' title='bbox 472 1555 682 1640; x_wconf 81' lang='grc' dir='ltr'><strong>Ἀνορο1ποισι</strong></span> <span class='ocrx_word' id='word_1_81' title='bbox 718 1558 778 1618; x_wconf 82' lang='grc' dir='ltr'>τῶν</span> <span class='ocrx_word' id='word_1_82' title='bbox 811 1553 984 1636; x_wconf 76' lang='grc' dir='ltr'><strong>ἀναγκαίων</strong></span> <span class='ocrx_word' id='word_1_83' title='bbox 1015 1551 1118 1616; x_wconf 82' lang='grc' dir='ltr'>δοκέει</span> <span class='ocrx_word' id='word_1_84' title='bbox 1148 1551 1242 1630; x_wconf 84' lang='grc' dir='ltr'><strong>εἶναι,</strong></span> <span class='ocrx_word' id='word_1_85' title='bbox 1275 1551 1395 1622; x_wconf 87' lang='grc' dir='ltr'><strong>παῖδας</strong></span> 
     </span>
    </p>
   </div>
   <div class='ocr_carea' id='block_1_5' title="bbox 273 1658 1394 2268">
    <p class='ocr_par' dir='ltr' id='par_1_8' title="bbox 273 1658 1394 2181">
     <span class='ocr_line' id='line_1_13' title="bbox 273 1658 1392 1750; baseline -0.006 -20"><span class='ocrx_word' id='word_1_86' title='bbox 273 1663 444 1750; x_wconf 76' lang='grc' dir='ltr'><strong>κτήσασθαι</strong></span> <span class='ocrx_word' id='word_1_87' title='bbox 467 1663 528 1728; x_wconf 79' lang='lat' dir='ltr'>dub</span> <span class='ocrx_word' id='word_1_88' title='bbox 560 1659 670 1748; x_wconf 81' lang='grc' dir='ltr'><strong>φῦσιος</strong></span> <span class='ocrx_word' id='word_1_89' title='bbox 695 1659 747 1724; x_wconf 81' lang='grc' dir='ltr'>καὶ</span> <span class='ocrx_word' id='word_1_90' title='bbox 773 1659 975 1730; x_wconf 73' lang='grc' dir='ltr'><strong>καταστάσιος</strong></span> <span class='ocrx_word' id='word_1_91' title='bbox 1001 1681 1082 1731; x_wconf 87' lang='grc' dir='ltr'><strong>τινος</strong></span> <span class='ocrx_word' id='word_1_92' title='bbox 1102 1659 1242 1746; x_wconf 77' lang='grc' dir='ltr'><strong>ἀρχαίης.</strong></span> <span class='ocrx_word' id='word_1_93' title='bbox 1284 1658 1392 1742; x_wconf 73' lang='grc' dir='ltr'><strong>Δῆλον</strong></span> 
     </span>
     <span class='ocr_line' id='line_1_14' title="bbox 275 1765 1394 1853; baseline -0.001 -16"><span class='ocrx_word' id='word_1_94' title='bbox 275 1774 310 1838; x_wconf 67' lang='grc' dir='ltr'>δὲ</span> <span class='ocrx_word' id='word_1_95' title='bbox 340 1772 391 1836; x_wconf 85' lang='grc' dir='ltr'>καὶ</span> <span class='ocrx_word' id='word_1_96' title='bbox 420 1773 499 1834; x_wconf 87' lang='grc' dir='ltr'><strong>τοῖσι</strong></span> <span class='ocrx_word' id='word_1_97' title='bbox 522 1769 643 1834; x_wconf 86' lang='grc' dir='ltr'><strong>άλλοισι</strong></span> <span class='ocrx_word' id='word_1_98' title='bbox 671 1771 787 1842; x_wconf 78' lang='grc' dir='ltr'><strong>ζώοντι.</strong></span> <span class='ocrx_word' id='word_1_99' title='bbox 841 1767 945 1832; x_wconf 82' lang='grc' dir='ltr'><strong>Πάντα</strong></span> <span class='ocrx_word' id='word_1_100' title='bbox 972 1767 1030 1853; x_wconf 82' lang='grc' dir='ltr'>γὰρ</span> <span class='ocrx_word' id='word_1_101' title='bbox 1054 1765 1164 1852; x_wconf 78' lang='grc' dir='ltr'><strong>ἔκγονα</strong></span> <span class='ocrx_word' id='word_1_102' title='bbox 1184 1771 1289 1832; x_wconf 78' lang='grc' dir='ltr'><strong>κτᾶται</strong></span> <span class='ocrx_word' id='word_1_103' title='bbox 1309 1770 1394 1836; x_wconf 78' lang='grc' dir='ltr'><strong>κατὰ</strong></span> 
     </span>
     <span class='ocr_line' id='line_1_15' title="bbox 275 1875 1392 1968; baseline -0.004 -24"><span class='ocrx_word' id='word_1_104' title='bbox 275 1879 364 1968; x_wconf 77' lang='grc' dir='ltr'><strong>φύσιν</strong></span> <span class='ocrx_word' id='word_1_105' title='bbox 384 1876 580 1963; x_wconf 72' lang='grc' dir='ltr'><strong>ἑποιφελείης</strong></span> <span class='ocrx_word' id='word_1_106' title='bbox 599 1897 634 1960; x_wconf 85' lang='grc' dir='ltr'>γε</span> <span class='ocrx_word' id='word_1_107' title='bbox 655 1875 801 1961; x_wconf 78' lang='grc' dir='ltr'><strong>οὐδεμιῆς</strong></span> <span class='ocrx_word' id='word_1_108' title='bbox 820 1875 932 1956; x_wconf 74' lang='grc' dir='ltr'><strong>εἵνεκα,</strong></span> <span class='ocrx_word' id='word_1_109' title='bbox 954 1875 1022 1942; x_wconf 81' lang='grc' dir='ltr'>ἀλλ’</span> <span class='ocrx_word' id='word_1_110' title='bbox 1045 1875 1117 1940; x_wconf 77' lang='grc' dir='ltr'><strong>ὅταν</strong></span> <span class='ocrx_word' id='word_1_111' title='bbox 1136 1875 1269 1960; x_wconf 76' lang='grc' dir='ltr'><strong>γένηται,</strong></span> <span class='ocrx_word' id='word_1_112' title='bbox 1284 1879 1392 1942; x_wconf 86' lang='grc' dir='ltr'><strong>ταλαι-</strong></span> 
     </span>
     <span class='ocr_line' id='line_1_16' title="bbox 273 1981 1394 2072; baseline -0.003 -19"><span class='ocrx_word' id='word_1_113' title='bbox 273 1986 390 2072; x_wconf 83' lang='grc' dir='ltr'><strong>πωρέει</strong></span> <span class='ocrx_word' id='word_1_114' title='bbox 408 1986 461 2050; x_wconf 78' lang='grc' dir='ltr'>καὶ</span> <span class='ocrx_word' id='word_1_115' title='bbox 488 1983 596 2072; x_wconf 81' lang='grc' dir='ltr'><strong>τρέφει</strong></span> <span class='ocrx_word' id='word_1_116' title='bbox 623 1983 751 2048; x_wconf 79' lang='grc' dir='ltr'><strong>ἕκαστον</strong></span> <span class='ocrx_word' id='word_1_117' title='bbox 782 1988 825 2056; x_wconf 70' lang='lat' dir='ltr'>das</span> <span class='ocrx_word' id='word_1_118' title='bbox 847 1981 983 2062; x_wconf 83' lang='grc' dir='ltr'><strong>δύναται,</strong></span> <span class='ocrx_word' id='word_1_119' title='bbox 1003 1986 1055 2049; x_wconf 76' lang='grc' dir='ltr'>καὶ</span> <span class='ocrx_word' id='word_1_120' title='bbox 1077 1982 1275 2070; x_wconf 82' lang='grc' dir='ltr'><strong>ὑπερδέδοικε</strong></span> <span class='ocrx_word' id='word_1_121' title='bbox 1297 1983 1394 2071; x_wconf 84' lang='grc' dir='ltr'><strong>μέχρι</strong></span> 
     </span>
     <span class='ocr_line' id='line_1_17' title="bbox 275 2090 1393 2181; baseline -0.002 -21"><span class='ocrx_word' id='word_1_122' title='bbox 275 2099 412 2181; x_wconf 78' lang='grc' dir='ltr'><strong>σμικρῆς,</strong></span> <span class='ocrx_word' id='word_1_123' title='bbox 444 2094 495 2158; x_wconf 85' lang='grc' dir='ltr'>καὶ</span> <span class='ocrx_word' id='word_1_124' title='bbox 522 2090 559 2177; x_wconf 77' lang='grc' dir='ltr'>ἤν</span> <span class='ocrx_word' id='word_1_125' title='bbox 589 2113 617 2154; x_wconf 91' lang='grc' dir='ltr'>τι</span> <span class='ocrx_word' id='word_1_126' title='bbox 638 2093 724 2178; x_wconf 86' lang='grc' dir='ltr'>πάοη</span> <span class='ocrx_word' id='word_1_127' title='bbox 749 2093 878 2160; x_wconf 82' lang='grc' dir='ltr'><strong>άνιάται.</strong></span> <span class='ocrx_word' id='word_1_128' title='bbox 914 2091 955 2159; x_wconf 84' lang='lat' dir='ltr'>‘H</span> <span class='ocrx_word' id='word_1_129' title='bbox 981 2093 1036 2178; x_wconf 80' lang='grc' dir='ltr'>μὲν</span> <span class='ocrx_word' id='word_1_130' title='bbox 1061 2092 1151 2180; x_wconf 79' lang='grc' dir='ltr'><strong>φύσις</strong></span> <span class='ocrx_word' id='word_1_131' title='bbox 1170 2091 1294 2176; x_wconf 72' lang='grc' dir='ltr'><strong>τοιαύτη</strong></span> <span class='ocrx_word' id='word_1_132' title='bbox 1314 2095 1393 2158; x_wconf 82' lang='grc' dir='ltr'><strong>πάν-</strong></span> 
     </span>
    </p>

    <p class='ocr_par' dir='ltr' id='par_1_9' title="bbox 1325 2223 1392 2268">
     <span class='ocr_line' id='line_1_18' title="bbox 1325 2223 1392 2268; baseline 0.015 -2"><span class='ocrx_word' id='word_1_133' title='bbox 1325 2223 1392 2268; x_wconf 78' lang='grc' dir='ltr'><strong>τοσν</strong></span> 
     </span>
    </p>
   </div>
   <div class='ocr_carea' id='block_1_6' title="bbox 264 2517 1398 4422">
    <p class='ocr_par' dir='ltr' id='par_1_10' title="bbox 271 2517 1398 2818">
     <span class='ocr_line' id='line_1_19' title="bbox 364 2517 1395 2603; baseline -0.003 -21"><span class='ocrx_word' id='word_1_134' title='bbox 364 2517 434 2582; x_wconf 87' lang='grc'><strong>180.</strong></span> <span class='ocrx_word' id='word_1_135' title='bbox 484 2521 586 2600; x_wconf 87' lang='lat' dir='ltr'>Quum</span> <span class='ocrx_word' id='word_1_136' title='bbox 625 2518 833 2582; x_wconf 80' lang='lat' dir='ltr'>Democritum</span> <span class='ocrx_word' id='word_1_137' title='bbox 874 2518 995 2603; x_wconf 90' lang='lat' dir='ltr'>quidam</span> <span class='ocrx_word' id='word_1_138' title='bbox 1033 2521 1276 2600; x_wconf 74' lang='lat' dir='ltr'>percontaretur,</span> <span class='ocrx_word' id='word_1_139' title='bbox 1322 2537 1395 2597; x_wconf 88' lang='lat' dir='ltr'>eur,</span> 
     </span>
     <span class='ocr_line' id='line_1_20' title="bbox 273 2625 1398 2711; baseline 0.003 -21"><span class='ocrx_word' id='word_1_140' title='bbox 273 2647 366 2711; x_wconf 93' lang='lat' dir='ltr'>quum</span> <span class='ocrx_word' id='word_1_141' title='bbox 387 2645 514 2707; x_wconf 82' lang='lat' dir='ltr'>magnus</span> <span class='ocrx_word' id='word_1_142' title='bbox 544 2631 636 2705; x_wconf 87' lang='lat' dir='ltr'>esset,</span> <span class='ocrx_word' id='word_1_143' title='bbox 660 2647 784 2709; x_wconf 85' lang='lat' dir='ltr'>parvam</span> <span class='ocrx_word' id='word_1_144' title='bbox 805 2627 941 2690; x_wconf 86' lang='lat' dir='ltr'>duxisset</span> <span class='ocrx_word' id='word_1_145' title='bbox 959 2646 1102 2691; x_wconf 82' lang='lat' dir='ltr'>uxorem:</span> <span class='ocrx_word' id='word_1_146' title='bbox 1132 2629 1207 2710; x_wconf 78' lang='lat' dir='ltr'>Ego,</span> <span class='ocrx_word' id='word_1_147' title='bbox 1230 2625 1336 2711; x_wconf 89' lang='lat' dir='ltr'>inquit,</span> <span class='ocrx_word' id='word_1_148' title='bbox 1360 2630 1398 2693; x_wconf 92' lang='lat' dir='ltr'>in</span> 
     </span>
     <span class='ocr_line' id='line_1_21' title="bbox 271 2734 1010 2818; baseline 0 -20"><span class='ocrx_word' id='word_1_149' title='bbox 271 2737 353 2799; x_wconf 91' lang='lat' dir='ltr'>maio</span> <span class='ocrx_word' id='word_1_150' title='bbox 376 2734 525 2816; x_wconf 79' lang='lat' dir='ltr'>eligendo,</span> <span class='ocrx_word' id='word_1_151' title='bbox 548 2735 631 2818; x_wconf 89' lang='lat' dir='ltr'>quod</span> <span class='ocrx_word' id='word_1_152' title='bbox 651 2735 805 2799; x_wconf 88' lang='lat' dir='ltr'>minimum</span> <span class='ocrx_word' id='word_1_153' title='bbox 828 2743 901 2812; x_wconf 87' lang='lat' dir='ltr'>erat,</span> <span class='ocrx_word' id='word_1_154' title='bbox 924 2735 1010 2816; x_wconf 81' lang='lat' dir='ltr'>elegi.</span> 
     </span>
    </p>

    <p class='ocr_par' dir='ltr' id='par_1_11' title="bbox 273 2843 1398 3016">
     <span class='ocr_line' id='line_1_22' title="bbox 356 2843 1398 2926; baseline 0.005 -20"><span class='ocrx_word' id='word_1_155' title='bbox 356 2845 427 2907; x_wconf 91' lang='grc'><strong>181.</strong></span> <span class='ocrx_word' id='word_1_156' title='bbox 472 2843 621 2907; x_wconf 82' lang='lat' dir='ltr'>Nonnulli</span> <span class='ocrx_word' id='word_1_157' title='bbox 648 2843 773 2908; x_wconf 86' lang='lat' dir='ltr'>urbibus</span> <span class='ocrx_word' id='word_1_158' title='bbox 795 2843 916 2926; x_wconf 90' lang='lat' dir='ltr'>quidem</span> <span class='ocrx_word' id='word_1_159' title='bbox 942 2844 1140 2921; x_wconf 77' lang='lat' dir='ltr'><strong>dominantur,</strong></span> <span class='ocrx_word' id='word_1_160' title='bbox 1170 2844 1316 2907; x_wconf 83' lang='lat' dir='ltr'>uxoribus</span> <span class='ocrx_word' id='word_1_161' title='bbox 1337 2865 1398 2911; x_wconf 86' lang='lat' dir='ltr'>au-</span> 
     </span>
     <span class='ocr_line' id='line_1_23' title="bbox 273 2951 498 3016; baseline 0.009 -2"><span class='ocrx_word' id='word_1_162' title='bbox 273 2957 335 3014; x_wconf 87' lang='lat' dir='ltr'>tem</span> <span class='ocrx_word' id='word_1_163' title='bbox 356 2951 498 3016; x_wconf 85' lang='lat' dir='ltr'>serviunt</span> 
     </span>
    </p>

    <p class='ocr_par' dir='ltr' id='par_1_12' title="bbox 270 3058 1398 3252">
     <span class='ocr_line' id='line_1_24' title="bbox 362 3058 1398 3146; baseline 0.003 -22"><span class='ocrx_word' id='word_1_164' title='bbox 362 3061 431 3124; x_wconf 76' lang='grc'><strong>180.</strong></span> <span class='ocrx_word' id='word_1_165' title='bbox 476 3061 737 3144; x_wconf 80' lang='lat' dir='ltr'>Quemadmodum</span> <span class='ocrx_word' id='word_1_166' title='bbox 771 3058 928 3140; x_wconf 88' lang='lat' dir='ltr'>eorporis,</span> <span class='ocrx_word' id='word_1_167' title='bbox 958 3059 1003 3122; x_wconf 88' lang='lat' dir='ltr'>sie</span> <span class='ocrx_word' id='word_1_168' title='bbox 1034 3067 1065 3124; x_wconf 89' lang='lat' dir='ltr'>et</span> <span class='ocrx_word' id='word_1_169' title='bbox 1092 3059 1220 3123; x_wconf 82' lang='lat' dir='ltr'>familiae</span> <span class='ocrx_word' id='word_1_170' title='bbox 1249 3060 1398 3146; x_wconf 87' lang='lat' dir='ltr'>vitaeque</span> 
     </span>
     <span class='ocr_line' id='line_1_25' title="bbox 270 3169 732 3252; baseline -0.004 -20"><span class='ocrx_word' id='word_1_171' title='bbox 270 3169 372 3232; x_wconf 85' lang='lat' dir='ltr'>morbi</span> <span class='ocrx_word' id='word_1_172' title='bbox 392 3169 514 3252; x_wconf 91' lang='lat' dir='ltr'>quidam</span> <span class='ocrx_word' id='word_1_173' title='bbox 533 3169 732 3232; x_wconf 88' lang='lat' dir='ltr'>inveniuntur.</span> 
     </span>
    </p>

    <p class='ocr_par' dir='ltr' id='par_1_13' title="bbox 270 3275 1395 3468">
     <span class='ocr_line' id='line_1_26' title="bbox 362 3275 1395 3360; baseline 0.004 -22"><span class='ocrx_word' id='word_1_174' title='bbox 362 3277 432 3340; x_wconf 86' lang='grc'><strong>183.</strong></span> <span class='ocrx_word' id='word_1_175' title='bbox 475 3276 536 3359; x_wconf 82' lang='lat' dir='ltr'>Qui</span> <span class='ocrx_word' id='word_1_176' title='bbox 558 3275 672 3340; x_wconf 92' lang='lat' dir='ltr'>bonum</span> <span class='ocrx_word' id='word_1_177' title='bbox 691 3281 798 3340; x_wconf 84' lang='lat' dir='ltr'>nactus</span> <span class='ocrx_word' id='word_1_178' title='bbox 827 3281 875 3340; x_wconf 89' lang='lat' dir='ltr'>est</span> <span class='ocrx_word' id='word_1_179' title='bbox 892 3295 1045 3358; x_wconf 77' lang='lat' dir='ltr'>generum,</span> <span class='ocrx_word' id='word_1_180' title='bbox 1069 3276 1164 3360; x_wconf 90' lang='lat' dir='ltr'>inquit</span> <span class='ocrx_word' id='word_1_181' title='bbox 1184 3278 1395 3357; x_wconf 81' lang='lat' dir='ltr'>Democritus,</span> 
     </span>
     <span class='ocr_line' id='line_1_27' title="bbox 270 3384 1174 3468; baseline -0.001 -21"><span class='ocrx_word' id='word_1_182' title='bbox 270 3384 298 3447; x_wconf 90' lang='lat' dir='ltr'>is</span> <span class='ocrx_word' id='word_1_183' title='bbox 320 3384 457 3468; x_wconf 86' lang='lat' dir='ltr'>repperit</span> <span class='ocrx_word' id='word_1_184' title='bbox 475 3384 582 3460; x_wconf 85' lang='lat' dir='ltr'>filium,</span> <span class='ocrx_word' id='word_1_185' title='bbox 604 3384 656 3466; x_wconf 88' lang='lat' dir='ltr'>qui</span> <span class='ocrx_word' id='word_1_186' title='bbox 678 3384 797 3460; x_wconf 85' lang='lat' dir='ltr'>melum,</span> <span class='ocrx_word' id='word_1_187' title='bbox 819 3385 844 3447; x_wconf 89' lang='lat' dir='ltr'>is</span> <span class='ocrx_word' id='word_1_188' title='bbox 866 3390 897 3447; x_wconf 88' lang='lat' dir='ltr'>et</span> <span class='ocrx_word' id='word_1_189' title='bbox 919 3385 1010 3449; x_wconf 88' lang='lat' dir='ltr'>filiam</span> <span class='ocrx_word' id='word_1_190' title='bbox 1032 3385 1174 3467; x_wconf 81' lang='lat' dir='ltr'>perdidit.</span> 
     </span>
    </p>

    <p class='ocr_par' dir='ltr' id='par_1_14' title="bbox 264 3491 1396 4330">
     <span class='ocr_line' id='line_1_28' title="bbox 360 3491 1394 3572; baseline 0.003 -17"><span class='ocrx_word' id='word_1_191' title='bbox 360 3493 431 3556; x_wconf 81' lang='grc'><strong>181.</strong></span> <span class='ocrx_word' id='word_1_192' title='bbox 472 3491 653 3556; x_wconf 84' lang='lat' dir='ltr'>Necessaria</span> <span class='ocrx_word' id='word_1_193' title='bbox 681 3491 851 3555; x_wconf 87' lang='lat' dir='ltr'>hominibus</span> <span class='ocrx_word' id='word_1_194' title='bbox 875 3492 1042 3556; x_wconf 83' lang='lat' dir='ltr'>liberorum</span> <span class='ocrx_word' id='word_1_195' title='bbox 1068 3493 1187 3556; x_wconf 90' lang='lat' dir='ltr'>videtur</span> <span class='ocrx_word' id='word_1_196' title='bbox 1214 3495 1394 3572; x_wconf 76' lang='lat' dir='ltr'>procreatio</span> 
     </span>
     <span class='ocr_line' id='line_1_29' title="bbox 268 3599 1395 3682; baseline 0.004 -21"><span class='ocrx_word' id='word_1_197' title='bbox 268 3604 396 3662; x_wconf 89' lang='lat' dir='ltr'>naturae</span> <span class='ocrx_word' id='word_1_198' title='bbox 419 3599 562 3662; x_wconf 84' lang='lat' dir='ltr'>instinctu</span> <span class='ocrx_word' id='word_1_199' title='bbox 582 3599 697 3682; x_wconf 89' lang='lat' dir='ltr'>pariter</span> <span class='ocrx_word' id='word_1_200' title='bbox 721 3607 751 3662; x_wconf 86' lang='lat' dir='ltr'>et</span> <span class='ocrx_word' id='word_1_201' title='bbox 771 3600 977 3682; x_wconf 88' lang='lat' dir='ltr'>antiquissima</span> <span class='ocrx_word' id='word_1_202' title='bbox 999 3600 1194 3678; x_wconf 86' lang='lat' dir='ltr'>institutione,</span> <span class='ocrx_word' id='word_1_203' title='bbox 1215 3607 1250 3662; x_wconf 91' lang='lat' dir='ltr'>ut</span> <span class='ocrx_word' id='word_1_204' title='bbox 1269 3601 1302 3663; x_wconf 87' lang='lat' dir='ltr'>iu</span> <span class='ocrx_word' id='word_1_205' title='bbox 1322 3624 1395 3666; x_wconf 88' lang='lat' dir='ltr'>eae-</span> 
     </span>
     <span class='ocr_line' id='line_1_30' title="bbox 269 3707 1396 3790; baseline 0.005 -22"><span class='ocrx_word' id='word_1_206' title='bbox 269 3708 344 3769; x_wconf 86' lang='lat' dir='ltr'>teris</span> <span class='ocrx_word' id='word_1_207' title='bbox 364 3725 487 3790; x_wconf 90' lang='lat' dir='ltr'>quoque</span> <span class='ocrx_word' id='word_1_208' title='bbox 509 3709 685 3772; x_wconf 74' lang='lat' dir='ltr'>animalibus</span> <span class='ocrx_word' id='word_1_209' title='bbox 705 3715 751 3770; x_wconf 87' lang='lat' dir='ltr'>est</span> <span class='ocrx_word' id='word_1_210' title='bbox 770 3708 968 3771; x_wconf 78' lang='lat' dir='ltr'>manifestum.</span> <span class='ocrx_word' id='word_1_211' title='bbox 1011 3708 1120 3771; x_wconf 87' lang='lat' dir='ltr'>Omnia</span> <span class='ocrx_word' id='word_1_212' title='bbox 1142 3707 1230 3785; x_wconf 88' lang='lat' dir='ltr'>enim,</span> <span class='ocrx_word' id='word_1_213' title='bbox 1250 3715 1396 3774; x_wconf 88' lang='lat' dir='ltr'>naturam</span> 
     </span>
     <span class='ocr_line' id='line_1_31' title="bbox 267 3815 1395 3898; baseline 0.003 -21"><span class='ocrx_word' id='word_1_214' title='bbox 267 3821 374 3877; x_wconf 86' lang='lat' dir='ltr'>seouta</span> <span class='ocrx_word' id='word_1_215' title='bbox 394 3815 510 3894; x_wconf 86' lang='lat' dir='ltr'>ducem,</span> <span class='ocrx_word' id='word_1_216' title='bbox 538 3816 678 3879; x_wconf 83' lang='lat' dir='ltr'>sobolem</span> <span class='ocrx_word' id='word_1_217' title='bbox 706 3817 779 3894; x_wconf 85' lang='lat' dir='ltr'>sibi,</span> <span class='ocrx_word' id='word_1_218' title='bbox 809 3816 857 3878; x_wconf 91' lang='lat' dir='ltr'>vel</span> <span class='ocrx_word' id='word_1_219' title='bbox 880 3815 964 3878; x_wconf 90' lang='lat' dir='ltr'>nulla</span> <span class='ocrx_word' id='word_1_220' title='bbox 985 3816 1121 3879; x_wconf 76' lang='lat' dir='ltr'>utilitatis</span> <span class='ocrx_word' id='word_1_221' title='bbox 1140 3834 1196 3896; x_wconf 90' lang='lat' dir='ltr'>spe</span> <span class='ocrx_word' id='word_1_222' title='bbox 1218 3819 1395 3898; x_wconf 83' lang='lat' dir='ltr'>proposita,</span> 
     </span>
     <span class='ocr_line' id='line_1_32' title="bbox 269 3923 1394 4008; baseline 0.005 -26"><span class='ocrx_word' id='word_1_223' title='bbox 269 3927 393 4002; x_wconf 87' lang='lat' dir='ltr'>parant:</span> <span class='ocrx_word' id='word_1_224' title='bbox 418 3924 533 3988; x_wconf 79' lang='lat' dir='ltr'>foetum</span> <span class='ocrx_word' id='word_1_225' title='bbox 561 3933 670 4005; x_wconf 91' lang='lat' dir='ltr'>autem,</span> <span class='ocrx_word' id='word_1_226' title='bbox 697 3925 894 4008; x_wconf 85' lang='lat' dir='ltr'>simulatque</span> <span class='ocrx_word' id='word_1_227' title='bbox 917 3925 1015 3986; x_wconf 88' lang='lat' dir='ltr'>editus</span> <span class='ocrx_word' id='word_1_228' title='bbox 1039 3931 1093 4001; x_wconf 80' lang='lat' dir='ltr'>est,</span> <span class='ocrx_word' id='word_1_229' title='bbox 1111 3943 1173 3986; x_wconf 88' lang='lat' dir='ltr'>uon</span> <span class='ocrx_word' id='word_1_230' title='bbox 1195 3923 1260 3986; x_wconf 89' lang='lat' dir='ltr'>sine</span> <span class='ocrx_word' id='word_1_231' title='bbox 1281 3923 1394 3988; x_wconf 87' lang='lat' dir='ltr'>labore</span> 
     </span>
     <span class='ocr_line' id='line_1_33' title="bbox 269 4029 1393 4116; baseline 0.006 -25"><span class='ocrx_word' id='word_1_232' title='bbox 269 4029 378 4092; x_wconf 84' lang='lat' dir='ltr'>educat</span> <span class='ocrx_word' id='word_1_233' title='bbox 398 4037 430 4095; x_wconf 89' lang='lat' dir='ltr'>et</span> <span class='ocrx_word' id='word_1_234' title='bbox 450 4033 552 4110; x_wconf 89' lang='lat' dir='ltr'>nutrit,</span> <span class='ocrx_word' id='word_1_235' title='bbox 582 4040 677 4114; x_wconf 90' lang='lat' dir='ltr'>prout</span> <span class='ocrx_word' id='word_1_236' title='bbox 703 4039 806 4116; x_wconf 88' lang='lat' dir='ltr'>potest</span> <span class='ocrx_word' id='word_1_237' title='bbox 830 4032 1063 4116; x_wconf 87' lang='lat' dir='ltr'>unumquodvis,</span> <span class='ocrx_word' id='word_1_238' title='bbox 1091 4038 1121 4094; x_wconf 89' lang='lat' dir='ltr'>et</span> <span class='ocrx_word' id='word_1_239' title='bbox 1146 4031 1295 4112; x_wconf 80' lang='lat' dir='ltr'>tantisper</span> <span class='ocrx_word' id='word_1_240' title='bbox 1315 4033 1393 4098; x_wconf 90' lang='lat' dir='ltr'>dum</span> 
     </span>
     <span class='ocr_line' id='line_1_34' title="bbox 265 4135 1392 4224; baseline 0.007 -28"><span class='ocrx_word' id='word_1_241' title='bbox 265 4135 354 4198; x_wconf 90' lang='lat' dir='ltr'>durat</span> <span class='ocrx_word' id='word_1_242' title='bbox 376 4146 479 4202; x_wconf 91' lang='lat' dir='ltr'>tenera</span> <span class='ocrx_word' id='word_1_243' title='bbox 499 4141 564 4220; x_wconf 83' lang='lat' dir='ltr'>ejus</span> <span class='ocrx_word' id='word_1_244' title='bbox 588 4149 680 4220; x_wconf 88' lang='lat' dir='ltr'>aetas,</span> <span class='ocrx_word' id='word_1_245' title='bbox 701 4161 805 4205; x_wconf 83' lang='lat' dir='ltr'>euram</span> <span class='ocrx_word' id='word_1_246' title='bbox 835 4141 899 4219; x_wconf 89' lang='lat' dir='ltr'>ejus</span> <span class='ocrx_word' id='word_1_247' title='bbox 920 4140 1007 4220; x_wconf 80' lang='lat' dir='ltr'>gerit,</span> <span class='ocrx_word' id='word_1_248' title='bbox 1027 4147 1058 4202; x_wconf 89' lang='lat' dir='ltr'>et</span> <span class='ocrx_word' id='word_1_249' title='bbox 1078 4139 1172 4219; x_wconf 86' lang='lat' dir='ltr'>dolet,</span> <span class='ocrx_word' id='word_1_250' title='bbox 1191 4139 1218 4202; x_wconf 87' lang='lat' dir='ltr'>si</span> <span class='ocrx_word' id='word_1_251' title='bbox 1239 4141 1314 4223; x_wconf 90' lang='lat' dir='ltr'>quid</span> <span class='ocrx_word' id='word_1_252' title='bbox 1335 4163 1392 4224; x_wconf 86' lang='lat' dir='ltr'>pa-</span> 
     </span>
     <span class='ocr_line' id='line_1_35' title="bbox 264 4242 1391 4330; baseline 0.009 -26"><span class='ocrx_word' id='word_1_253' title='bbox 264 4242 363 4306; x_wconf 89' lang='lat' dir='ltr'>tiatur.</span> <span class='ocrx_word' id='word_1_254' title='bbox 403 4247 486 4310; x_wconf 80' lang='lat' dir='ltr'>Talis</span> <span class='ocrx_word' id='word_1_255' title='bbox 511 4249 644 4312; x_wconf 89' lang='lat' dir='ltr'>omnium</span> <span class='ocrx_word' id='word_1_256' title='bbox 675 4256 721 4314; x_wconf 89' lang='lat' dir='ltr'>est</span> <span class='ocrx_word' id='word_1_257' title='bbox 750 4248 878 4327; x_wconf 87' lang='lat' dir='ltr'>indoles,</span> <span class='ocrx_word' id='word_1_258' title='bbox 909 4267 987 4330; x_wconf 90' lang='lat' dir='ltr'>quae</span> <span class='ocrx_word' id='word_1_259' title='bbox 1017 4249 1144 4312; x_wconf 88' lang='lat' dir='ltr'>animam</span> <span class='ocrx_word' id='word_1_260' title='bbox 1166 4249 1286 4328; x_wconf 86' lang='lat' dir='ltr'>habeut,</span> <span class='ocrx_word' id='word_1_261' title='bbox 1307 4251 1391 4314; x_wconf 88' lang='lat' dir='ltr'>inter</span> 
     </span>
    </p>

    <p class='ocr_par' dir='ltr' id='par_1_15' title="bbox 1330 4361 1388 4422">
     <span class='ocr_line' id='line_1_36' title="bbox 1330 4361 1388 4422; baseline 0 0"><span class='ocrx_word' id='word_1_262' title='bbox 1330 4361 1388 4422; x_wconf 80' lang='lat' dir='ltr'>iro</span> 
     </span>
    </p>
   </div>
   <div class='ocr_carea' id='block_1_7' title="bbox 0 0 1496 4876">
    <p class='ocr_par' dir='ltr' id='par_1_16' title="bbox 0 0 1496 4876">
     <span class='ocr_line' id='line_1_37' title="bbox 0 0 1496 4876; baseline 0 3"><span class='ocrx_word' id='word_1_263' title='bbox 0 0 1496 4876; x_wconf 95' lang='lat' dir='ltr'> </span> 
     </span>
    </p>
   </div>
  </div>
 </body>
</html>
