2984 4876
253 299 317 366 mi
576 305 771 368 uenationum
798 301 1030 358 Democritum-uin

339 469 410 534 946.
454 465 515 534 Τὸν
546 467 680 553 ἄρχοντα
705 468 757 530 δεῖ
782 464 864 552 ἔχειν
891 467 967 551 πρὸς
992 465 1047 549 μὲν
1074 465 1146 536 τοὺς
1166 466 1289 551 καιροὺς
1310 469 1356 530 λο-

255 576 372 660 γισμόν,
392 578 469 661 πρὸς
498 572 553 660 μὲν
579 574 651 645 τοὺς
679 574 832 644 ἐναντίους
858 573 985 657 τόλμαν,
1013 574 1090 659 πρὸς
1115 576 1150 638 δὲ
1168 574 1238 643 τοὺς
1258 569 1358 638 ὁποτε-

255 684 422 768 ταγμὲνοιις
443 682 574 748 εὔνοιαν.
623 683 734 748 Anton.
757 705 787 768 p.
810 686 880 748 517.
921 685 1002 748 Mox.
1023 705 1053 764 p.
1080 687 1150 747 549.

340 793 411 859 947.
455 792 513 855 Διῒ
529 792 581 855 τὸν
603 791 715 876 ἑτέρον
736 790 886 876 μέλλοντα
915 790 1014 877 ἄρξειν
1037 791 1129 856 αὐτὸν
1153 793 1264 854 ἑαυτοῦ
1284 794 1360 874 τιμῶ-
1413 866 1415 870 ,

256 923 307 966 τον
331 899 446 986 ἄρχειν.
487 901 609 966 Μιιιίαι.
633 922 663 982 p.
686 902 757 963 549.

340 1013 412 1074 948.
447 1005 530 1072 ‘be
553 1007 647 1091 μηδὲν
669 1005 892 1091 ἀποδέχεσθαι,
915 1007 1012 1092 ἦνμὴ
1036 1007 1187 1094 Εομφέρῃ.
1235 1008 1363 1072 Pseudo·-

257 1119 388 1180 demoor.
409 1129 457 1196 op.
480 1115 573 1178 Orell.
603 1135 631 1179 n.
656 1117 705 1180 39.

340 1227 412 1289 949.
449 1221 489 1288 ‘0
518 1222 633 1305 κόσμος
663 1222 775 1306 σκηνή,
804 1222 820 1286 ὁ
853 1223 917 1309 βίος
945 1225 1096 1308 πάροδος·
1133 1223 1247 1310 ἦλθες,
1277 1219 1363 1293 εἶδες,

257 1331 403 1417 ἀτῆλὶιιτ.
446 1331 729 1395 Pseudodemoorot.
750 1353 799 1412 up.
826 1332 920 1396 Orell.
939 1354 969 1398 n.
992 1336 1042 1398 84.

341 1443 412 1504 959.
456 1437 550 1502 Θιίου
577 1438 650 1502 νόου
683 1440 717 1503 τὸ
746 1438 807 1501 αἰεὶ
837 1440 1066 1522 διαλογίζεσθαι
1087 1439 1194 1504 καλόν.
1237 1441 1365 1505 Pseudo-

257 1550 421 1615 demoorot.
438 1568 467 1614 u
489 1551 539 1613 79.

530 1793 592 1864 Β.
631 1793 888 1862 FRAGMENTA
910 1797 1091 1862 PHYSICA.

338 1950 366 2010 1.
409 1944 600 2031 Δημόκριτοι
618 1945 653 2008 δὲ
669 1943 714 2008 ὅτι
730 1946 784 2029 μὲν
805 1944 926 2030 ἀναιρεῖ
935 1944 973 2009 τὰ
991 1945 1164 2032 φαινόμενα
1184 1953 1252 2017 ταῖς
1266 1947 1364 2029 utunt-

258 2075 335 2134 οισι,
355 2054 407 2118 καὶ
427 2052 542 2118 τούτων
570 2053 654 2135 λέγει
683 2053 778 2137 μηδὲν
803 2053 967 2138 φαίνεσθαι
987 2053 1066 2119 κατὰ
1093 2053 1258 2138 ἀλήθειαν,
1290 2052 1364 2118 ἀλλὰ

258 2159 350 2244 μόνον
372 2161 450 2224 κατὰ
470 2160 579 2232 δόξαν·
610 2159 726 2243 ἀληθὲς
750 2161 785 2224 δὲ
815 2159 846 2224 ἐν
873 2164 938 2230 τοῖς
969 2159 1054 2226 οὖσιν
1077 2161 1227 2249 ὑπάρχειν
1247 2165 1280 2227 τὸ
1303 2161 1364 2226 oini-

258 2290 335 2352 μους
353 2268 501 2333 εἶναικαὶ
520 2266 618 2332 κενόν.
645 2265 778 2352 ιΝόμῳ
798 2269 880 2354 γάρ,
909 2293 995 2354 φησι,
1025 2269 1160 2354 γλυκύ,
1184 2273 1249 2335 καὶ
1267 2269 1365 2354 νόμῳ

257 2377 413 2461 πικρόν,
437 2374 545 2461 νόμῳ
568 2371 736 2460 θερμόν,
774 2374 881 2463 νόμῳ
914 2375 1083 2462 ψυχρόν,
1110 2375 1218 2464 νόμιμ
1240 2377 1364 2464 χροιή·
1443 2415 1446 2422 .

258 2482 351 2569 ἐτεῇ
373 2484 415 2548 δὲ
435 2483 560 2566 ἄτομα
586 2483 653 2547 καὶ
681 2481 807 2547 κενόν.
842 2479 964 2570 Ἂιτιρ
994 2485 1206 2569 νομίζεται
1231 2485 1296 2570 μὲν
1317 2481 1364 2546 εἷ-

257 2612 318 2656 ναι
347 2592 411 2656 καὶ
440 2591 653 2662 δοξάζεται
680 2589 724 2653 τὰ
761 2591 954 2676 αἰσθηταί,
985 2591 1055 2655 οὐκ
1088 2589 1173 2654 ἔστι
1206 2595 1247 2656 δὲ
1276 2589 1364 2654 κατὰ

258 2699 455 2782 ἀλήθειαν
485 2701 627 2762 ταῦτα·
662 2697 763 2762 ἀλλὰ
792 2697 836 2762 τὰ
869 2697 997 2784 ἄτομα
1019 2698 1138 2784 μόνον
1161 2703 1227 2764 καὶ
1249 2696 1363 2763 κενόν.

343 2933 415 2995 946.
457 2931 630 3011 Principem
661 2929 692 2990 iu
720 2949 820 2994 rerum
848 2932 1126 3011 opportunitatibus
1153 2933 1199 2994 uti
1220 2933 1305 2994 decet
1323 2949 1366 2990 ro-

258 3039 350 3117 tioue,
369 3039 515 3100 adversus
533 3039 636 3100 hostes
649 3037 783 3114 audacio,
794 3037 1004 3102 benevolentia
1016 3045 1116 3102 eutem
1128 3040 1363 3119 ergusubjeoton

341 3148 402 3208 947
406 3193 413 3208 .
442 3146 503 3228 Qui
511 3144 576 3208 eliis
590 3145 792 3225 imperaturus
807 3145 958 3222 est,debet
969 3147 1034 3226 ipse
1049 3146 1106 3208 sibi
1114 3147 1202 3226 prius
1215 3149 1363 3227 imperare.

344 3253 416 3316 948.
459 3253 542 3314 Nihil
557 3252 727 3330 juotmdum
748 3254 965 3318 admittendum
986 3261 1040 3331 est,
1061 3255 1119 3316 nisi
1138 3253 1220 3316 idem
1236 3255 1274 3316 sit
1288 3249 1363 3314 utile.

344 3361 416 3421 949.
459 3360 591 3424 Mundus
613 3379 713 3438 scena,
731 3361 792 3422 vite
813 3361 974 3424 transitus:
996 3361 1111 3437 venisti,
1130 3360 1242 3438 vidisti,
1264 3354 1362 3421 abiisti.

345 3467 416 3528 950.
459 3465 560 3528 Aubni
581 3467 673 3530 divini
694 3472 750 3544 est,
768 3487 889 3550 semper
906 3469 1020 3552 aliquid
1041 3469 1155 3531 bouum
1178 3469 1316 3549 cogitare.

350 3600 376 3660 1.
418 3599 613 3662 Democritus
628 3607 729 3663 autem
748 3621 840 3682 quum
861 3620 897 3662 eu
924 3600 1019 3678 tollat,
1040 3619 1117 3681 quue
1139 3606 1284 3683 apparent
1304 3613 1362 3657 seu-

259 3706 360 3783 sibus,
392 3725 430 3767 ex
462 3705 499 3768 iis
521 3707 610 3768 etiam
642 3709 715 3771 dioit
742 3708 816 3771 nibil
845 3727 917 3771 vere
943 3727 1109 3788 apparere,
1136 3709 1190 3769 sed
1216 3705 1312 3769 solum
1330 3719 1362 3760 ex

260 3814 414 3895 opinione,
435 3833 541 3876 verum
564 3820 664 3877 autem
683 3835 750 3878 esse
780 3817 809 3877 in
838 3816 874 3878 iis
903 3820 1080 3897 quaesunt,
1102 3822 1247 3897 qnatenus
1266 3805 1362 3872 indivi-

262 3922 322 3983 dua
340 3922 400 3985 sint
423 3928 453 3983 ot
474 3922 570 3984 itione.
607 3923 758 4004 Opinimw
779 3923 860 3983 enim
881 3931 910 3983 et
925 3925 1077 3999 instituto,
1099 3921 1202 4004 inquit,
1221 3925 1264 3978 ost
1283 3912 1362 3976 nuce

260 4035 290 4088 et
318 4047 480 4105 uenarum,
508 4033 651 4112 opinione
677 4031 815 4092 calidum
848 4037 878 4091 et
889 4027 1070 4112 frigidum,
1103 4028 1244 4108 optutum
1269 4019 1361 4082 color:

263 4143 456 4196 seruantem
479 4137 644 4201 ι’νιιίὐνιὶίαα
670 4146 702 4200 et
728 4140 831 4198 inum.
890 4137 975 4206 Quae
996 4137 1172 4215 igiturne
1191 4129 1360 4194 exibuimu-

261 4249 315 4303 tur
333 4249 365 4304 et
380 4251 542 4323 putantne
569 4246 702 4323 molto,
730 4263 767 4305 eo
792 4263 858 4306 non
886 4250 962 4304 suut
986 4263 1021 4303 ro
1044 4262 1126 4306 voro.
1169 4239 1242 4303 Sola
1266 4237 1359 4296 W
