2984 4876
353 325 436 382 Liber
455 323 504 384 lll.
541 323 692 381 Democriti
708 339 819 406 operum
840 325 1002 399 lrtgmcula.
1172 328 1237 396 249

123 493 280 578 κλήματος
299 493 352 577 τἠν
375 492 553 578 ἐντεριώνην
569 492 787 577 λαμβάνουσιν,
804 491 876 556 όσον
894 492 1036 556 δύνανται
1054 492 1088 557 ἐκ
1108 495 1234 580 βάθους,

124 602 163 666 ού
186 601 398 686 διασχίσαντες
423 601 457 688 τὸ
485 603 606 683 κλῆμα,
635 603 678 667 όνς
699 599 949 684 προδεδήλωται,
979 600 1060 663 ἀλλὰ
1091 603 1233 690 ἀκέραιον

125 709 281 790 ἐάσαντες,
309 711 360 772 καὶ
388 709 463 772 dordr
490 703 681 791 Κυρηναϊκθν
707 706 828 776 ἀνέντες
857 707 953 782 ὕδατι,
988 708 1039 770 καὶ
1065 710 1109 780 eir
1135 715 1236 799 πάχος

124 817 286 903 ἑψήματος
306 817 489 901 ποιήσαντες
513 815 760 900 ἐηχυματίζουσι,
780 816 832 879 καὶ
855 816 1087 899 ἀνορθώσαντες
1106 819 1143 882 τὰ
1163 823 1234 906 κλή·

125 947 207 1009 ματα
226 927 302 1010 πρός
321 925 461 1010 χάρακας
479 924 714 1006 ἀναόσαμούσιν,
738 922 787 986 ἵνα
811 923 852 1008 μή
877 923 893 986 ό
915 922 990 993 dordr
1010 923 1115 1011 ἐκρυή.
1147 923 1235 992 Κατὰ

125 1033 161 1096 δὲ
184 1031 264 1096 όκτὼ
292 1031 411 1117 ἡμέρας
436 1031 486 1094 τόν
518 1030 593 1094 ὀπὸν
625 1029 861 1114 ἐγχυματύζυοσι
880 1035 925 1117 τῷ
943 1032 1085 1116 κλήματι,
1117 1033 1177 1104 ἕως
1198 1035 1235 1100 ἂν

125 1141 294 1227 βλαστήση.
337 1137 380 1202 Τό
404 1139 440 1202 δὲ
461 1138 536 1202 αιίτὸ
560 1139 698 1221 ποιήσεις
720 1138 772 1201 καὶ
798 1139 847 1203 ἐπὶ
870 1136 986 1222 καρύας
1004 1139 1055 1202 καὶ
1074 1142 1234 1224 κερασέας,

124 1249 154 1310 εἰ
173 1247 278 1333 βούλει
298 1247 457 1332 ἀγίηαρτον
481 1249 616 1330 ποιῆσαι.
659 1247 799 1327 Geopou.
819 1248 933 1334 liber
958 1268 1023 1328 cap.
1047 1250 1111 1312 VII.

210 1359 239 1419 l.
284 1356 342 1418 Δεῖ
358 1355 435 1438 πρὸς
455 1356 508 1438 τήν
530 1358 590 1419 τῶν
619 1352 721 1417 τότιον
744 1353 935 1439 ἁρμόζεσθαι
955 1355 1044 1441 φύσιν
1067 1353 1126 1419 ἀεί.
1160 1354 1235 1422 ’Ero

123 1461 183 1546 γὰρ
211 1462 327 1546 θερμός
354 1463 370 1526 ό
401 1462 495 1532 τόπος
512 1458 552 1548 ή,
579 1460 617 1524 rei
635 1461 711 1546 πρὸς
740 1461 849 1546 ἄρκτον
875 1463 1003 1528 νεύοντα
1032 1463 1241 1548 ρυτεόσυμενη

125 1569 180 1634 ἐὰν
204 1570 239 1634 δὲ
261 1571 461 1656 ψυχρότερος,
484 1570 522 1633 τὰ
545 1569 621 1656 πρὸς
643 1570 845 1657 μεσημβρίαν,
868 1568 921 1634 ἐὰν
944 1571 979 1636 δὲ
1001 1569 1096 1656 μέσος
1115 1573 1167 1636 καὶ
1188 1573 1235 1637 εύ-

123 1679 232 1764 κραής,
264 1677 303 1742 od
335 1678 501 1744 ἀνατολικὰ
533 1679 585 1742 καὶ
612 1675 716 1741 δυτικά
749 1679 892 1743 κάλλιον·
922 1673 1039 1764 μᾶλλον
1071 1677 1173 1761 μέντοι
1198 1680 1236 1744 τὰ

124 1786 303 1865 ἀνατολικοὶ,
325 1786 353 1850 ei
376 1787 416 1871 μὴ
440 1785 599 1872 ἐνοχλοῖτο
625 1785 684 1848 ὑπὸ
705 1789 760 1850 τού
774 1783 888 1872 Enipeo.
926 1783 1046 1851 Ἐνίοτα
1070 1784 1164 1849 δὲτὰ
1187 1787 1235 1850 δυ·

122 1894 193 1960 τινὰ
216 1891 302 1958 ἔσται
325 1895 513 1980 αἱρετώτερα
532 1895 659 1975 μᾶλλον,
683 1891 755 1956 όταν
776 1896 894 1980 μακρὰν
917 1894 989 1960 ὄντα
1003 1899 1057 1978 τῆς
1079 1893 1238 1976 θαλάσσης

124 2001 308 2068 ἐπιπνέοντα
330 2001 389 2087 ἔχη
412 2002 463 2064 τὸν
485 1999 628 2087 ζέφυρον.
671 1997 819 2065 Καθόλου
847 1995 883 2067 ’δὲ
908 2007 972 2073 τοῖς
994 2003 1048 2087 μὲν
1070 1998 1236 2088 χλιαρωτέ-

125 2133 192 2198 ροις
212 2109 316 2178 τόποις
340 2111 369 2173 oi
393 2107 527 2194 ἀρκτῷοι
556 2108 665 2192 ἄνεμοι
693 2107 869 2193 ἐπιτήδειοι,
890 2115 954 2180 τοῖς
973 2111 1008 2174 δὲ
1032 2113 1188 2196 ψυχεινυῐς
1207 2109 1238 2172 oi

124 2218 231 2282 νότιοι
275 2219 414 2300 Geopon.
431 2217 482 2280 lib.
503 2219 531 2280 V
554 2237 621 2300 cap.
643 2219 694 2280 lV.

212 2329 240 2390 5.
286 2321 324 2388 Ol
344 2324 594 2410 παραθαλάσσιοι
613 2321 701 2387 τόποι
731 2325 853 2412 σφόδρα
876 2325 950 2390 εἰσὶν
975 2325 1141 2409 ἐπιτήδειοι
1162 2323 1240 2408 πρός

124 2433 265 2517 ἄμπελον
300 2432 351 2496 dmi
385 2455 418 2494 re
454 2430 507 2514 τὴν
546 2432 721 2518 θερμότητα
756 2433 807 2498 καὶ
839 2433 890 2496 διὰ
917 2435 952 2498 τό
980 2431 1157 2516 λεληθότως
1184 2432 1237 2515 τὴν

125 2651 287 2732 Cyrenaici
308 2671 434 2716 succum
460 2671 538 2734 aqua
563 2651 743 2715 dissolutum
773 2659 803 2715 et
829 2653 869 2716 cd
895 2671 986 2734 sapae
1013 2650 1258 2732 spissitudinem,

124 2759 283 2824 redactum
301 2760 470 2837 infundunt,
497 2769 528 2824 et
553 2767 655 2824 erecte
680 2765 830 2824 sarmenta
855 2760 894 2823 ad
921 2759 1031 2822 ridicas
1049 2758 1180 2839 alligant,
1191 2769 1238 2822 ‘ne

125 2885 238 2932 succus
258 2868 368 2930 ollluat.
411 2867 530 2931 Deinde
552 2876 652 2931 autem
673 2873 783 2932 octavo
805 2887 927 2950 quoque
951 2869 999 2930 die
1020 2887 1144 2930 succum
1166 2887 1239 2930 eun·

126 2975 198 3038 dem
216 2981 366 3040 sarmento
394 2975 567 3056 infundunt,
596 2978 694 3040 donec
723 2975 878 3056 germinet.
928 2977 1012 3039 ldem
1037 2975 1130 3038 iacies
1156 2983 1188 3037 et
1208 2975 1240 3038 in

120 3083 318 3164 juglandibus
338 3105 374 3146 ac
394 3085 515 3162 cerasis,
545 3085 572 3147 si
598 3093 628 3149 et
654 3086 760 3147 harum
781 3085 898 3148 fructus
920 3084 984 3146 sine
1005 3081 1107 3164 grauis
1126 3103 1163 3146 ac
1186 3103 1240 3146 nu-

126 3190 202 3254 cleis
225 3192 307 3254 uosci
328 3192 411 3254 velis.

213 3302 242 3362 l.
286 3301 417 3380 Oportet
447 3319 568 3381 semper
592 3300 732 3364 locorum
761 3308 886 3364 naturae
919 3297 1105 3384 (sationem)
1133 3298 1239 3381 aptari.

127 3407 164 3472 Si
185 3407 265 3470 euim
285 3407 400 3470 calidus
422 3408 514 3471 luerit
537 3408 633 3486 locus,
662 3417 764 3491 partes
786 3409 826 3471 cd
844 3406 1082 3489 septentrionem
1104 3413 1241 3488 spectau-

128 3521 176 3579 tes
198 3533 408 3579 censeremus:
430 3517 456 3580 si
477 3516 624 3597 frigidior,
652 3517 840 3594 meridianas,
860 3515 887 3578 si
909 3516 1025 3580 medius
1045 3522 1075 3578 et
1095 3523 1242 3597 tempera-

127 3631 188 3702 tus,
206 3623 368 3687 orientales
398 3630 429 3687 et
457 3623 661 3688 occidentales
686 3625 831 3687 obserere
861 3625 1059 3705 praestiterit,
1087 3624 1181 3704 magis
1199 3631 1242 3685 ta·

131 3751 203 3795 men
227 3730 399 3810 orientales,
423 3731 481 3796 uisi
510 3733 594 3796 Euro
623 3733 810 3795 infestentur.
861 3731 1086 3815 Nonnunquam
1113 3751 1186 3793 vero
1212 3737 1243 3792 et
1365 3797 1366 3800 Ἴ

129 3837 333 3906 occidentales
353 3840 490 3919 potiores
512 3847 608 3917 eruut,
633 3839 755 3922 quaudo
777 3842 889 3900 amari
911 3837 1003 3920 longe
1026 3845 1160 3901 remotae
1185 3839 1243 3898 Fa·

129 3949 224 4012 vouio
244 3947 391 4010 afflantur.
433 3949 467 4010 ln
486 3949 660 4011 universum
681 3955 781 4011 autem
808 3947 1006 4028 tepidioribus
1026 3945 1104 4009 locis
1124 3951 1243 4026 septen-

129 4055 276 4120 trionales
297 4054 379 4116 venti
400 4051 552 4119 connmodi
573 4061 651 4134 sunt,
671 4055 788 4136 frigidis
807 4057 941 4120 austrini.

219 4167 247 4226 5.
332 4161 475 4226 lilaritimi
500 4163 562 4228 loci
589 4163 701 4227 vitibus
727 4163 816 4226 valde
841 4166 904 4246 apti
926 4167 1005 4240 suni,
1023 4169 1085 4224 tum
1103 4159 1144 4222 ob
1160 4157 1244 4220 ealo-

131 4291 208 4346 rem,
240 4279 304 4334 tum
334 4270 375 4332 ob
407 4272 562 4335 humorem
592 4272 644 4354 qui
674 4271 802 4336 latenter
831 4292 848 4332 e
874 4273 949 4336 mari
976 4271 1098 4334 elabeue
1127 4267 1245 4348 plantas
