2984 4876
368 326 454 385 Liber
468 327 517 386 ill.
551 326 702 385 macena
721 345 832 402 operam
850 331 1014 404 fragmenta.
1184 331 1248 409 ‘221

136 497 197 558 τῶν
217 494 335 558 λευκῶν
364 493 399 558 ἐκ
427 494 575 560 τοιούτων
603 495 770 581 σχημάτων
802 495 991 580 συγκεῖσθαι,
1022 495 1132 582 οίονὴ
1164 497 1250 568 ἐντος

137 602 217 671 aldi
235 607 295 665 τῶν
316 603 505 688 κογχυλίων·
526 607 623 667 ταύτα
644 603 702 688 γὰρ
724 602 761 667 ἂν
783 602 875 668 ἄσκια
893 603 945 666 καὶ
967 603 1062 687 εὐαγῆ
1085 607 1136 669 καλ
1159 605 1247 671 εύθύ·

136 733 219 794 stopa
246 709 341 772 εἶναι·
370 709 409 774 τὰ
445 711 480 774 δὲ
510 711 636 798 ψαθυρὰ
670 711 722 776 καλ
750 709 906 795 εύθρυπτα
935 709 970 774 ἐκ
997 719 1171 798 περιφερῶν
1192 716 1247 800 μὲν

137 817 236 886 λοξῶν
266 818 301 881 δὲ
327 841 364 903 τη
395 818 482 882 θέσει
511 821 587 904 πρὸς
614 818 747 904 ἄλληλα,
778 815 904 886 καὶτὰς
926 816 981 880 δύο
1006 819 1167 900 συξεύξεις,
1193 823 1247 908 τήν

137 925 170 988 θ’
198 925 272 1009 ύλην
296 926 377 997 τάξιν
403 925 485 1013 ἔχειν
513 927 559 992 du
588 929 719 1012 utiliora
743 927 865 1010 ύμοίαν.
908 922 1064 991 Τοιούτων
1084 925 1113 992 δ’
1141 927 1248 1006 ὄντων,

138 1033 265 1118 ψαθυρὰ
286 1034 340 1117 μὲν
370 1033 458 1110 εἶναι,
480 1033 556 1098 διότι
582 1033 660 1098 κατὰ
685 1035 789 1120 μικρὸν
811 1034 831 1117 ἡ
855 1032 995 1118 σύναψις·
1025 1033 1181 1120 εὔθρυπτα
1202 1036 1248 1118 δέ,

138 1140 185 1204 ύτι
204 1141 321 1224 ὁμοίως
342 1147 469 1206 κεῖνται·
489 1142 581 1207 ἄσκια
602 1141 649 1220 δέ,
670 1141 746 1205 διύτι
767 1143 837 1204 λεῖα
855 1143 906 1204 καλ
925 1140 1060 1204 πλατέα·
1081 1142 1248 1229 λευκύτιρα

138 1249 174 1312 δὲ
196 1247 240 1334 τῷ
262 1249 299 1312 τὰ
323 1249 467 1334 σχήματα
487 1248 525 1312 τὰ
548 1249 695 1335 εἰρημένα
709 1249 760 1313 καὶ
776 1247 975 1334 ἀκριβέστερα
997 1239 1048 1312 καλ
1065 1249 1250 1337 ἀμιηέστερα

138 1355 228 1436 εἶναι,
250 1357 301 1420 καὶ
322 1357 375 1440 τἠν
397 1357 477 1427 τάξιν
503 1359 555 1422 καὶ
582 1358 635 1441 τὴν
664 1355 749 1420 θέσιν
779 1358 855 1441 πρὸς
884 1355 1005 1440 ἄλληλα
1028 1356 1109 1442 ἔχειν
1133 1361 1249 1442 μᾶλλον

137 1465 192 1548 τὴν
212 1464 385 1548 εἰρημένην.
428 1466 656 1548 Theophrastus
678 1466 717 1527 de
736 1485 828 1528 seusu
849 1471 880 1528 et
899 1467 999 1529 sensit.
1021 1464 1050 1550 5
1073 1468 1123 1530 73.

223 1576 274 1638 33.
319 1569 362 1636 Τὸ
384 1573 438 1656 μὲν
463 1571 516 1638 ούν
540 1573 648 1637 λευκὸν
673 1571 707 1636 ἐκ
728 1571 874 1636 τοιούτων
894 1572 972 1636 εἶναι
992 1575 1169 1660 σχημάτων.
1205 1573 1248 1640 Τὸ

137 1681 174 1744 δὲ
193 1679 290 1766 μέλαν
313 1680 424 1745 ἐκτῶν
448 1680 602 1760 ἐναντίων,
633 1677 668 1744 ἑκ
689 1679 829 1766 τραχέων
851 1682 902 1744 καλ
926 1682 1085 1764 σκαληνῶν
1109 1684 1159 1745 καλ
1180 1683 1248 1746 αἰνο-

137 1789 251 1872 μοίων·
280 1787 361 1853 οὕτω
400 1787 458 1873 γὰρ
493 1787 529 1852 ἂν
565 1789 696 1861 σκιάζειν
725 1790 777 1852 καλ
808 1787 865 1853 ούκ
885 1787 988 1856 eddela
1009 1787 1177 1860 εἶναιτοὺς
1196 1791 1248 1854 τύ-

136 1919 211 1982 ρους
233 1894 300 1960 οὐδ’
323 1893 493 1965 εύδιύδους.
538 1892 605 1960 Ἔτι
633 1897 668 1960 δὲ
693 1896 747 1966 τὰς
772 1895 928 1981 ἀπορροὰς
952 1898 1063 1966 νωθεῖς
1081 1899 1133 1961 καὶ
1159 1921 1248 1984 ταρα-

134 2004 265 2091 χώδεις·
293 2001 449 2088 διαφέρειν
473 2003 531 2087 γάρ
559 2027 588 2068 τι
613 2005 664 2069 καὶ
694 2006 747 2089 τὴν
775 2004 950 2090 ἀπορροήν,
978 2003 1024 2091 τῷ
1052 2005 1144 2069 ποιὰν
1171 2006 1249 2070 εἶναι

134 2113 213 2195 πρὸς
232 2112 285 2196 τἠν
310 2109 488 2196 φαντασίαν,
511 2111 548 2195 ἢν
567 2113 704 2195 γίνεσθαι
726 2113 777 2177 διὰ
797 2115 850 2199 τὴν
870 2112 1059 2199 ἐνατύληψιν
1080 2117 1135 2177 τού
1158 2113 1250 2200 ἀέρος

136 2219 276 2285 ἀλλοίαν.
321 2221 549 2302 Theophrastus
571 2222 641 2285 ibid.
661 2225 711 2286 74.

222 2330 272 2392 34.
316 2323 443 2410 Πρῶτον
477 2326 531 2411 μὲν
563 2325 615 2391 ούν
643 2330 677 2392 τὸ
714 2329 840 2398 τελείους
866 2327 1037 2392 ἀποδοῦναι
1062 2327 1116 2398 τὰς
1141 2326 1249 2413 ἀρχούς,

136 2556 290 2632 oportere.
332 2549 482 2614 Alborum
505 2551 596 2632 igitur
619 2551 695 2616 dura
717 2571 734 2615 e
755 2549 866 2614 talibus
883 2560 1023 2615 constare
1045 2552 1158 2633 liguris,
1178 2571 1251 2634 qua-

136 2660 176 2724 lis
199 2660 237 2721 sit
258 2660 441 2722 concharum
464 2665 567 2722 onrsta
589 2659 722 2734 interna3
745 2661 818 2722 haec
832 2659 910 2722 enim
926 2679 993 2723 esse
1009 2681 1106 2722 vacua
1127 2657 1250 2722 umbrae

137 2777 168 2832 et
188 2767 341 2848 pellucido
358 2773 388 2829 et
410 2775 492 2830 recte
513 2769 680 2848 perloratm
700 2767 828 2830 friabilia
852 2775 1001 2830 autemst
1022 2765 1139 2848 fragilia
1160 2785 1177 2827 e
1200 2783 1251 2828 ro·

136 2877 239 2940 tamdis
259 2875 389 2958 quidem,
414 2876 468 2938 sed
492 2876 551 2938 situ
581 2896 668 2957 quem
687 2877 816 2938 habeant
837 2877 914 2938 inter
932 2897 975 2953 sc,
1000 2875 1131 2956 obliquis
1153 2875 1250 2954 (eom-

136 2985 238 3066 posita
258 2985 355 3063 esse),
380 3003 417 3046 ao
443 2984 519 3048 duas
544 2983 775 3062 corrjunctioues
803 2991 960 3066 totumque
992 2983 1130 3046 ordinem
1159 3002 1249 3063 quam

136 3093 319 3155 simillimum
342 3091 462 3154 habere.
505 3094 609 3174 ltaque
632 3093 761 3156 friabilia
783 3113 859 3171 esse,
892 3092 964 3176 quia
984 3091 1069 3153 brevi
1091 3088 1249 3152 intervallo

137 3221 205 3262 sese
224 3207 353 3280 tangant,
373 3199 490 3280 fragilia
512 3208 620 3278 eutem,
643 3202 712 3283 quia
738 3201 865 3265 similem
888 3201 1016 3263 babeant
1035 3200 1133 3275 situm,
1153 3217 1248 3277 porro

136 3309 263 3371 umbrae
284 3329 387 3385 vacua,
405 3308 476 3389 quia
496 3307 592 3371 laevia
612 3311 672 3372 siut
691 3319 723 3373 et
736 3310 805 3386 lata,
829 3309 944 3371 albiora
962 3307 1104 3391 denique,
1124 3305 1246 3388 quaudo

135 3418 251 3496 figurae
271 3436 364 3498 supra
389 3423 571 3480 memoratae
596 3427 626 3481 et
647 3419 850 3482 accuratiores
879 3425 910 3479 et
929 3416 1027 3478 minus
1051 3415 1161 3477 mixtae
1182 3415 1250 3491 sint,

136 3525 334 3608 ordinemque
347 3525 488 3601 etardum,
504 3525 542 3586 de
555 3545 616 3607 quo
630 3527 724 3590 locuti
739 3545 852 3602 snmus
863 3523 958 3605 magis
969 3523 1098 3586 invicem
1110 3523 1247 3585 habeant

221 3633 272 3696 33.
315 3633 426 3696 Album
447 3631 538 3714 igitur
559 3634 694 3696 colorem
717 3633 863 3696 cialibus
886 3641 1025 3696 constare
1044 3632 1156 3712 liguris
1196 3629 1249 3692 Ni·

135 3759 224 3821 grum
246 3761 320 3804 varo
343 3759 360 3802 e
379 3742 548 3818 cantuariis,
570 3761 608 3803 ex
628 3743 745 3823 asperis
767 3748 798 3804 et
821 3739 1025 3821 inaequalibus
1048 3746 1079 3801 et
1100 3739 1251 3802 dissimili-

133 3847 210 3910 bus:
239 3849 280 3912 ita
311 3851 390 3912 euim
420 3849 508 3912 illum
535 3849 728 3928 obumbrare,
765 3869 864 3934 neque
893 3853 977 3910 recta
1002 3865 1071 3910 esse
1106 3848 1171 3926 ejus
1204 3847 1250 3908 io-

135 3957 249 4018 ramiua
270 3977 327 4020 neo
357 3957 456 4020 facilia
487 3958 622 4020 transitu.
679 3958 807 4021 Effluvia
837 3959 926 4022 etiam
958 3955 1040 4018 lenta
1061 3961 1092 4017 et
1112 3953 1248 4028 turbida;

136 4063 256 4126 differre
290 4066 369 4128 enim
406 4065 593 4147 aliquatenus
626 4073 655 4128 ct
694 4068 814 4130 cltiuvia
847 4087 885 4131 eo
922 4064 1014 4128 modo
1046 4081 1108 4145 quo
1143 4067 1250 4126 natura

136 4189 193 4233 sua
210 4173 248 4234 ad
270 4173 497 4255 perceptionem
510 4177 689 4252 reserantur,
710 4195 788 4257 quae
807 4174 886 4260 airis
908 4173 1019 4252 injectu
1039 4177 1247 4234 commutetur.

221 4280 270 4343 34.
314 4281 510 4364 deprimam
537 4283 658 4367 quidem
685 4283 768 4366 quod
794 4283 882 4364 plura
903 4279 1051 4364 principia
1074 4297 1250 4342 enumeran-
1322 4295 1326 4306 ’
