2984 4876
337 317 423 376 Liber
438 319 488 377 lll.
517 319 669 376 Democriti
687 335 797 392 operum
814 321 976 394 fragmenta.
1149 323 1212 392 1¹13

331 481 394 559 llrpl
414 482 535 557 ἀμιτρίης
554 487 608 538 τῶν
628 482 696 538 κατὰ
713 482 744 538 τὸ
762 488 840 555 σῶμα
857 485 985 560 alteriue.

185 587 235 650 46.
271 585 406 671 Ὗγιείην
434 587 545 673 εὐχῇσι
573 586 657 672 παρὰ
684 586 765 650 θεῶν
795 586 947 651 αἰτέονται
967 589 1134 676 ἅνθρωποι,
1155 593 1208 678 τὴν

26 752 27 761 ,
106 693 137 754 λέ
157 693 268 778 ταύτιγς
293 693 419 779 δύναμιν
444 694 519 781 παρ’
550 695 693 759 ἑωυτοῖσι
724 691 848 781 ἔχοντες
876 694 933 759 οὐκ
956 695 1056 762 ἴσασι·
1076 699 1208 785 ἀκρασίῃ

105 799 136 862 δὲ
158 801 300 865 τάναντία
319 803 507 887 πρήσσοντες
529 801 617 866 αὐτοὶ
633 800 782 886 προδόται
803 806 857 888 τῆς
878 803 992 888 ὑγιείης
1012 803 1083 890 ιγῖσι
1106 805 1208 870 ἐπιθυ-

106 906 185 991 ρίῃσι
204 907 346 990 γίνονται.
387 912 474 976 Stob.
495 912 579 976 Flor.
602 911 716 990 XVIII,
735 911 784 975 31.

182 1028 234 1090 47.
269 1020 363 1090 Ὅσοι
384 1027 445 1092 α’πύ
474 1028 604 1112 γαστρὸς
624 1025 677 1096 τὰς
700 1026 815 1110 ἡδονὰς
835 1027 1000 1108 ποιέονται,
1023 1027 1208 1115 ὑπερβεβλη-

103 1129 184 1201 νύτες
203 1135 256 1197 τὸν
279 1135 384 1219 καιρὸν
409 1134 458 1200 ἐπὶ
481 1135 650 1221 βρώσασιῆ
674 1133 817 1220 πέσεαιῆ
842 1135 1064 1220 ἀφροδισίοισι,·
1087 1135 1118 1197 ἐν
1130 1139 1209 1198 τοῖσι

103 1241 171 1302 πᾶσι
188 1242 220 1304 αἱ
241 1242 296 1325 μὲν
324 1243 434 1325 ἡδοναὶ
455 1243 602 1329 βραχεῖαί
620 1265 653 1307 τε
672 1245 724 1307 καὶ
746 1243 787 1306 δι’
811 1243 914 1326 ὐλίγου
936 1241 1076 1326 γίνονται,
1097 1240 1208 1305 ὁκόσον

104 1343 135 1408 έν
154 1347 268 1432 χρόνον
291 1347 427 1430 ἐσθίοντι,
449 1351 468 1436 ἢ
489 1351 608 1430 πίνωσι,
633 1352 664 1414 αἱ
686 1351 720 1414 δὲ
744 1353 838 1414 λῦπαι
858 1349 980 1414 πολλαί.
1031 1345 1129 1412 Τοῦτο
1153 1350 1207 1434 μὲν

102 1453 202 1538 γὰρτὸ
218 1455 397 1540 ἐπιθυμέειν
420 1457 560 1521 αἰολιῶν
583 1457 702 1522 αὐτέων
718 1461 855 1544 πάρεστι,
875 1459 927 1522 καὶ
947 1455 1056 1522 ὁκόταν
1076 1456 1208 1541 γένηται,

26 1613 27 1621 ,
104 1562 208 1628 ὁκοίων
242 1563 459 1647 ἐπιθυμέουσι,
492 1563 542 1628 διὰ
574 1565 688 1651 παχέος
710 1588 742 1629 τε
768 1567 788 1649 ἡ
815 1564 912 1649 ἡδονὴ
940 1563 1121 1650 παροίχεται
1157 1565 1208 1628 καὶ

104 1667 185 1732 οὐδὲν
207 1670 241 1732 ἐν
256 1669 391 1734 αὐτέοισι
412 1671 544 1757 χρηστόν
567 1671 640 1752 ἐστι,
654 1672 726 1737 ἀλλ’
748 1672 888 1758 ἡτέρψις
908 1673 1039 1758 βραχεῖα
1054 1672 1105 1736 καί
1126 1670 1209 1742 αὐτις

102 1779 155 1840 τῶν
178 1776 300 1841 αὐτέων
323 1777 397 1842 δέοι.
440 1781 525 1845 Stob.
550 1780 635 1844 Flor.
654 1783 767 1860 XVIII,
787 1782 838 1846 36.

177 1889 231 1951 48.
268 1881 404 1950 Ἀτοπον
435 1888 492 1973 γάρ
528 1887 609 1966 ἐστι,
647 1889 787 1973 κοράκων
821 1885 876 1972 μὲν
910 1888 1126 1973 λαρυγγισμοῖς
1157 1887 1209 1952 καὶ

104 1991 254 2076 κλωσμοῖς
272 1992 478 2079 ἀλεκτορίδων
500 1995 550 2060 καί
573 1997 656 2059 συσλν
681 1991 731 2060 ἐπὶ
753 1999 878 2082 φορυτῷ
900 1993 1145 2080 μαργαινούσαις,
1166 1999 1210 2065 ὣς

28 2172 29 2191 γ
104 2093 156 2183 ἔφη
177 2099 382 2186 Δημόκριτος,
402 2101 555 2187 ἐπιμελῶς
572 2103 741 2190 προςέχειν,
762 2108 875 2188 σημεῖα
896 2099 1101 2187 ποιουμένους
1120 2125 1207 2167 πνευ-

27 2202 29 2281 l
104 2208 197 2286 μάτων
220 2209 278 2274 καὶ
306 2208 439 2296 ὄμβρων,
464 2209 503 2273 τὰ
529 2211 564 2275 δέ
591 2215 646 2275 τοῦ
670 2211 813 2295 σώματος
842 2213 992 2296 κινήματα
1018 2211 1069 2275 καὶ
1095 2211 1209 2282 σάλους

348 2430 387 2481 De
413 2432 535 2495 corporis
558 2429 726 2495 voluptatum
743 2431 957 2496 intemperantis.

178 2534 231 2596 46.
275 2530 420 2594 Precibus
445 2531 582 2594 homines
611 2551 790 2612 prosperam
819 2529 1020 2594 valetudiuem
1041 2547 1059 2590 a
1081 2528 1138 2592 diis
1158 2548 1208 2592 ex-

104 2649 236 2716 poscunt,
257 2639 437 2718 nescientes,
457 2659 491 2702 se
514 2639 599 2720 ipsos
619 2641 685 2718 ejus
707 2639 753 2702 rei
778 2639 950 2702 facultatem
977 2637 1098 2700 habere.
1144 2637 1208 2700 Sed

106 2767 154 2825 per
175 2746 439 2826 intemperantiam
461 2747 489 2810 ei
518 2749 669 2811 contraria
698 2750 841 2812 iacientes
871 2746 930 2828 ipsi
947 2743 1120 2808 libidinibus
1145 2744 1208 2808 suis

105 2855 161 2932 ejus
177 2855 354 2937 proditores
378 2858 516 2920 evadunt

178 2966 230 3027 47.
274 2963 336 3046 Qui
373 2965 488 3028 ventris
517 2965 723 3047 voluptatibus
753 2963 846 3026 dediti
870 2964 987 3042 justum
1019 2959 1128 3023 edendi
1157 2967 1209 3024 eut

105 3073 223 3146 potandi
255 3076 309 3133 ant
339 3089 441 3135 rerum
474 3093 670 3136 venerearum
697 3079 816 3152 tempus
847 3069 1010 3144 excedmrt,
1043 3068 1073 3128 1ιὶ
1102 3087 1139 3128 ex
1163 3067 1208 3130 lais

106 3179 239 3242 omuibus
258 3179 431 3260 voluptates
452 3182 562 3245 breves
587 3201 622 3244 ao
651 3199 757 3260 parum
778 3177 902 3241 stabiles
919 3176 1042 3256 capiunt
1063 3175 1209 3256 tantisper

106 3285 168 3347 dun
191 3287 287 3350 edunt
315 3295 368 3349 aut
399 3293 514 3366 potuit,
549 3289 603 3350 sed
638 3287 764 3350 multum
792 3283 950 3348 molestiae
979 3284 1049 3346 iude
1080 3283 1208 3346 trahunt.

106 3393 214 3458 Etenim
243 3395 408 3458 earundem
439 3415 541 3458 rerum
567 3395 717 3458 desiderio
743 3413 864 3475 semper
892 3398 1032 3456 tenentur
1059 3397 1089 3454 et
1117 3411 1209 3473 quum

107 3519 236 3586 eaquae
265 3509 411 3584 appetunt
438 3505 593 3568 consecuti
628 3511 713 3581 sunt,
746 3503 885 3584 voluptas
914 3501 1072 3564 confestim
1103 3501 1209 3563 transit

107 3625 196 3690 neque
217 3611 382 3694 quidquam
404 3612 434 3672 ln
452 3612 561 3675 talibus
577 3612 648 3674 boni
671 3612 758 3691 inest,
779 3612 833 3674 sed
853 3611 952 3674 brevis
972 3616 1019 3672 est
1039 3609 1208 3686 delectatio,

108 3723 136 3777 ut
155 3739 225 3781 mox
247 3739 354 3782 rursus
373 3718 479 3781 iisdem
501 3720 660 3801 indigeant

182 3830 232 3892 48.
276 3829 330 3890 Est
350 3827 429 3889 enim
447 3827 619 3905 absurdum,
641 3847 734 3911 quum
751 3826 954 3889 crocientibus
974 3827 1075 3890 corvis
1096 3831 1126 3888 et
1143 3845 1209 3906 gra-

108 3929 269 3998 cillmtibus
287 3935 405 4016 galluris
424 3943 454 3998 et
473 3936 567 3998 subus
594 3957 662 3998 cum
686 3935 840 4016 voluptate
859 3936 890 3998 in
909 3935 974 3998 luto
993 3954 1028 3998 se
1046 3933 1208 3996 volutanti·

108 4033 168 4114 bus,
187 4051 222 4103 ut
240 4043 338 4122 ajebat
365 4043 566 4122 Democritus,
595 4045 730 4107 studiose
761 4043 892 4106 animum
920 4045 1118 4118 attendamus,
1138 4061 1210 4104 ven-

109 4147 202 4209 torum
232 4150 301 4213 inde
326 4159 356 4214 et
386 4151 525 4214 imbrium
553 4153 711 4234 praesagia
741 4160 902 4230 sumentes,
933 4162 1034 4216 motus
1068 4150 1208 4230 corporis

110 4256 199 4319 nostri
226 4267 255 4320 et
280 4261 461 4339 jactationes
489 4261 720 4346 affectionesque
753 4261 893 4326 morbum
917 4259 1128 4326 antecedentes
1146 4276 1208 4322 uon
