2892 4872
351 311 435 366 Liber
451 311 487 368 ΙΙ.
525 312 567 367 lic
586 312 736 368 Democriti
754 314 873 385 scriptia.
1108 259 1169 382 liii

68 479 140 539 Darii
169 479 361 542 consolatore
386 483 546 553 numatam,
569 478 607 539 dc
630 499 690 560 qua
714 479 794 541 libro
816 481 830 542 i
854 482 991 560 diximus,
1020 484 1166 548 incertum

67 590 112 647 cst
150 588 240 648 certe
270 587 429 650 Fabricius
462 585 512 666 qui
550 586 609 648 hoc
640 584 771 664 conjecit
804 589 946 652 Biblioth.
977 611 1021 670 gr.
1055 594 1164 656 voi.11

66 713 90 771 ρ.
109 695 166 755 οίθ
187 695 235 756 ed.
256 695 337 758 Harl.
356 693 532 775 opinionem
554 713 640 755 suam
657 695 841 773 argumentis
859 715 921 758 non
940 700 1087 778 probavit

137 801 171 882 i)
189 797 383 884 Τριτογένεια
405 802 424 863 i.
448 821 473 863 e.
495 801 632 864 Minerva
652 799 716 863 sive
743 803 913 868 Prudentia.
956 804 1069 884 Adjicit
1088 809 1162 870 Dio-

64 927 144 985 genes
169 909 239 971 huic
265 909 353 971 titulo
376 911 452 970 hauc
473 908 719 988 explicationem:
749 910 839 970 τοῦτο
865 910 900 972 δέ
928 909 999 988 ἐςιν,
1028 911 1074 974 ὅτι
1094 915 1160 998 τρία

64 1013 177 1093 γίγνεται
200 1014 232 1086 ἐξ
257 1013 359 1097 αθτής,
381 1013 401 1078 ἃ
420 1015 519 1077 πάντα
541 1013 578 1076 τὰ
601 1013 778 1095 ἀνθρώπινα
801 1016 933 1102 συνέχει.
978 1019 1041 1080 Res
1060 1026 1160 1082 autem

64 1142 128 1201 quae
146 1123 324 1186 Democrito
346 1129 471 1186 auctore
492 1123 622 1185 humana
640 1129 748 1184 cuncta
769 1125 923 1187 continent
940 1132 1030 1206 atque
1052 1145 1159 1207 apru-

64 1228 148 1291 dcutin
169 1231 317 1308 oriuntur,
337 1238 371 1293 nt
393 1251 464 1292 mox
484 1231 661 1306 videbimus,
680 1229 709 1290 iu
730 1251 769 1293 eo
787 1233 905 1312 positae
926 1239 1004 1310 sunt,
1025 1239 1059 1294 ut
1077 1240 1160 1296 recta

63 1335 148 1400 ineant
174 1339 304 1402 consilia
332 1339 485 1413 homiues,
519 1345 554 1400 ut
586 1345 669 1402 recte
697 1339 877 1422 eloquantur
899 1343 989 1422 atquc
1015 1346 1048 1402 nt
1075 1349 1158 1404 recte

62 1451 144 1521 agant
183 1447 277 1508 isaac.
307 1449 434 1508 'l'zetzcs
461 1447 500 1508 ad
520 1447 733 1526 Lycophronis
752 1446 916 1509 Alexandr.
940 1467 969 1509 v.
992 1443 1155 1532 5192'1'92-

61 1547 193 1631 γέννητος,
214 1553 322 1635 ἰιιτγυίί,
344 1553 364 1634 ή
383 1549 513 1634 Ἀθηνᾶ,
533 1552 678 1636 μυθικῶς,
696 1552 741 1616 ὅτι
764 1553 795 1616 ἐν
815 1557 859 1638 τῷ
874 1551 1010 1637 Τρίτωνι,
1027 1561 1157 1642 ποταμῷ

62 1653 167 1739 λιβίιας,
189 1658 349 1743 ἐγεννήθη,
381 1661 424 1727 ῶς
436 1653 578 1743 Ὅμηρός
597 1681 681 1743 φησι,
975 1649 978 1656 “

255 1809 326 1822 ...
348 1765 421 1834 Διὸς
443 1765 589 1850 θυγάτηρ,
608 1766 733 1850 κυδίστη
754 1763 947 1851 Τριτογένεια

62 1870 102 1932 καλ
118 1869 271 1960 λίσχίιλος
296 1873 451 1958 μυθικῶς·

313 1975 371 2032 Εἶτ’
393 1977 460 2052 ήμρλ
477 1983 564 2052 χεῦμα
583 1976 715 2050 γενεθλίου
736 1978 833 2054 σπόρου

313 2057 444 2133 ’Τρίτωνος
462 2059 489 2112 ir
506 2059 594 2119 τόποις
615 2057 789 2131 Λιβυστικοῖς.

62 2147 146 2230 iio,
168 2154 247 2217 κατὰ
276 2149 507 2236 Καλλισθένην,
535 2151 619 2235 τρίτη
640 2151 678 2232 δή
704 2155 760 2213 τοῦ
783 2151 877 2235 μηνὸς
899 2151 1061 2237 ἐγεννήθη·
1106 2153 1152 2215 διὸ

61 2255 120 2338 παρ’
136 2256 314 2345 Ἀθηναίοις
331 2260 351 2344 ή
371 2259 454 2344 τρίτη
474 2257 543 2343 ἱερὰ
560 2261 613 2341 τῆς
626 2255 770 2340 Ἀθηνᾶς.
799 2259 818 2341 ή
844 2259 889 2322 ὅτι
909 2259 944 2324 ἐκ
964 2263 1153 2343 τήςτριτοῶς,

61 2358 138 2444 ήγουν
156 2372 208 2452 τής
230 2369 381 2454 κεφαλῆς,
409 2369 465 2429 τοῦ
495 2366 567 2434 Διὸς
595 2364 759 2448 ἐγεννήθη·
787 2369 876 2450 τριτῶ
899 2367 956 2452 γὰρ
979 2363 1155 2436 Βοιωτικῶς

62 2469 216 2560 ήκεραλή.
257 2476 278 2560 ἡ
308 2475 354 2539 ὅτι
380 2473 401 2556 ἡ
430 2470 506 2556 αίιτή
530 2470 594 2535 ἐστι
615 2475 655 2556 τῇ
677 2473 806 2556 σελήνη·
833 2473 854 2556 ή
885 2474 920 2536 δὲ
952 2475 1064 2559 σελήνη
1092 2472 1152 2538 ἀπὸ

63 2577 174 2645 coridon
193 2579 315 2667 τριταία
337 2579 487 2664 φαίνεται.
526 2577 615 2662 ήὸτι
636 2581 657 2662 ή
680 2577 756 2662 αθτή
780 2577 843 2642 ἐστι
865 2583 905 2664 τή
926 2585 1030 2664 ψυχή·
1056 2603 1152 2665 τριμε-

63 2683 106 2766 ρὴς
124 2689 193 2774 δὲή
215 2687 320 2776 ψυχή·
343 2685 410 2772 ἔχει
427 2684 484 2769 γὰρ
507 2685 646 2770 θυμικλν,
665 2685 881 2770 ἐπιθυμητικὸν
904 2687 955 2750 καὶ
974 2685 1104 2768 λογικόν.
1132 2685 1152 2769 ἢ

63 2790 133 2878 ὅτιίγ
154 2797 229 2882 αλιή
254 2795 318 2858 ἐστι
344 2797 388 2878 τῷ
409 2791 494 2876 ἀέρι·
522 2793 620 2878 τρίτος
643 2794 678 2856 δὲ
706 2793 723 2855 ὁ
752 2793 827 2877 ἀήρ·
864 2795 1003 2876 γεννᾶται
1023 2791 1079 2877 γὰρ
1103 2795 1153 2856 καὶ

64 2905 266 2988 μετατρέπεται
284 2899 361 2986 ἔαρι,
382 2899 477 2984 θέρει,
498 2904 643 2986 χειμῶνι·
661 2899 695 2962 τὸ
718 2899 776 2985 γὰρ
797 2902 928 2964 παλαιὸν
953 2901 1094 2987 τριμερὴς
1115 2899 1152 2985 ήν

63 3005 250 3094 ὁχρίνος*).
291 3009 311 3093 ή
342 3007 433 3090 ὅτιή
464 3007 540 3092 αὐτή
570 3007 633 3070 ἐστι
658 3010 698 3091 τή
725 3008 888 3093 φρονήσει·
915 3009 1097 3092 γεννηθεῖσα
1119 3008 1154 3072 δὲ

64 3108 91 3174 ἐκ
107 3119 154 3198 τῆς
173 3119 292 3204 τριτοῶς
312 3115 362 3178 καὶ
385 3117 481 3196 (corr.
501 3114 611 3199 ἤγουν)
633 3113 668 3177 ἐκ
689 3119 742 3199 τής
760 3115 898 3198 κεφαλῆς
919 3117 998 3198 τρεῖν
1024 3115 1154 3200 παρέχει

63 3223 114 3288 τοῖς
131 3223 283 3292 ἐναντίοις.
325 3223 346 3306 ἢ
375 3223 430 3300 ὅτι,
459 3221 536 3286 κατὰ
565 3221 764 3307 Δημόκριτον,
785 3219 852 3305 τρία
873 3224 968 3285 ταῦτα
988 3222 1153 3306 χαρίζεται,

65 3323 201 3404 βουλεύειν
229 3333 342 3410 καλῶς,
371 3332 479 3416 κρίνειν
510 3329 620 3414 ὀρθῶς,
648 3329 787 3414 πράττειν
818 3329 952 3399 δικαίως.
989 3331 1091 3393 Schol.
1115 3333 1153 3393 ad

66 3431 131 3498 iliad
145 3437 172 3516 θ,
193 3441 254 3504 39:
276 3438 466 3524 Δημόκριτος
495 3439 530 3500 δὲ
560 3437 755 3521 ἐτυμολογῶν
776 3437 811 3499 τὸ
844 3435 943 3522 ὅνομοί
973 3459 1078 3522 φησιν,
1108 3437 1153 3500 ὅτι

67 3539 191 3626 ’,τρίνησίς
214 3547 304 3626 ἐστιν,
332 3545 389 3632 ἀφ’
408 3545 445 3628 ής
467 3545 625 3630 συμβαίνει
649 3543 715 3628 τρία
738 3541 963 3625 ἀπογεννᾶσθαι
985 3543 1096 3628 ἀγαθοί,
1118 3541 1152 3608 εὖ

66 3642 228 3732 λογίζεσθαι,
251 3653 348 3736 λέγειν
370 3655 485 3730 καλῶς,
514 3651 652 3736 πράττειν
676 3648 696 3713 ἃ
717 3649 774 3712 δεῖ.
819 3652 992 3717 Eustathius
1012 3654 1051 3715 sd
1070 3654 1152 3716 liiad.

67 3747 166 3840 λίνος.
182 3764 243 3826 576
265 3763 351 3842 (696,
370 3761 424 3842 37)
455 3757 647 3845 Τριτογένεια
670 3759 705 3821 δὲ
725 3757 935 3842 ἀλληγορικῶς
957 3759 978 3842 ἡ
999 3757 1154 3844 φρόνησις,

68 3852 123 3922 ἐπεὶ
138 3867 210 3931 κατὰ
232 3867 421 3952 Δημόκριτον
443 3867 510 3951 τρία
530 3865 643 3949 γίνεται
660 3867 755 3927 ταῦτα
778 3862 809 3932 ἐξ
833 3863 934 3948 αὐτῆς,
955 3867 989 3928 τὸ
1017 3863 1052 3928 εὖ
1074 3865 1151 3946 λογί-

69 3963 166 4050 (eninr,
201 3977 235 4039 τὸ
271 3975 369 4059 λέγειν
400 3975 503 4042 καλῶς
533 3973 567 4036 τὸ
593 3972 721 4056 νοηθὲν,
752 3971 859 4034 καὶτὸ
883 3971 984 4056 ὀρθῶς
1013 3973 1152 4057 πράττειν

69 4127 248 4158 κ...-

127 4255 149 4319 ’λ
167 4255 256 4331 γρίνος
277 4263 302 4314 h.
319 4263 334 4314 λ
352 4277 434 4316 amr
452 4269 500 4318 cst.
538 4263 595 4317 vid.
615 4263 732 4328 nucang.
750 4263 835 4316 Gloss.
853 4263 921 4316 med.
942 4265 970 4316 ct
991 4263 1036 4314 ini.
1055 4261 1098 4312 Gr.
