2984 4876
307 313 369 378 198
639 319 835 380 Quaestionum
854 319 1085 375 Democriteum

389 483 460 546 210.
503 477 646 566 Οίκέιησι
675 487 717 552 ὡς
743 483 850 568 μέρεσι
879 487 933 546 τοῦ
963 483 1104 566 σκήνεος,
1133 487 1199 570 χρῶ
1230 482 1310 569 ἀλλιμ
1329 484 1396 568 πρὸς

307 588 396 653 ἀλλο.
438 591 524 655 stob.
547 593 632 656 Flor.
654 593 819 670 11111115.

391 701 462 762 211.
499 695 541 762 ‘II
569 698 601 762 ἐν
631 700 819 785 δημοκρατίη
850 699 938 783 πενίη
965 703 1018 783 τῆς
1042 701 1127 787 παρδ
1155 707 1231 766 τοῖσι
1259 701 1398 764 δυνατοῖσι

305 805 497 890 καλεομένης
512 807 707 892 εὐδαιμονίης
730 807 875 872 τοσοῦτόν
897 807 959 870 ἐστι
976 809 1174 894 αίρετιυτέρη,
1197 809 1301 875 θκδσον
1325 807 1397 870 ἐλευ-

306 914 394 998 θερίη
418 914 569 998 δουλείητ.
611 918 697 979 Stob.
718 917 802 981 FIor.
821 917 929 996 XLIII,
952 919 1001 980 12.

392 1025 463 1086 212.
506 1019 553 1086 Τά
586 1023 663 1088 κατδ
697 1025 749 1108 τὴν
780 1023 868 1088 πίλιν
899 1026 1000 1110 χρεὼν
1038 1031 1098 1090 τῶν
1138 1029 1251 1090 λοιπῶν
1287 1024 1399 1110 μέγιστα

306 1129 463 1213 ἡγέεσθαι,
488 1129 568 1200 θκευς
590 1131 693 1203 ἅξεται
715 1129 761 1210 εδ,
775 1133 851 1218 μήτε
868 1133 1096 1218 φιλονεικέοντα
1119 1135 1204 1221 παρά
1225 1135 1258 1198 τδ
1275 1128 1399 1204 ἐπιεικές,

307 1239 384 1322 μήτε
399 1237 485 1324 ίσχδν
499 1239 608 1326 ἑωυτῷ
627 1240 855 1324 περιτιθέμενοι
877 1241 962 1326 παρὰ
984 1242 1017 1304 τδ
1037 1245 1170 1327 χρηστὸν
1192 1244 1226 1306 τδ
1246 1245 1298 1304 τοῦ
1314 1239 1402 1310 ἱυνοῦ.
1475 1317 1476 1332 γ

307 1345 402 1416 litua
428 1346 486 1432 γὰρ
512 1345 547 1411 εδ
577 1347 711 1432 ἀγομένη
750 1348 872 1433 μεγίστη
903 1349 1035 1434 δρθωσίς
1062 1350 1139 1414 ἐστι·
1177 1351 1228 1416 καλ
1258 1349 1287 1412 ἐν
1317 1343 1403 1426 τούτῳ

306 1457 405 1518 πάντα
425 1454 479 1532 ἔνι,
505 1456 556 1519 καλ
583 1455 692 1519 τοίιτυυ
725 1455 903 1539 σωζομένου
932 1459 1030 1520 πάντα
1059 1460 1202 1536 σώζεται,
1234 1455 1283 1520 καλ
1307 1453 1402 1517 τούτου

309 1561 515 1647 φθειρομένου
539 1562 576 1626 τὰ
596 1564 694 1627 πάντα
716 1563 936 1648 διαφθείρεται.
978 1566 1064 1628 Stob.
1082 1566 1167 1629 Flor.
1192 1567 1295 1643 XLIII,
1313 1565 1359 1628 tu.
1445 1640 1451 1656 ι

391 1673 463 1736 113.
506 1667 594 1734 Τοῖσι
613 1675 773 1756 χρηστοῖσι
797 1669 833 1733 οὐ
857 1671 1010 1756 Ευμρέρον
1034 1671 1226 1756 ἀμελέοντας
1246 1677 1320 1735 τοῖσι
1338 1671 1403 1734 ἑυυ·

306 1781 366 1840 τῶν
392 1777 473 1841 ἄλλα
491 1778 652 1864 πρήσσειν·
675 1779 712 1841 τὰ
730 1778 788 1864 γὰρ
813 1777 874 1842 ἴδια
895 1785 997 1849 κακῶς
1020 1779 1056 1844 ἀν
1080 1778 1184 1866 ἔσχεν.
1230 1777 1267 1844 EI
1288 1781 1320 1844 δὲ
1342 1778 1404 1862 ἀμε-

307 1884 408 1947 λέοιτο
432 1893 492 1952 τῶν
515 1887 671 1970 δημοσίων
697 1909 741 1964 τι,
764 1893 866 1956 κακῶς
893 1887 1015 1950 ἀκούειν
1045 1888 1171 1971 γίνεται,
1192 1893 1243 1955 καὶ
1264 1891 1300 1974 ἣν
1322 1886 1404 1972 μηδὲν

307 1993 383 2076 μήτε
406 1993 520 2080 κλέπτῃ
547 1997 622 2080 μήτε
645 1995 771 2079 ἀδικέη·
804 1995 870 2057 ἐπεὶ
895 1995 945 2057 καὶ
974 1995 1136 2079 ἀμελέοντι
1161 1999 1236 2080 (οὐκ
1267 1995 1404 2084 ἧσσον)ᾓ

306 2099 457 2166 ἀδικέοντι
475 2103 612 2172 κίνδυνος
631 2109 734 2171 κακῶς
749 2102 871 2165 ἀκούειν
893 2103 943 2165 καλ
958 2102 995 2185 δὴ
1013 2104 1064 2166 καὶ
1081 2105 1212 2170 παθέειν
1228 2129 1266 2170 τι.
1285 2103 1404 2185 Ἀνάγκη

307 2209 346 2294 δὴ
371 2209 564 2294 ἁμαρτάνειν,
584 2211 838 2293 Ευγγινώσκεσθαι
862 2211 896 2272 δὲ
916 2209 987 2276 τοὺς
1001 2209 1188 2296 ἀνθρώπους
1209 2213 1264 2278 οὐκ
1286 2208 1404 2278 εὐπετές.

305 2319 392 2384 stou.
411 2319 495 2382 utor.
518 2319 625 2396 nutu,
649 2321 699 2380 tt.

391 2540 462 2601 210.
505 2538 617 2614 Servis,
639 2545 673 2601 ut
692 2538 827 2618 partibus
844 2537 995 2618 corporis,
1014 2537 1074 2600 atio
1098 2541 1136 2601 ad
1159 2543 1244 2606 aliud
1264 2545 1352 2604 utere.

390 2649 461 2709 211.
504 2648 670 2726 Paupertas
702 2648 732 2707 in
758 2645 900 2726 populari
921 2644 1048 2726 imperio
1078 2653 1163 2711 tanto
1185 2650 1289 2731 poti0r
1303 2653 1353 2710 ‘est
1371 2645 1407 2706 Ie

305 2754 427 2831 licitate,
447 2773 537 2837 quum
560 2755 638 2815 inter
661 2758 802 2833 potentes
824 2755 883 2815 hoo
902 2753 1025 2814 nomine
1046 2755 1210 2835 appeliant,
1234 2762 1342 2840 quanto
1364 2771 1408 2814 au-

306 2867 395 2925 testat
413 2863 549 2926 servituti
567 2860 698 2923 libertas.

370 2972 462 3038 .212.
504 2969 636 3050 Negotia
663 2968 785 3049 publiea
807 2967 935 3032 civituIIs
957 2969 1091 3032 omniurn
1114 2973 1279 3036 existimari
1299 2973 1410 3052 oportet

304 3079 441 3156 maxime,
468 3083 503 3141 ut
532 3078 600 3158 ipsa
629 3075 734 3139 ciuitas
766 3077 844 3139 bene
872 3075 1071 3156 gubernetur,
1094 3097 1195 3163 neque
1223 3086 1340 3161 praeter
1366 3093 1410 3137 ue·

305 3203 399 3268 quum
423 3185 579 3264 contendi,
610 3203 707 3268 neque
728 3185 875 3264 priuatam
901 3184 1067 3262 potentiam
1095 3185 1244 3252 adversus
1265 3187 1409 3269 publicum

306 3294 419 3356 bonnm
441 3293 620 3374 comparari.
659 3293 739 3354 Nam
761 3293 838 3354 bene
866 3297 1032 3370 temperata
1055 3293 1159 3358 civitas
1181 3295 1351 3358 IeIicirsIrue
1370 3292 1409 3351 est

307 3419 409 3464 rerum
431 3401 613 3464 constitutio.
655 3401 689 3462 In
711 3399 767 3460 hae
793 3399 893 3462 insum
914 3399 1024 3476 omnia,
1045 3401 1101 3466 hac
1122 3403 1208 3466 salva
1230 3409 1337 3466 cuneta
1354 3414 1409 3461 ser·

307 3513 424 3583 vantur,
445 3509 501 3570 huc
520 3515 667 3588 pereunte
686 3505 758 3568 nihil
780 3525 842 3567 non
862 3525 984 3586 pessum
1003 3507 1034 3572 tt

392 3615 463 3678 213.
506 3615 601 3678 Bonis
620 3633 682 3678 non
702 3613 833 3694 expedit,
855 3613 945 3676 rebus
967 3615 1030 3677 suis
1041 3615 1199 3698 neglectis,
1221 3617 1295 3682 alius
1314 3629 1409 3696 agere:

308 3724 451 3805 propriae
474 3722 553 3786 enim
575 3723 723 3803 (iuterim)
742 3722 819 3784 maie
838 3741 872 3784 se
892 3721 1045 3785 haberent.
1091 3724 1125 3785 Si
1149 3725 1225 3806 quid
1250 3731 1347 3788 euntem
1363 3735 1410 3799 pu·

307 3832 421 3894 biicum
442 3831 620 3913 negligatur,
653 3830 773 3892 iufamia
796 3831 922 3908 accedit,
943 3831 1000 3893 etei
1025 3831 1094 3913 quis
1113 3849 1214 3914 neque
1236 3832 1408 3896 tantumne

309 3959 367 4026 qne
390 3940 528 4018 injuriam
549 3938 642 4002 ullam
665 3939 761 4000 iaciat.
806 3940 924 4003 Etenim
947 3938 1109 4020 negligenti
1130 3958 1194 4003 uon
1216 3939 1411 4018 utnusquam

307 4047 446 4126 injuriam
466 4047 605 4110 Inierenti
626 4046 794 4128 periculum
814 4055 860 4110 est
884 4066 953 4110 cum
975 4045 1052 4108 maie
1076 4049 1228 4125 audiendi,
1252 4055 1314 4108 tum
1332 4039 1411 4102 etiem

305 4155 448 4236 patiendi.
495 4155 578 4216 Fieri
599 4155 739 4234 protecto
768 4173 833 4216 non
855 4161 968 4234 potest,
998 4155 1072 4240 quiu
1100 4153 1411 4238 puntualmente

303 4281 369 4327 runt
389 4268 489 4326 autent
513 4261 630 4323 veniam
654 4267 688 4322 ut
709 4261 868 4341 impetrent
881 4263 1026 4342 homiues,
1039 4282 1102 4328 non
1121 4260 1209 4324 facile
1231 4259 1298 4322 fieri
1309 4255 1410 4338 potest
