2984 4876
266 337 331 404 228
601 331 798 394 Quaestionum
815 325 1047 380 Democriteum

270 507 323 587 τῆς
353 499 528 582 ζωογονίας.
582 494 702 558 Οὐκοῦν
735 491 766 554 ἐν
800 493 909 574 κρυμῷ
943 487 997 571 μέν
1031 509 1122 574 φησιν
1156 488 1384 576 δἈβδγρίτγς

272 607 447 694 συμμένειν,
471 605 502 668 ἐν
527 603 605 685 α’λέφ
636 601 670 663 δὲ
693 603 736 667 iu:
759 596 919 662 τὰπολλὰ
943 595 1135 660 ἐκπτύεσθαι.
1174 596 1325 680 Ἀνάγκην
1349 597 1386 658 δὲ

273 717 350 780 εἶναι
369 713 452 796 λέγει
470 717 523 794 τῆς
547 709 664 792 βέρρης
685 703 916 787 πλεοναζούσης
936 703 1107 766 tutoresne
1127 703 1249 771 καὶτὰς
1268 702 1388 788 φλέβας

273 822 385 889 καὶτὰ
412 819 523 904 ἄρθρα.
581 816 697 881 Aelion.
725 816 763 876 do
790 813 908 875 nnimel.
935 819 995 876 net
1021 813 1073 877 lib.
1099 815 1159 876 Xll
1185 833 1252 894 cop.
1277 815 1313 874 17
1348 814 1389 875 de

274 931 440 996 obortibus.

360 1042 388 1102 5.
433 1033 536 1098 Aiolou
565 1030 600 1092 δὲ
631 1029 647 1091 ὃ
678 1026 770 1095 αὐτὸς
798 1027 880 1110 λέγει
905 1030 969 1095 τοῖς
992 1026 1119 1112 ἐλάφοις
1141 1031 1195 1111 τῆς
1218 1033 1277 1089 τῶν
1300 1031 1388 1112 κερά-

275 1169 335 1212 τιον
359 1141 543 1228 άναφὺσεαις
563 1137 679 1219 ἐκείνην
701 1134 787 1197 εἶναι.
833 1132 875 1198 ‘H
904 1135 1019 1218 γαστὴρ
1047 1134 1151 1203 αὐτοῖς
1174 1137 1216 1203 ὡς
1238 1133 1300 1198 ἔστι
1320 1135 1390 1220 βερ-

277 1255 403 1339 portion,
427 1250 584 1332 ὁμολογεῖ,
607 1245 659 1307 καὶ
687 1243 740 1310 τὰς
769 1241 888 1326 φλέβας
917 1243 951 1304 δὲ
979 1242 1079 1306 αὐτῶν
1105 1241 1159 1310 τὰς
1182 1241 1231 1304 διὰ
1253 1246 1306 1304 τοῦ
1331 1245 1390 1306 ouiu-

278 1383 372 1447 ρατος
399 1353 571 1440 πεφυκυίας
598 1353 710 1418 παντὸς
740 1350 924 1434 ἀραιοτάτας
948 1349 1046 1431 λέγει,
1075 1351 1127 1413 καὶ
1151 1351 1185 1412 τὸ
1219 1347 1324 1411 ὀστέον
1353 1352 1390 1414 τὸ

276 1465 462 1548 κατειλγφὸς
491 1462 541 1524 τὸν
570 1459 739 1544 ἐγκέφαλον
769 1455 950 1520 λεπτότατον
980 1457 1058 1520 εἶναι
1088 1459 1138 1520 καὶ
1160 1457 1316 1541 ὑμενῶδες
1339 1460 1392 1521 καλ

279 1572 399 1660 ἀραιόν,
422 1567 540 1656 φλέβας
561 1589 595 1629 τε
625 1565 765 1628 ἐντεῦθεν
795 1564 844 1626 καλ
874 1565 918 1633 εἰς
937 1564 1032 1649 ἄκραν
1053 1566 1106 1649 τὴν
1126 1565 1264 1649 κεφαλὴν
1289 1565 1392 1627 ὑπανί-

280 1702 363 1767 οχειν
382 1676 576 1762 ταχοτάτας·
597 1675 650 1756 τὴν
673 1676 746 1756 γοῦν
769 1671 885 1756 τροφὴν
907 1674 957 1737 καὶ
979 1671 1090 1756 ταύτης
1115 1695 1149 1734 τε
1169 1673 1203 1734 τὸ
1224 1673 1391 1755 γονιμώτα-

279 1810 330 1852 τον
363 1787 476 1848 ὤκιστα
504 1779 717 1845 ἀναδίδοσθαι.
766 1775 829 1842 Καὶ
856 1781 875 1862 ἡ
909 1780 963 1864 μὲν
990 1779 1103 1863 πιμελὴ
1135 1778 1239 1846 αὐτοῖς
1264 1776 1394 1859 ἔξωθέν,

281 1917 367 1980 φησι,
389 1894 569 1976 περιχεῖται,
597 1888 617 1970 ἠ
645 1888 680 1950 δὲ
711 1886 797 1971 ἰσχὺς
823 1891 877 1969 τῆς
905 1889 1022 1970 τροφῆς
1049 1885 1080 1954 ἐς
1101 1885 1155 1971 τὴν
1177 1885 1317 1970 κεφαλὴν
1341 1887 1393 1950 διὰ

280 2006 340 2064 τῶν
363 2000 486 2083 φλεβῶν
507 1995 728 2080 α’ναλλόρνοται·
760 1992 846 2056 ἔνὶλεν
869 1992 923 2056 οὖν
946 1993 983 2057 τά
1009 1993 1122 2078 κέρατα
1146 1993 1315 2077 έκφὺεολλαι
1342 1995 1394 2057 διὰ

280 2109 397 2189 πολλῆς
415 2103 611 2189 ἐπαρδάρενα
629 2107 683 2186 τῆς
705 2101 840 2184 ἰκμάδος.
885 2099 1023 2185 Eoisque
1038 2099 1091 2164 οὖν
1107 2099 1186 2164 orlon
1207 2099 1395 2184 ἐπιρβέουαά

280 2237 313 2278 τε
338 2213 498 2282 ἐξωθεῖται
525 2210 676 2295 προτέρω.
720 2205 782 2272 Καὶ
803 2209 837 2270 τὸ
868 2207 922 2290 μὲν
947 2209 1111 2293 ὑπερέιηγον
1139 2208 1228 2292 ὑγρὸν
1258 2205 1318 2276 ἔξω
1337 2214 1395 2272 τοῦ

283 2323 426 2403 σώματος
449 2299 579 2403 σκληρὸν
608 2317 732 2401 γίνεται,
759 2313 925 2398 πηγνύντος
953 2315 1027 2378 αὐτὸ
1050 2317 1102 2379 καλ
1121 2319 1319 2400 κερατοόντος
1338 2319 1396 2378 τοῦ

282 2543 364 2604 leont
384 2549 416 2603 et
436 2540 572 2603 roboreti
593 2539 631 2601 ud
654 2537 789 2620 pariendi
812 2543 931 2618 tempus
959 2545 1104 2601 eneturo
1125 2537 1318 2600 constitutum
1341 2537 1399 2600 du-

283 2669 352 2710 rnro
378 2648 506 2728 possint.
556 2647 762 2729 Quamobrem
792 2647 823 2706 in
853 2646 966 2726 frigore
989 2647 1030 2708 nit
1048 2645 1194 2708 Abderita
1214 2645 1313 2706 loetus
1333 2665 1401 2706 mn-

284 2777 365 2833 nere,
398 2754 501 2816 colore
531 2761 565 2815 ut
598 2753 759 2834 plurimum
780 2752 929 2815 excidere.
971 2755 1037 2816 lloe
1059 2753 1138 2814 enim
1160 2757 1321 2832 superante
1343 2771 1401 2813 no·

286 2861 420 2925 cessario
440 2859 508 2922 lieri
531 2859 611 2936 dicit,
639 2866 673 2922 ut
696 2879 791 2923 venae
817 2861 931 2940 puriter
949 2871 1038 2943 utque
1060 2867 1143 2923 enus
1162 2859 1306 2922 fatiscunt.

369 2973 397 3032 5.
440 2969 570 3030 Gonsom
592 2987 647 3028 cur
668 2969 766 3030 cervis
794 2986 910 3029 coruum
938 2975 1150 3045 renascentur,
1175 2968 1254 3029 idem
1283 2971 1402 3032 Demo-

286 3078 380 3141 critus
401 3075 478 3136 liene
499 3093 566 3136 esse
589 3075 735 3164 perhibet.
779 3076 924 3136 Ventrem
947 3075 984 3137 iis
1002 3075 1214 3138 calidissimum
1236 3095 1302 3138 esse
1324 3097 1402 3139 con-

286 3185 367 3248 cedit
396 3191 557 3244 eteorum
574 3201 669 3244 venes
697 3203 753 3262 per
781 3183 954 3245 uuiversum
979 3203 1092 3262 corpus
1120 3185 1305 3264 pertinentes
1328 3203 1402 3247 esse

287 3289 453 3352 rarissimos
477 3289 559 3364 dicit,
588 3294 618 3350 et
648 3307 684 3350 os
708 3291 789 3370 quod
808 3292 965 3354 cerebrum
986 3290 1184 3371 amplectitur,
1206 3291 1401 3356 membranae

286 3397 381 3458 instar
404 3395 610 3458 tenuissimum
630 3403 661 3456 et
686 3416 832 3478 perquam
853 3418 955 3462 rorum
979 3419 1056 3475 csse,
1075 3400 1205 3480 indeque
1228 3400 1266 3462 etl
1287 3399 1401 3479 cepitis

286 3502 428 3564 uerticem
461 3503 661 3564 crassissimos
686 3523 777 3566 venes
806 3505 933 3567 exoriri:
968 3504 1097 3586 ideoque
1124 3507 1338 3569 nutrimentum
1367 3516 1402 3570 et

287 3609 346 3670 eibi
369 3615 485 3688 purtem
503 3611 678 3673 validiorem
706 3612 807 3674 notivo
829 3612 932 3675 colore
961 3613 1101 3675 celeriter
1120 3614 1224 3694 digeri.
1268 3615 1313 3677 Αο
1331 3615 1403 3695 pin-

287 3717 387 3796 guedo
411 3716 542 3796 quidem,
564 3737 640 3799 queo
666 3718 697 3779 in
719 3719 795 3782 cibis
818 3727 873 3796 est,
900 3719 1097 3797 extrinsecus,
1120 3721 1223 3803 iuquit,
1244 3723 1318 3804 ipsis
1339 3723 1402 3784 oir—

287 3821 499 3900 cumlunditur,
526 3825 609 3905 quod
630 3825 758 3888 solidius
786 3828 816 3888 in
845 3827 882 3888 iis
903 3832 957 3902 est,
978 3847 1035 3907 per
1054 3847 1147 3890 venes
1169 3828 1199 3888 in
1220 3836 1311 3910 ceput
1330 3851 1402 3892 snr-

287 3931 345 4009 git;
364 3930 433 3992 inde
453 3951 567 3992 cornua
590 3932 631 3994 eit
652 3931 747 3994 multo
769 3933 894 3994 humore
916 3934 1038 4014 irrigato
1059 3937 1168 3997 enasci.
1211 3937 1267 3998 llio
1286 3937 1403 3999 humor

287 4057 378 4118 quum
407 4038 597 4100 continenter
621 4039 725 4100 oltlnot
754 4041 853 4121 (quod
881 4058 919 4100 ex
947 4061 985 4102 eo
1006 4041 1176 4122 coaluerit),
1198 4050 1403 4124 promouetur

288 4149 318 4203 et
337 4144 463 4206 truditur
489 4145 580 4206 lorus.
630 4145 784 4228 Quidquid
813 4146 904 4226 igitur
932 4147 999 4224 ejus
1030 4156 1114 4211 extre
1141 4169 1252 4231 corpus
1275 4151 1402 4229 eminet,

286 4249 417 4311 durescit
442 4253 512 4314 uiire
542 4252 643 4332 ipsum
671 4252 823 4316 solidante
853 4259 883 4315 et
910 4253 941 4316 in
968 4274 1113 4320 corneam
1136 4259 1275 4321 duritiem
1299 4261 1401 4323 conti-
