2892 4872
283 325 344 392 156
610 325 806 388 Quaestionum
829 323 1060 380 llcmomitoarnm

366 495 401 574 5)
424 490 500 577 Περὶ
523 489 707 556 avernensi.
747 491 916 554 Columella
936 491 988 554 lih.
1009 491 1056 555 Xl
1074 511 1100 554 c
1122 492 1156 555 3:
1178 495 1258 570 „Sed
1278 495 1379 554 Derrio-

282 603 375 666 critns
400 604 430 664 in
452 622 490 665 eo
508 601 596 677 libro,
615 598 667 684 q'ui
689 599 807 662 Graece
831 599 1004 662 inscribitur
1021 599 1090 684 περὶ
1106 597 1287 680 turcatos,
1308 579 1380 664 alhr-

281 718 354 788 mat,
378 711 432 772 has
457 709 600 773 bestiolas
631 708 666 789 (i.
687 729 714 771 c.
743 708 867 786 erucas)
897 707 1027 783 enecari,
1053 706 1079 769 si
1112 707 1220 770 mulier
1255 729 1329 790 quae
1354 709 1382 769 in

281 819 443 882 menstruis
471 825 533 895 est,
564 817 673 881 solutis
705 816 837 880 crinibus
870 821 901 878 et
932 815 1015 878 nudo
1047 816 1126 898 pede
1154 835 1382 899 unamquamque

283 947 383 990 aream
403 934 451 989 ter
474 927 653 990 circumeat:
677 931 750 1006 post
777 926 836 986 hoe
861 924 939 986 enim
962 923 1104 986 decidere
1122 945 1227 988 ornnes
1247 924 1382 987 ueruricu-

281 1035 339 1114 los,
363 1041 394 1098 at
413 1035 454 1098 ita
474 1031 596 1097 emori.’'
636 1035 706 1114 lpse
734 1033 809 1094 haec
834 1031 929 1094 verba
955 1031 1084 1094 ridicula
1110 1041 1142 1096 et
1161 1034 1262 1114 inepta
1282 1031 1382 1094 indicio

282 1149 362 1220 suut,
386 1142 474 1206 istum
496 1141 608 1204 librum
627 1161 646 1204 a
664 1142 842 1204 Democrito
865 1161 927 1204 uon
946 1160 1013 1203 esse
1036 1140 1248 1221 compositum.
1292 1145 1382 1222 Quare

283 1249 484 1314 Columellam
506 1250 555 1313 hic
579 1250 697 1330 lapsum
724 1253 874 1329 putamus.
925 1250 987 1332 Qui
1011 1251 1163 1331 qnoniam,
1183 1257 1217 1314 ut
1238 1248 1326 1311 modo
1346 1246 1382 1305 ri-

284 1359 390 1436 dimus,
411 1357 509 1434 trudit,
539 1358 610 1420 Boli
636 1358 850 1419 commentaria
880 1357 957 1420 falso
982 1357 1022 1418 ad
1053 1358 1260 1420 Democritum
1279 1353 1381 1428 reterri,

283 1467 392 1532 Suidas
415 1472 515 1529 autem
532 1473 641 1529 auctor
661 1469 708 1528 est
728 1463 840 1527 Bolum
863 1485 1002 1528 exarasse
1025 1465 1211 1545 opusculum
1232 1464 1298 1548 περὶ
1320 1485 1382 1543 cup·

283 1574 421 1638 παθειῶν
455 1572 506 1635 καὶ
546 1571 764 1650 arcuatam,
798 1572 868 1636 hinc
896 1572 1115 1654 suspicandum
1145 1575 1275 1649 videtur,
1313 1571 1381 1631 hume

283 1683 354 1766 περὶ
377 1679 550 1744 demendis
569 1679 706 1743 libellum
727 1701 790 1744 non
813 1682 906 1744 tuisse
927 1681 1080 1745 diversum
1102 1683 1265 1746 aBoliano
1285 1680 1382 1760 ipsum-

285 1811 344 1875 que
364 1790 476 1852 Bolum
497 1789 587 1868 hujus
617 1808 738 1872 quoque
764 1788 939 1870 scriptionis
963 1775 1158 1853 co'uditorem
1185 1789 1286 1852 haberi
1304 1803 1382 1865 opor-

283 1905 357 1962 tere.
388 1898 466 1961 Vide
476 1897 600 1960 Suidam
617 1903 647 1959 et
666 1898 731 1976 ejus
748 1897 942 1977 interpretem
956 1898 1125 1961 Kusterum
1143 1899 1238 1962 toml
1251 1918 1279 1977 p.
1290 1891 1382 1956 tsnh

284 2007 363 2070 Bolo
385 2005 543 2070 Mendesio
566 2005 758 2086 Pythagoreo
779 2005 857 2068 male
879 2005 1035 2086 distinguit
1055 2006 1170 2071 Suidas
1190 2013 1278 2089 atque
1297 2023 1330 2066 cx
1349 2020 1382 2060 eo

285 2114 421 2177 Eudocia
447 2114 479 2176 in
505 2112 621 2174 Violar.
648 2133 715 2194 pag.
739 2114 780 2176 93
808 2119 839 2176 et
859 2116 901 2178 94
934 2114 1046 2176 Bolum
1073 2116 1307 2178 Democriteum.
1348 2109 1381 2170 hl

285 2229 446 2304 utrumque
483 2241 575 2284 unum
604 2239 671 2283 esse
706 2221 894 2304 eundemque
923 2221 1074 2284 hominem
1098 2224 1166 2302 jam
1195 2215 1381 2285 animadvertit

285 2329 445 2393 Fabricius
466 2329 528 2392 vol.
547 2331 560 2390 l
579 2328 658 2391 Bibl.
681 2328 732 2393 Gr.
755 2351 786 2410 p.
807 2330 869 2394 838
885 2330 931 2393 ed
948 2329 1062 2393 Harles.
1105 2332 1169 2395 Pro
1190 2329 1268 2393 Bolo
1290 2325 1381 2388 vitiose

289 2438 370 2501 Orus
400 2438 551 2502 invenitur
579 2457 627 2516 up.
662 2437 767 2500 Galen
796 2437 896 2500 lib.ll
925 2439 963 2500 de
982 2437 1126 2501 antidotis
1155 2459 1220 2519 cap.
1242 2439 1269 2512 7,
1300 2431 1381 2494 notus

287 2565 361 2609 vero
385 2546 416 2608 hu
437 2543 617 2608 commelini
638 2545 769 2607 editione
790 2545 977 2608 columellae
996 2565 1064 2625 pag.
1085 2546 1149 2609 344
1163 2555 1194 2609 et
1210 2546 1278 2620 444,
1299 2537 1382 2602 licha

288 2657 319 2718 in
342 2653 468 2718 scholiis
488 2652 528 2714 ad
551 2653 698 2714 Nicandri
721 2654 858 2717 Thoriac.
879 2673 946 2733 pag.
964 2655 1003 2715 56
1017 2655 1098 2734 (35),
1126 2647 1382 2736 deniquemdotns

288 2762 370 2844 apud
388 2760 590 2823 Varroneml
618 2761 656 2823 de
683 2781 718 2823 re
746 2770 820 2826 rust.
847 2762 1057 2841 Theophrasto
1083 2763 1237 2842 posterior
1265 2757 1317 2820 luit
1333 2755 1382 2815 Bo

287 2869 350 2942 lus;
372 2889 411 2931 ex
436 2869 501 2947 ejus
529 2868 608 2930 enim
630 2887 725 2950 opere
745 2871 783 2932 de
811 2871 921 2952 plantis
947 2868 1094 2930 normulla
1123 2871 1154 2931 in
1176 2869 1300 2931 medium
1319 2867 1382 2922 attu-

288 2977 361 3040 lisse
381 2977 462 3039 hunc
483 2982 612 3040 testatur
634 2977 805 3058 Stephanus
828 2977 992 3058 Byzantius
1019 2978 1048 3038 in
1079 2975 1218 3060 ἅψινθος.
1248 2975 1291 3036 Gi.
1311 2984 1382 3050 prae-

287 3091 371 3148 terea
393 3083 560 3147 Marsilium
578 3083 747 3165 Cognatum
767 3083 874 3148 variar.
894 3085 1014 3147 observ.
1044 3083 1079 3160 11,
1101 3087 1121 3146 7
1151 3081 1315 3148 Reinesium
1332 3090 1381 3132 var·

286 3190 369 3255 lectt
390 3189 443 3253 lib.
462 3192 476 3252 l
499 3210 565 3270 cap.
586 3191 639 3254 ult.
660 3212 690 3272 p.
703 3195 774 3271 922,
797 3193 986 3255 llolsteuium
1008 3194 1047 3254 ad
1065 3193 1256 3274 Stephanum·
1271 3205 1331 3266 pag.
1341 3181 1380 3248 61,

287 3298 458 3377 blenagiurn
486 3298 525 3359 ad
550 3300 640 3381 Diog.
668 3303 766 3362 baert
786 3301 808 3378 1,
834 3303 905 3374 109,
930 3299 1117 3362 Harduiuum
1147 3301 1178 3361 in
1205 3289 1381 3376 scriptoribus

288 3429 307 3469 a
329 3405 426 3467 Plinio
448 3404 577 3469 laudatis
598 3413 628 3469 et
649 3409 725 3470 Dan.
743 3407 897 3472 clericum
920 3407 951 3469 in
973 3407 1041 3470 hist
1064 3408 1143 3470 med.
1166 3412 1241 3488 part
1254 3403 1291 3464 lll
1308 3390 1380 3458 lihll

291 3535 358 3595 cap.
379 3517 407 3575 2.
452 3515 546 3590 Quod
567 3521 695 3577 aemtem
712 3515 780 3578 tulit
807 3515 1022 3579 inconcinnum
1045 3515 1226 3597 opusculum
1255 3511 1291 3570 de
1316 3519 1380 3596 synt·

292 3620 401 3702 pathiis
420 3625 451 3682 et
479 3623 657 3704 antipathiis,
689 3624 884 3687 translatione
912 3631 943 3687 et
979 3622 1194 3688 commentario
1224 3615 1382 3680 illustratum

292 3751 310 3791 a
337 3729 405 3790 doh.
432 3727 611 3794 Rentdorfio
641 3732 800 3795 Fabricius
838 3731 911 3795 olim
939 3731 1074 3814 vulgavit
1100 3731 1130 3792 in
1156 3726 1243 3790 tertia
1266 3715 1380 3782 editione

292 3838 370 3900 Bibl.
392 3837 445 3900 Gr.
467 3837 519 3901 lib.
540 3841 584 3903 lV
611 3861 676 3920 cap.
698 3842 738 3904 99
765 3840 825 3904 vol.
846 3841 891 3904 lV
917 3860 948 3921 p.
970 3841 1077 3904 333-
1091 3839 1161 3901 367.
1209 3821 1380 3894 Rentdorfius
1431 3829 1432 3844 ¹

292 3947 358 4025 ejus
378 3951 535 4010 auctorem
554 3947 729 4012 Anatolium
750 3969 817 4012 esse
837 3956 920 4012 ratus
944 3948 1056 4029 procul
1078 3945 1170 4008 dubio
1192 3939 1304 4003 fallitur.
1342 3923 1379 3986 Cf·

292 4053 407 4116 Niclas
419 4055 465 4116 ,ad
484 4054 663 4118 Needhamii
688 4057 907 4138 prolegomena
925 4057 957 4118 in
979 4053 1146 4135 Geoponic
1168 4057 1238 4112 tom.
1257 4047 1277 4107 l.
1305 4062 1331 4121 p·
1347 4031 1380 4093 13

293 4181 376 4244 seqq.
426 4161 504 4224 Cum
530 4162 590 4224 hoc
620 4164 669 4227 cui
704 4167 798 4228 modo
825 4163 975 4227 immorati
1004 4181 1107 4226 snmus
1130 4158 1216 4222 titulo
1244 4138 1380 4216 contundit

293 4269 451 4332 Fabricius
474 4269 584 4333 librum
604 4269 673 4355 περὶ
692 4271 801 4336 παθῶν
821 4280 1020 4336 memoratum
1037 4271 1076 4334 ab
1089 4259 1283 4350 Etymologici
1295 4241 1378 4328 hiatni
