2932 4862
360 323 449 387 Liber
466 322 513 382 tv.
550 322 593 377 Da
612 321 763 376 Democriti
782 320 898 392 placitis.
1121 318 1184 382 ,113

76 517 140 560 rum
167 494 386 558 immolatarum
413 491 633 572 inspicerentur
659 495 743 565 exta,
767 473 897 571 enorum
915 508 953 550 ex
972 487 1073 551 babitu
1095 493 1185 570 atque

77 625 112 666 ex
132 605 236 666 colore
259 609 320 664 tum
346 599 529 662 salubritatis
558 605 620 660 tum
649 595 837 677 pestilentiae
860 597 945 676 signa
964 595 1089 676 percipi,
1111 615 1186 657 uon-

79 730 229 792 nurrquam
258 709 363 783 etiam,
394 726 470 788 quac
499 705 539 768 sit
565 706 613 766 vel
638 703 779 766 sterilitas
807 723 949 784 agrorum
978 702 1026 766 vel
1049 702 1187 765 fertilitas

80 816 206 894 sutura,”
225 823 255 880 et
275 835 353 898 quae
373 815 455 895 apud
480 815 564 894 Orig.
594 821 702 876 contra
721 812 843 874 Celsum
863 813 914 876 lib.
937 813 1002 890 Vll,
1021 813 1062 874 66
1083 810 1187 890 legun-

77 933 141 989 tur:
173 920 477 1008 σομπεριφερόμονον
505 925 569 989 τοῖς
595 921 722 988 πολλοῖς
747 917 980 1003 προςποιεῖοθαι
1010 921 1074 986 τοῖς
1095 917 1185 999 ἀγάλ-

77 1053 166 1115 μασιν
191 1029 351 1115 οὔχεσλλαι,
374 1029 480 1091 ὁποῖον
509 1031 648 1090 ποιοῦσιν
679 1028 709 1090 ol
731 1026 768 1090 τὰ
787 1022 970 1110 Ἐπικούρου
992 1025 1012 1108 ἢ
1036 1024 1186 1108 Δημοκρί-

75 1161 129 1202 του
149 1137 370 1219 ἀσπαζόμενοι.
405 1137 484 1208 Nam
500 1136 752 1218 quemadmodum
769 1134 964 1198 Democritus
986 1136 1017 1198 in
1037 1134 1123 1196 libris
1148 1135 1187 1196 ad

75 1249 171 1312 solam
181 1245 376 1328 popularium
390 1244 546 1306 utilitatem
557 1243 749 1324 comparatis,
759 1242 864 1324 quales
881 1243 974 1306 luisse
990 1243 1105 1306 ethicos
1122 1243 1187 1320 ejus

76 1355 311 1418 commentarios
331 1373 399 1433 pag.
425 1355 480 1415 tot
509 1351 750 1431 significavimus,
772 1357 806 1412 ut
831 1369 900 1412 eum
923 1371 1012 1432 quern
1033 1349 1189 1430 spectabat

76 1463 165 1524 linem
195 1467 449 1542 consequeretur,
479 1459 560 1539 vulgi
589 1461 777 1521 Graecorum
805 1459 843 1520 de
867 1458 925 1520 diis
944 1459 1103 1539 opiniones
1126 1479 1188 1522 ser-

75 1571 171 1632 vavit:
206 1569 248 1632 ita
276 1588 343 1630 enm
367 1567 397 1629 iu
423 1567 484 1630 rita
504 1566 665 1641 communi,
685 1585 724 1628 ue
746 1565 921 1646 displiceret
940 1567 1056 1630 civibus
1078 1567 1150 1642 suis,
1171 1587 1190 1628 a

75 1676 269 1740 celebrandis
294 1675 400 1737 diebus
430 1675 514 1738 lestis
542 1680 632 1755 atque
660 1693 679 1734 a
703 1672 797 1736 sacris
822 1673 967 1736 iaciendis
990 1694 1052 1737 non
1081 1676 1190 1738 abbor-

76 1785 184 1861 ruissc,
212 1803 280 1846 cum
301 1781 423 1844 aliunde
450 1782 560 1861 conjici
587 1781 674 1858 licet,
698 1788 763 1844 tum
781 1799 819 1844 ex
844 1781 881 1844 iis
900 1801 978 1862 quos
997 1782 1190 1844 excitavimus

75 1892 157 1954 locis
180 1889 380 1972 probabiliter
402 1889 562 1971 colligitur.

162 1999 290 2064 Accede
311 1997 349 2058 ad
374 1997 466 2058 alium
491 1998 647 2060 doctrinae
673 1998 884 2060 Democriteus
906 1997 1017 2060 locum.
1059 1998 1193 2077 Tempo-

77 2107 120 2169 ris
142 2105 338 2168 diuturnitate
361 2104 472 2166 iactum
498 2111 553 2181 est,
581 2111 616 2167 ut
643 2106 779 2168 homines
800 2106 851 2187 qui
870 2105 1074 2187 antiquissima
1095 2111 1192 2167 aetate

76 2213 253 2276 animalium
282 2210 422 2289 discipuli
451 2211 581 2288 luerunt,
616 2211 771 2291 paullatim
803 2212 1000 2275 erudirentur.
1052 2211 1192 2294 Namque

75 2319 248 2384 inritatione
274 2336 331 2378 nos
359 2335 425 2379 esee
449 2325 632 2380 consecutos
657 2319 824 2380 affirmabat
851 2319 1061 2399 philosophus,
1091 2325 1126 2381 ut
1154 2319 1191 2381 ab

75 2425 201 2492 araneis
220 2432 322 2487 texere
344 2435 375 2485 et
396 2425 530 2502 reticere,
556 2426 594 2486 ab
624 2425 833 2490 hirundinibus
854 2427 1022 2503 aedificare,
1045 2427 1082 2490 ab
1105 2427 1193 2490 olore

77 2543 108 2598 et
133 2532 264 2596 luscinia
290 2530 421 2594 suaviter
452 2537 482 2592 et
514 2541 602 2595 acute
628 2553 737 2596 canere
766 2532 1041 2615 disceremus¹⁸⁶)·
1090 2536 1193 2618 ltaque

77 2663 133 2706 eae
158 2646 242 2704 artes
260 2639 394 2702 ourrrinm
414 2639 528 2720 primae
550 2640 686 2703 inventae
708 2649 786 2718 suut,
808 2642 934 2723 qnnead
955 2641 1045 2703 vitam
1066 2644 1194 2706 maxime

77 2749 273 2812 necessariae
295 2748 445 2824 videntur,
465 2755 572 2828 postea
593 2748 672 2827 iliae,
692 2769 768 2830 quae
790 2748 839 2812 rel
867 2749 1023 2811 utilitatem
1046 2751 1194 2832 quandam

76 2859 127 2922 vel
149 2857 339 2934 voluptatem
361 2855 532 2918 bominibus
550 2855 685 2919 alienent.
730 2855 954 2920 Posterioribus
977 2859 1120 2919 musicam
1144 2859 1196 2920 ad·
1295 2905 1298 2912 ι

77 2965 253 3028 numeravit
275 2965 475 3040 Democritus
499 2985 588 3045 quarn
608 2967 646 3028 ab
675 2965 741 3028 aliis
763 2985 821 3045 pro
844 2965 1046 3028 vetustissima
1065 2965 1196 3028 habitam

78 3075 146 3155 ipse
171 3093 211 3134 ex
239 3093 340 3134 rerum
369 3071 550 3134 abundantia
580 3082 676 3135 ortam
707 3093 775 3138 esse
803 3082 833 3138 et
861 3072 1051 3138 citerioribus
1078 3073 1196 3136 demum

76 3179 215 3244 saeculis
239 3179 387 3241 exstitisse
409 3179 482 3240 dixit
502 3177 582 3261 ¹⁸⁶).

167 3288 234 3352 Sed
260 3287 395 3368 quamvis
424 3287 559 3351 homiues
586 3288 712 3351 multum
739 3289 938 3369 profecerint,
967 3293 1065 3350 tamen
1088 3290 1198 3350 Deinc-

78 3394 287 3474 erito.judice
311 3414 417 3456 revera
447 3395 519 3457 uilril
540 3395 654 3470 saluum
684 3398 716 3459 in
744 3397 896 3477 profundo
926 3396 1004 3458 enirn
1028 3395 1138 3456 veritas
1155 3393 1198 3454 la-

77 3511 122 3566 tet
144 3499 231 3582 ¹⁴⁷).
275 3503 354 3564 Nam
382 3525 474 3586 quum
502 3513 623 3585 praeter
644 3513 761 3569 atomos
790 3513 820 3568 et
841 3507 929 3568 inane
950 3503 1022 3566 nihil
1043 3503 1071 3564 ei
1093 3521 1198 3566 verum

79 3663 288 3678 ——n—

152 3775 211 3836 ¹⁴⁵)
234 3775 363 3826 Plutarch.
386 3777 420 3826 de
439 3777 537 3828 soltert.
558 3779 662 3830 animai.
686 3793 711 3842 p.
729 3777 779 3831 ott
802 3781 836 3844 (p.
854 3777 895 3841 55,
913 3779 964 3830 voi.
984 3779 1005 3830 x
1027 3778 1068 3828 ed.
1089 3775 1198 3838 betelon:

76 3853 175 3924 γελοῖοι
198 3847 226 3904 b'
249 3851 310 3911 ἴσως
328 3855 404 3922 ἐσμὲν
427 3855 467 3908 ἐπὶ
484 3856 525 3924 trgi
544 3855 684 3924 μανθάνειν
704 3859 735 3910 τὰ
753 3859 808 3920 ζῶα
833 3857 1010 3928 οεμνΰνοντος,
1029 3856 1066 3910 ὧν
1082 3854 1096 3908 b
1113 3852 1198 3925 Δημό-

76 3953 167 4008 κριτος
187 3933 326 4004 ἀποφαίνοι
350 3933 468 4005 μαθητὰς
498 3935 523 3986 ἐν
549 3943 602 3994 τοῖς
624 3937 750 4008 μεγίστοις
771 3939 906 4010 γεγονότος
928 3938 1011 4010 ἡμᾶς·
1037 3938 1151 4010 ἀράχνης
1172 3934 1198 3987 lt

76 4017 212 4088 ὑφαντικῇ
228 4015 274 4066 καὶ
290 4015 430 4086 ἀκεστικῇ·
448 4013 581 4087 χελιδόνος
603 4017 630 4069 ἐν
649 4019 800 4092 οἰκοδομίᾳ·
826 4021 870 4072 arri
889 4025 942 4072 τῶν
963 4017 1083 4090 λιγυρῶν,
1100 4015 1199 4068 abaron

76 4101 122 4151 ani
142 4095 259 4166 ἀηδόνος
278 4095 304 4147 tv
323 4094 387 4168 epifi,
406 4097 473 4147 κατὰ
494 4097 609 4166 μίμησιν.

152 4189 209 4250 ¹⁴⁸)
229 4187 267 4238 (ll.
287 4188 380 4254 [ragin.
394 4204 449 4240 rar.
471 4203 572 4254 arguro.
591 4189 615 4244 l.

152 4281 214 4343 ¹⁴⁷)
237 4279 273 4330 Cl.
292 4281 384 4346 lingua
404 4281 480 4346 pirre.
498 4279 522 4334 5.
