<?xml version="1.0" encoding="UTF-8"?>
<!DOCTYPE html PUBLIC "-//W3C//DTD XHTML 1.0 Transitional//EN"
    "http://www.w3.org/TR/xhtml1/DTD/xhtml1-transitional.dtd">
<html xmlns="http://www.w3.org/1999/xhtml" xml:lang="en" lang="en">
 <head>
  <title>
</title>
<meta http-equiv="Content-Type" content="text/html;charset=utf-8" />
  <meta name='ocr-system' content='tesseract 3.04.00' />
  <meta name='ocr-capabilities' content='ocr_page ocr_carea ocr_par ocr_line ocrx_word'/>
</head>
<body>
  <div class='ocr_page' id='page_1' title='image "./democritiabderi00mullgoog_0158.png"; bbox 0 0 2892 4872; ppageno 0'>
   <div class='ocr_carea' id='block_1_1' title="bbox 363 327 1181 402">
    <p class='ocr_par' dir='ltr' id='par_1_1' title="bbox 363 327 1181 402">
     <span class='ocr_line' id='line_1_1' title="bbox 363 327 1181 402; baseline 0.012 -19"><span class='ocrx_word' id='word_1_1' title='bbox 363 327 498 387; x_wconf 81' lang='lat' dir='ltr'><strong>Liberti.</strong></span> <span class='ocrx_word' id='word_1_2' title='bbox 534 327 578 384; x_wconf 87' lang='lat' dir='ltr'><strong>Do</strong></span> <span class='ocrx_word' id='word_1_3' title='bbox 594 327 746 384; x_wconf 72' lang='lat' dir='ltr'><strong>Democriti</strong></span> <span class='ocrx_word' id='word_1_4' title='bbox 764 330 883 402; x_wconf 84' lang='lat' dir='ltr'><strong>scriptis.</strong></span> <span class='ocrx_word' id='word_1_5' title='bbox 1119 333 1181 401; x_wconf 83' lang='lat'><strong>137</strong></span> 
     </span>
    </p>
   </div>
   <div class='ocr_carea' id='block_1_2' title="bbox 73 495 1178 689">
    <p class='ocr_par' dir='ltr' id='par_1_2' title="bbox 6 495 1178 690">
     <span class='ocr_line' id='line_1_2' title="bbox 78 495 1178 582; baseline 0.008 -24"><span class='ocrx_word' id='word_1_6' title='bbox 78 495 162 576; x_wconf 79' lang='lat' dir='ltr'><strong>Epist</strong></span> <span class='ocrx_word' id='word_1_7' title='bbox 186 499 232 562; x_wconf 87' lang='lat'><strong>56.</strong></span> <span class='ocrx_word' id='word_1_8' title='bbox 284 497 416 562; x_wconf 79' lang='lat' dir='ltr'><strong>Fabricii</strong></span> <span class='ocrx_word' id='word_1_9' title='bbox 445 495 652 578; x_wconf 81' lang='lat' dir='ltr'><strong>suspicionem</strong></span> <span class='ocrx_word' id='word_1_10' title='bbox 681 497 721 560; x_wconf 87' lang='lat' dir='ltr'><strong>ad</strong></span> <span class='ocrx_word' id='word_1_11' title='bbox 746 499 829 563; x_wconf 79' lang='lat' dir='ltr'><strong>Sext</strong></span> <span class='ocrx_word' id='word_1_12' title='bbox 849 500 936 582; x_wconf 86' lang='lat' dir='ltr'><strong>Emp.</strong></span> <span class='ocrx_word' id='word_1_13' title='bbox 964 523 994 582; x_wconf 87' lang='lat' dir='ltr'><strong>p.</strong></span> <span class='ocrx_word' id='word_1_14' title='bbox 1017 502 1078 566; x_wconf 84' lang='grc'><strong>399</strong></span> <span class='ocrx_word' id='word_1_15' title='bbox 1105 523 1178 568; x_wconf 85' lang='grc' dir='ltr'>οοιι-</span> 
     </span>
     <span class='ocr_line' id='line_1_3' title="bbox 73 603 1177 689; baseline 0.009 -22.428"><span class='ocrx_word' id='word_1_16' title='bbox 73 603 213 682; x_wconf 78' lang='lat' dir='ltr'><strong>iectautis,</strong></span> <span class='ocrx_word' id='word_1_17' title='bbox 224 607 508 670; x_wconf 86' lang='lat' dir='ltr'><strong>commentationem</strong></span> <span class='ocrx_word' id='word_1_18' title='bbox 529 605 600 689; x_wconf 79' lang='grc' dir='ltr'><strong>περὶ</strong></span> <span class='ocrx_word' id='word_1_19' title='bbox 622 605 722 684; x_wconf 82' lang='grc' dir='ltr'>Ιδεῶν,</span> <span class='ocrx_word' id='word_1_20' title='bbox 745 607 783 668; x_wconf 89' lang='lat' dir='ltr'><strong>de</strong></span> <span class='ocrx_word' id='word_1_21' title='bbox 795 627 856 689; x_wconf 89' lang='lat' dir='ltr'><strong>quo</strong></span> <span class='ocrx_word' id='word_1_22' title='bbox 875 608 1002 672; x_wconf 86' lang='lat' dir='ltr'><strong>diximus</strong></span> <span class='ocrx_word' id='word_1_23' title='bbox 1014 611 1053 672; x_wconf 86' lang='lat' dir='ltr'><strong>ud</strong></span> <span class='ocrx_word' id='word_1_24' title='bbox 1066 609 1177 676; x_wconf 87' lang='lat' dir='ltr'><strong>libmun</strong></span> 
     </span>
    </p>
   </div>
   <div class='ocr_carea' id='block_1_3' title="bbox 6 713 1179 4026">
    <p class='ocr_par' dir='ltr' id='par_1_3' title="bbox 6 713 1179 4026">
     <span class='ocr_line' id='line_1_4' title="bbox 77 713 1178 805; baseline 0.008 -31"><span class='ocrx_word' id='word_1_25' title='bbox 77 713 119 788; x_wconf 72' lang='grc' dir='ltr'>λθ,</span> <span class='ocrx_word' id='word_1_26' title='bbox 147 732 207 777; x_wconf 91' lang='lat' dir='ltr'><strong>nou</strong></span> <span class='ocrx_word' id='word_1_27' title='bbox 233 715 383 778; x_wconf 87' lang='lat' dir='ltr'><strong>diversam</strong></span> <span class='ocrx_word' id='word_1_28' title='bbox 411 733 479 776; x_wconf 90' lang='lat' dir='ltr'><strong>esse</strong></span> <span class='ocrx_word' id='word_1_29' title='bbox 500 714 539 776; x_wconf 88' lang='lat' dir='ltr'><strong>ab</strong></span> <span class='ocrx_word' id='word_1_30' title='bbox 565 715 622 776; x_wconf 88' lang='lat' dir='ltr'><strong>hac</strong></span> <span class='ocrx_word' id='word_1_31' title='bbox 651 714 721 798; x_wconf 79' lang='lat' dir='ltr'><strong>cepi</strong></span> <span class='ocrx_word' id='word_1_32' title='bbox 742 715 873 778; x_wconf 78' lang='grc' dir='ltr'>εἰδώλου</span> <span class='ocrx_word' id='word_1_33' title='bbox 896 715 916 798; x_wconf 75' lang='grc' dir='ltr'>ἢ</span> <span class='ocrx_word' id='word_1_34' title='bbox 941 717 1010 801; x_wconf 81' lang='lat' dir='ltr'><strong>cept</strong></span> <span class='ocrx_word' id='word_1_35' title='bbox 1032 721 1178 805; x_wconf 76' lang='grc' dir='ltr'>προνοίης</span> 
     </span>
     <span class='ocr_line' id='line_1_5' title="bbox 76 821 824 914; baseline 0.001 -31"><span class='ocrx_word' id='word_1_36' title='bbox 76 821 236 903; x_wconf 78' lang='lat' dir='ltr'><strong>scriptione,</strong></span> <span class='ocrx_word' id='word_1_37' title='bbox 258 824 391 906; x_wconf 69' lang='lat' dir='ltr'><strong>probor-e</strong></span> <span class='ocrx_word' id='word_1_38' title='bbox 410 843 472 885; x_wconf 91' lang='lat' dir='ltr'><strong>non</strong></span> <span class='ocrx_word' id='word_1_39' title='bbox 493 841 627 904; x_wconf 89' lang='lat' dir='ltr'><strong>possum.</strong></span> <span class='ocrx_word' id='word_1_40' title='bbox 822 911 824 914; x_wconf 16' lang='grc' dir='ltr'>Ι</span> 
     </span>
     <span class='ocr_line' id='line_1_6' title="bbox 6 927 1175 1020; baseline 0.003 -26"><span class='ocrx_word' id='word_1_41' title='bbox 6 1013 7 1020; x_wconf 15' lang='grc' dir='ltr'>γ</span> <span class='ocrx_word' id='word_1_42' title='bbox 151 932 207 1012; x_wconf 74' lang='lat'><strong>23)</strong></span> <span class='ocrx_word' id='word_1_43' title='bbox 228 929 305 1016; x_wconf 80' lang='grc' dir='ltr'><strong>Περὶ</strong></span> <span class='ocrx_word' id='word_1_44' title='bbox 327 933 444 1014; x_wconf 89' lang='grc' dir='ltr'>λοιμῶν</span> <span class='ocrx_word' id='word_1_45' title='bbox 470 931 490 1014; x_wconf 78' lang='lat' dir='ltr'><strong>i,</strong></span> <span class='ocrx_word' id='word_1_46' title='bbox 518 932 663 1014; x_wconf 86' lang='grc' dir='ltr'>λοιμικῶν</span> <span class='ocrx_word' id='word_1_47' title='bbox 695 934 797 994; x_wconf 84' lang='grc' dir='ltr'>κακῶν</span> <span class='ocrx_word' id='word_1_48' title='bbox 822 927 859 1009; x_wconf 84' lang='grc' dir='ltr'><strong>α’,</strong></span> <span class='ocrx_word' id='word_1_49' title='bbox 884 927 921 1016; x_wconf 74' lang='grc' dir='ltr'><strong>β,</strong></span> <span class='ocrx_word' id='word_1_50' title='bbox 939 928 975 1015; x_wconf 84' lang='grc' dir='ltr'><strong>γ’.</strong></span> <span class='ocrx_word' id='word_1_51' title='bbox 1011 936 1054 996; x_wconf 87' lang='lat' dir='ltr'><strong>ltu</strong></span> <span class='ocrx_word' id='word_1_52' title='bbox 1076 933 1175 1016; x_wconf 78' lang='lat' dir='ltr'><strong>legeu-</strong></span> 
     </span>
     <span class='ocr_line' id='line_1_7' title="bbox 6 1023 1178 1123; baseline 0.005 -25"><span class='ocrx_word' id='word_1_53' title='bbox 6 1023 7 1050; x_wconf 59' lang='lat'>¹</span> <span class='ocrx_word' id='word_1_54' title='bbox 75 1037 137 1100; x_wconf 89' lang='lat' dir='ltr'><strong>dum</strong></span> <span class='ocrx_word' id='word_1_55' title='bbox 166 1058 225 1119; x_wconf 94' lang='lat' dir='ltr'><strong>pro</strong></span> <span class='ocrx_word' id='word_1_56' title='bbox 259 1057 298 1102; x_wconf 90' lang='lat' dir='ltr'><strong>eo</strong></span> <span class='ocrx_word' id='word_1_57' title='bbox 331 1041 416 1123; x_wconf 94' lang='lat' dir='ltr'><strong>quod</strong></span> <span class='ocrx_word' id='word_1_58' title='bbox 451 1038 545 1120; x_wconf 81' lang='lat' dir='ltr'><strong>vulgo</strong></span> <span class='ocrx_word' id='word_1_59' title='bbox 576 1039 659 1120; x_wconf 86' lang='lat' dir='ltr'><strong>opud</strong></span> <span class='ocrx_word' id='word_1_60' title='bbox 688 1039 857 1121; x_wconf 80' lang='lat' dir='ltr'><strong>Diogenem</strong></span> <span class='ocrx_word' id='word_1_61' title='bbox 885 1039 941 1118; x_wconf 80' lang='lat' dir='ltr'><strong>IX,</strong></span> <span class='ocrx_word' id='word_1_62' title='bbox 963 1042 1003 1104; x_wconf 73' lang='lat'><strong>47</strong></span> <span class='ocrx_word' id='word_1_63' title='bbox 1034 1041 1178 1106; x_wconf 75' lang='lat' dir='ltr'><strong>scribitur</strong></span> 
     </span>
     <span class='ocr_line' id='line_1_8' title="bbox 6 1136 1175 1234; baseline 0.009 -29"><span class='ocrx_word' id='word_1_64' title='bbox 6 1136 13 1234; x_wconf 69' lang='lat' dir='ltr'><strong>i</strong></span> <span class='ocrx_word' id='word_1_65' title='bbox 73 1145 134 1230; x_wconf 78' lang='lat' dir='ltr'><strong>cepi</strong></span> <span class='ocrx_word' id='word_1_66' title='bbox 152 1148 269 1231; x_wconf 88' lang='grc' dir='ltr'>λοιμῶν</span> <span class='ocrx_word' id='word_1_67' title='bbox 291 1148 403 1210; x_wconf 84' lang='grc' dir='ltr'>κανών.</span> <span class='ocrx_word' id='word_1_68' title='bbox 446 1147 515 1210; x_wconf 90' lang='lat' dir='ltr'><strong>Vid.</strong></span> <span class='ocrx_word' id='word_1_69' title='bbox 534 1150 646 1213; x_wconf 85' lang='lat' dir='ltr'><strong>Meurs.</strong></span> <span class='ocrx_word' id='word_1_70' title='bbox 670 1149 700 1210; x_wconf 91' lang='lat' dir='ltr'><strong>in</strong></span> <span class='ocrx_word' id='word_1_71' title='bbox 718 1147 796 1211; x_wconf 88' lang='lat' dir='ltr'><strong>Bibi.</strong></span> <span class='ocrx_word' id='word_1_72' title='bbox 819 1149 950 1222; x_wconf 86' lang='lat' dir='ltr'><strong>Graeca;</strong></span> <span class='ocrx_word' id='word_1_73' title='bbox 970 1149 1175 1216; x_wconf 54' lang='lat' dir='ltr'><strong>Reineerar.</strong></span> 
     </span>
     <span class='ocr_line' id='line_1_9' title="bbox 6 1249 1175 1338; baseline 0.008 -24"><span class='ocrx_word' id='word_1_74' title='bbox 6 1249 8 1302; x_wconf 71' lang='lat' dir='ltr'><strong>i</strong></span> <span class='ocrx_word' id='word_1_75' title='bbox 73 1252 132 1317; x_wconf 87' lang='lat' dir='ltr'><strong>lect</strong></span> <span class='ocrx_word' id='word_1_76' title='bbox 151 1255 187 1332; x_wconf 88' lang='lat' dir='ltr'><strong>ii,</strong></span> <span class='ocrx_word' id='word_1_77' title='bbox 214 1259 229 1320; x_wconf 90' lang='lat'>1</span> <span class='ocrx_word' id='word_1_78' title='bbox 262 1264 293 1319; x_wconf 91' lang='lat' dir='ltr'><strong>et</strong></span> <span class='ocrx_word' id='word_1_79' title='bbox 320 1257 448 1338; x_wconf 84' lang='lat' dir='ltr'><strong>interpp.</strong></span> <span class='ocrx_word' id='word_1_80' title='bbox 476 1257 515 1318; x_wconf 86' lang='lat' dir='ltr'><strong>rd</strong></span> <span class='ocrx_word' id='word_1_81' title='bbox 539 1257 618 1320; x_wconf 88' lang='lat' dir='ltr'><strong>Gell.</strong></span> <span class='ocrx_word' id='word_1_82' title='bbox 640 1265 733 1320; x_wconf 91' lang='lat' dir='ltr'><strong>uoctt.</strong></span> <span class='ocrx_word' id='word_1_83' title='bbox 753 1263 803 1321; x_wconf 83' lang='lat' dir='ltr'><strong>att.</strong></span> <span class='ocrx_word' id='word_1_84' title='bbox 826 1257 878 1332; x_wconf 89' lang='lat' dir='ltr'><strong>lv,</strong></span> <span class='ocrx_word' id='word_1_85' title='bbox 904 1258 943 1319; x_wconf 82' lang='lat'><strong>13</strong></span> <span class='ocrx_word' id='word_1_86' title='bbox 972 1258 1018 1320; x_wconf 90' lang='lat' dir='ltr'><strong>ed.</strong></span> <span class='ocrx_word' id='word_1_87' title='bbox 1039 1258 1175 1324; x_wconf 88' lang='lat' dir='ltr'><strong>Gronov.</strong></span> 
     </span>
     <span class='ocr_line' id='line_1_10' title="bbox 73 1364 1176 1444; baseline 0.007 -22"><span class='ocrx_word' id='word_1_88' title='bbox 73 1364 232 1444; x_wconf 81' lang='lat' dir='ltr'><strong>ctbienag.</strong></span> <span class='ocrx_word' id='word_1_89' title='bbox 250 1365 291 1426; x_wconf 91' lang='lat' dir='ltr'><strong>ad</strong></span> <span class='ocrx_word' id='word_1_90' title='bbox 307 1367 405 1428; x_wconf 84' lang='lat' dir='ltr'><strong>Laert</strong></span> <span class='ocrx_word' id='word_1_91' title='bbox 428 1364 448 1428; x_wconf 78' lang='lat' dir='ltr'><strong>t</strong></span> <span class='ocrx_word' id='word_1_92' title='bbox 470 1364 489 1427; x_wconf 92' lang='grc' dir='ltr'><strong>Ι.</strong></span> <span class='ocrx_word' id='word_1_93' title='bbox 528 1366 589 1428; x_wconf 86' lang='lat' dir='ltr'><strong>Res</strong></span> <span class='ocrx_word' id='word_1_94' title='bbox 618 1366 698 1428; x_wconf 90' lang='lat' dir='ltr'><strong>enim</strong></span> <span class='ocrx_word' id='word_1_95' title='bbox 725 1365 770 1428; x_wconf 87' lang='lat' dir='ltr'><strong>sic</strong></span> <span class='ocrx_word' id='word_1_96' title='bbox 790 1384 825 1428; x_wconf 89' lang='lat' dir='ltr'><strong>se</strong></span> <span class='ocrx_word' id='word_1_97' title='bbox 848 1366 945 1429; x_wconf 85' lang='lat' dir='ltr'><strong>habet.</strong></span> <span class='ocrx_word' id='word_1_98' title='bbox 987 1367 1022 1428; x_wconf 91' lang='lat' dir='ltr'><strong>In</strong></span> <span class='ocrx_word' id='word_1_99' title='bbox 1043 1367 1176 1430; x_wconf 81' lang='lat' dir='ltr'><strong>editione</strong></span> 
     </span>
     <span class='ocr_line' id='line_1_11' title="bbox 6 1465 1176 1557; baseline 0.005 -25"><span class='ocrx_word' id='word_1_100' title='bbox 6 1465 7 1518; x_wconf 68' lang='grc' dir='ltr'><strong><em>ῗ</em></strong></span> <span class='ocrx_word' id='word_1_101' title='bbox 72 1469 230 1534; x_wconf 82' lang='lat' dir='ltr'><strong>Bosiieensi</strong></span> <span class='ocrx_word' id='word_1_102' title='bbox 263 1473 413 1553; x_wconf 88' lang='lat' dir='ltr'><strong>reperitur</strong></span> <span class='ocrx_word' id='word_1_103' title='bbox 443 1473 512 1557; x_wconf 77' lang='lat' dir='ltr'><strong>cepi</strong></span> <span class='ocrx_word' id='word_1_104' title='bbox 541 1475 685 1554; x_wconf 75' lang='grc' dir='ltr'>λογικῶν,</span> <span class='ocrx_word' id='word_1_105' title='bbox 721 1473 804 1554; x_wconf 89' lang='lat' dir='ltr'><strong>quod</strong></span> <span class='ocrx_word' id='word_1_106' title='bbox 834 1473 986 1536; x_wconf 80' lang='lat' dir='ltr'><strong>arridebat</strong></span> <span class='ocrx_word' id='word_1_107' title='bbox 1016 1474 1176 1538; x_wconf 83' lang='lat' dir='ltr'><strong>Gossendo</strong></span> 
     </span>
     <span class='ocr_line' id='line_1_12' title="bbox 6 1580 1174 1664; baseline 0.006 -24"><span class='ocrx_word' id='word_1_108' title='bbox 6 1648 7 1663; x_wconf 26' lang='grc' dir='ltr'>γ</span> <span class='ocrx_word' id='word_1_109' title='bbox 72 1585 234 1660; x_wconf 79' lang='lat' dir='ltr'><strong>propterea,</strong></span> <span class='ocrx_word' id='word_1_110' title='bbox 257 1580 340 1662; x_wconf 89' lang='lat' dir='ltr'><strong>quod</strong></span> <span class='ocrx_word' id='word_1_111' title='bbox 365 1600 442 1664; x_wconf 90' lang='lat' dir='ltr'><strong>quae</strong></span> <span class='ocrx_word' id='word_1_112' title='bbox 458 1581 569 1645; x_wconf 87' lang='lat' dir='ltr'><strong>Sextus</strong></span> <span class='ocrx_word' id='word_1_113' title='bbox 587 1581 760 1662; x_wconf 85' lang='lat' dir='ltr'><strong>Empiricos</strong></span> <span class='ocrx_word' id='word_1_114' title='bbox 776 1582 842 1644; x_wconf 87' lang='lat' dir='ltr'><strong>adv.</strong></span> <span class='ocrx_word' id='word_1_115' title='bbox 859 1581 1086 1646; x_wconf 82' lang='lat' dir='ltr'><strong>Mathematicus</strong></span> <span class='ocrx_word' id='word_1_116' title='bbox 1101 1589 1174 1648; x_wconf 89' lang='lat' dir='ltr'><strong>sect.</strong></span> 
     </span>
     <span class='ocr_line' id='line_1_13' title="bbox 74 1687 1175 1777; baseline 0.007 -29"><span class='ocrx_word' id='word_1_117' title='bbox 74 1687 125 1749; x_wconf 80' lang='lat'><strong>136</strong></span> <span class='ocrx_word' id='word_1_118' title='bbox 143 1709 211 1770; x_wconf 85' lang='lat' dir='ltr'><strong>pag.</strong></span> <span class='ocrx_word' id='word_1_119' title='bbox 234 1690 298 1752; x_wconf 74' lang='lat'><strong>400</strong></span> <span class='ocrx_word' id='word_1_120' title='bbox 321 1688 368 1752; x_wconf 92' lang='lat' dir='ltr'><strong>ed.</strong></span> <span class='ocrx_word' id='word_1_121' title='bbox 392 1690 482 1752; x_wconf 82' lang='lat' dir='ltr'><strong>Febr.</strong></span> <span class='ocrx_word' id='word_1_122' title='bbox 513 1691 613 1754; x_wconf 81' lang='lat' dir='ltr'><strong>affert:</strong></span> <span class='ocrx_word' id='word_1_123' title='bbox 639 1687 670 1751; x_wconf 79' lang='grc' dir='ltr'><strong>ἐν</strong></span> <span class='ocrx_word' id='word_1_124' title='bbox 696 1687 731 1751; x_wconf 79' lang='grc' dir='ltr'><strong>δὲ</strong></span> <span class='ocrx_word' id='word_1_125' title='bbox 756 1693 819 1757; x_wconf 83' lang='grc' dir='ltr'>τοῖς</span> <span class='ocrx_word' id='word_1_126' title='bbox 845 1687 961 1768; x_wconf 78' lang='grc' dir='ltr'>κανόσι,</span> <span class='ocrx_word' id='word_1_127' title='bbox 983 1689 1038 1753; x_wconf 78' lang='grc' dir='ltr'>δύο</span> <span class='ocrx_word' id='word_1_128' title='bbox 1060 1693 1092 1772; x_wconf 81' lang='grc' dir='ltr'><strong>(ὁ</strong></span> <span class='ocrx_word' id='word_1_129' title='bbox 1116 1691 1175 1777; x_wconf 76' lang='grc' dir='ltr'><strong>Δγ-</strong></span> 
     </span>
     <span class='ocr_line' id='line_1_14' title="bbox 73 1790 1174 1886; baseline 0.006 -31"><span class='ocrx_word' id='word_1_130' title='bbox 73 1790 220 1878; x_wconf 74' lang='grc' dir='ltr'>μόκριτδς)</span> <span class='ocrx_word' id='word_1_131' title='bbox 250 1817 341 1880; x_wconf 82' lang='grc' dir='ltr'>φησιν</span> <span class='ocrx_word' id='word_1_132' title='bbox 372 1795 450 1860; x_wconf 78' lang='grc' dir='ltr'>εἶναι</span> <span class='ocrx_word' id='word_1_133' title='bbox 476 1799 619 1881; x_wconf 76' lang='grc' dir='ltr'>γνώσεις·</span> <span class='ocrx_word' id='word_1_134' title='bbox 645 1796 699 1879; x_wconf 79' lang='grc' dir='ltr'><strong>τὴν</strong></span> <span class='ocrx_word' id='word_1_135' title='bbox 728 1795 783 1882; x_wconf 80' lang='grc' dir='ltr'><strong>μὲν</strong></span> <span class='ocrx_word' id='word_1_136' title='bbox 810 1795 888 1861; x_wconf 81' lang='grc' dir='ltr'>εἶναι</span> <span class='ocrx_word' id='word_1_137' title='bbox 917 1796 967 1862; x_wconf 85' lang='grc' dir='ltr'><strong>διὰ</strong></span> <span class='ocrx_word' id='word_1_138' title='bbox 988 1801 1049 1862; x_wconf 86' lang='grc' dir='ltr'><strong>τῶν</strong></span> <span class='ocrx_word' id='word_1_139' title='bbox 1069 1799 1174 1886; x_wconf 60' lang='lat' dir='ltr'><strong>orons·</strong></span> 
     </span>
     <span class='ocr_line' id='line_1_15' title="bbox 72 1903 1175 1989; baseline 0.009 -27"><span class='ocrx_word' id='word_1_140' title='bbox 72 1921 159 1964; x_wconf 82' lang='grc' dir='ltr'>οεον·</span> <span class='ocrx_word' id='word_1_141' title='bbox 195 1903 253 1987; x_wconf 84' lang='grc' dir='ltr'><strong>τὴν</strong></span> <span class='ocrx_word' id='word_1_142' title='bbox 289 1904 325 1968; x_wconf 81' lang='grc' dir='ltr'><strong>δὲ</strong></span> <span class='ocrx_word' id='word_1_143' title='bbox 352 1903 403 1968; x_wconf 77' lang='grc' dir='ltr'><strong>διὰ</strong></span> <span class='ocrx_word' id='word_1_144' title='bbox 430 1909 485 1989; x_wconf 78' lang='grc' dir='ltr'><strong>τῆς</strong></span> <span class='ocrx_word' id='word_1_145' title='bbox 516 1906 652 1975; x_wconf 76' lang='grc' dir='ltr'>διανοίας</span> <span class='ocrx_word' id='word_1_146' title='bbox 679 1927 707 1967; x_wconf 93' lang='grc' dir='ltr'><strong>κ.</strong></span> <span class='ocrx_word' id='word_1_147' title='bbox 730 1905 758 1968; x_wconf 91' lang='grc' dir='ltr'><strong>λ.</strong></span> <span class='ocrx_word' id='word_1_148' title='bbox 782 1906 809 1968; x_wconf 94' lang='grc' dir='ltr'>λ.</span> <span class='ocrx_word' id='word_1_149' title='bbox 838 1906 941 1988; x_wconf 76' lang='lat' dir='ltr'><strong>logica</strong></span> <span class='ocrx_word' id='word_1_150' title='bbox 959 1927 1086 1989; x_wconf 89' lang='lat' dir='ltr'><strong>prorsus</strong></span> <span class='ocrx_word' id='word_1_151' title='bbox 1100 1927 1175 1972; x_wconf 75' lang='lat' dir='ltr'><strong>«csso</strong></span> 
     </span>
     <span class='ocr_line' id='line_1_16' title="bbox 70 2009 1176 2096; baseline 0.009 -26"><span class='ocrx_word' id='word_1_152' title='bbox 70 2009 222 2076; x_wconf 84' lang='lat' dir='ltr'><strong>videantur</strong></span> <span class='ocrx_word' id='word_1_153' title='bbox 249 2019 341 2096; x_wconf 87' lang='lat' dir='ltr'><strong>atque</strong></span> <span class='ocrx_word' id='word_1_154' title='bbox 371 2012 410 2075; x_wconf 81' lang='lat' dir='ltr'><strong>cd</strong></span> <span class='ocrx_word' id='word_1_155' title='bbox 438 2019 554 2095; x_wconf 89' lang='lat' dir='ltr'><strong>pestem</strong></span> <span class='ocrx_word' id='word_1_156' title='bbox 580 2013 653 2076; x_wconf 87' lang='lat' dir='ltr'><strong>nibil</strong></span> <span class='ocrx_word' id='word_1_157' title='bbox 680 2013 868 2093; x_wconf 83' lang='lat' dir='ltr'><strong>pertinentia</strong></span> <span class='ocrx_word' id='word_1_158' title='bbox 920 2019 1114 2096; x_wconf 84' lang='lat' dir='ltr'><strong>Quapropter</strong></span> <span class='ocrx_word' id='word_1_159' title='bbox 1145 2023 1176 2080; x_wconf 90' lang='lat' dir='ltr'><strong>et</strong></span> 
     </span>
     <span class='ocr_line' id='line_1_17' title="bbox 69 2115 1174 2206; baseline 0.003 -22"><span class='ocrx_word' id='word_1_160' title='bbox 69 2115 177 2199; x_wconf 66' lang='lat' dir='ltr'><strong>Mogius</strong></span> <span class='ocrx_word' id='word_1_161' title='bbox 208 2121 338 2184; x_wconf 77' lang='lat' dir='ltr'><strong>lilisccll.</strong></span> <span class='ocrx_word' id='word_1_162' title='bbox 360 2122 413 2199; x_wconf 93' lang='lat' dir='ltr'><strong>lV,</strong></span> <span class='ocrx_word' id='word_1_163' title='bbox 437 2123 456 2184; x_wconf 90' lang='grc'>9</span> <span class='ocrx_word' id='word_1_164' title='bbox 487 2121 578 2184; x_wconf 86' lang='lat' dir='ltr'><strong>scribi</strong></span> <span class='ocrx_word' id='word_1_165' title='bbox 601 2122 729 2199; x_wconf 78' lang='lat' dir='ltr'><strong>jubebat</strong></span> <span class='ocrx_word' id='word_1_166' title='bbox 758 2119 834 2206; x_wconf 82' lang='lat' dir='ltr'><strong>ssepi</strong></span> <span class='ocrx_word' id='word_1_167' title='bbox 858 2122 973 2204; x_wconf 86' lang='grc' dir='ltr'>λοιμῶν</span> <span class='ocrx_word' id='word_1_168' title='bbox 998 2122 1018 2206; x_wconf 76' lang='grc' dir='ltr'><strong>ἦ</strong></span> <span class='ocrx_word' id='word_1_169' title='bbox 1045 2124 1174 2206; x_wconf 87' lang='grc' dir='ltr'>λογικῶν</span> 
     </span>
     <span class='ocr_line' id='line_1_18' title="bbox 71 2228 1176 2311; baseline 0.008 -26"><span class='ocrx_word' id='word_1_170' title='bbox 71 2230 170 2306; x_wconf 79' lang='grc' dir='ltr'>κακῶν,</span> <span class='ocrx_word' id='word_1_171' title='bbox 193 2247 289 2311; x_wconf 90' lang='lat' dir='ltr'><strong>quem</strong></span> <span class='ocrx_word' id='word_1_172' title='bbox 312 2229 382 2293; x_wconf 87' lang='lat' dir='ltr'><strong>libri</strong></span> <span class='ocrx_word' id='word_1_173' title='bbox 406 2231 535 2292; x_wconf 88' lang='lat' dir='ltr'><strong>indicem</strong></span> <span class='ocrx_word' id='word_1_174' title='bbox 555 2231 709 2293; x_wconf 86' lang='lat' dir='ltr'><strong>vertebat:</strong></span> <span class='ocrx_word' id='word_1_175' title='bbox 731 2229 768 2292; x_wconf 79' lang='lat' dir='ltr'><strong>de</strong></span> <span class='ocrx_word' id='word_1_176' title='bbox 787 2228 922 2310; x_wconf 70' lang='lat' dir='ltr'><strong>potibus</strong></span> <span class='ocrx_word' id='word_1_177' title='bbox 944 2239 1004 2292; x_wconf 78' lang='lat' dir='ltr'><strong>out</strong></span> <span class='ocrx_word' id='word_1_178' title='bbox 1023 2232 1059 2292; x_wconf 80' lang='lat' dir='ltr'><strong>da</strong></span> <span class='ocrx_word' id='word_1_179' title='bbox 1079 2235 1176 2294; x_wconf 81' lang='lat' dir='ltr'><strong>ratio-</strong></span> 
     </span>
     <span class='ocr_line' id='line_1_19' title="bbox 69 2331 1175 2420; baseline 0.006 -25"><span class='ocrx_word' id='word_1_180' title='bbox 69 2331 217 2400; x_wconf 77' lang='lat' dir='ltr'><strong>oada&#39;lc&#39;um</strong></span> <span class='ocrx_word' id='word_1_181' title='bbox 247 2338 361 2420; x_wconf 90' lang='lat' dir='ltr'><strong>(idest</strong></span> <span class='ocrx_word' id='word_1_182' title='bbox 384 2338 552 2418; x_wconf 88' lang='lat' dir='ltr'><strong>homiuum)</strong></span> <span class='ocrx_word' id='word_1_183' title='bbox 582 2337 702 2401; x_wconf 77' lang='lat' dir='ltr'><strong>morbis.</strong></span> <span class='ocrx_word' id='word_1_184' title='bbox 744 2337 806 2401; x_wconf 90' lang='lat' dir='ltr'><strong>Sed</strong></span> <span class='ocrx_word' id='word_1_185' title='bbox 829 2337 855 2398; x_wconf 92' lang='lat' dir='ltr'><strong>si</strong></span> <span class='ocrx_word' id='word_1_186' title='bbox 877 2337 943 2419; x_wconf 89' lang='lat' dir='ltr'><strong>quis</strong></span> <span class='ocrx_word' id='word_1_187' title='bbox 963 2337 1025 2400; x_wconf 88' lang='lat' dir='ltr'><strong>loci</strong></span> <span class='ocrx_word' id='word_1_188' title='bbox 1046 2340 1175 2403; x_wconf 89' lang='lat' dir='ltr'><strong>Gelliani</strong></span> 
     </span>
     <span class='ocr_line' id='line_1_20' title="bbox 70 2443 1176 2528; baseline 0.005 -26"><span class='ocrx_word' id='word_1_189' title='bbox 70 2443 240 2523; x_wconf 86' lang='lat' dir='ltr'><strong>meminerit,</strong></span> <span class='ocrx_word' id='word_1_190' title='bbox 259 2445 285 2510; x_wconf 87' lang='lat' dir='ltr'><strong>is</strong></span> <span class='ocrx_word' id='word_1_191' title='bbox 306 2465 370 2510; x_wconf 90' lang='lat' dir='ltr'><strong>non</strong></span> <span class='ocrx_word' id='word_1_192' title='bbox 387 2445 534 2509; x_wconf 88' lang='lat' dir='ltr'><strong>dubitabit</strong></span> <span class='ocrx_word' id='word_1_193' title='bbox 556 2466 626 2508; x_wconf 90' lang='lat' dir='ltr'><strong>cum</strong></span> <span class='ocrx_word' id='word_1_194' title='bbox 647 2444 720 2508; x_wconf 89' lang='lat' dir='ltr'><strong>viris</strong></span> <span class='ocrx_word' id='word_1_195' title='bbox 742 2445 838 2509; x_wconf 90' lang='lat' dir='ltr'><strong>doctis</strong></span> <span class='ocrx_word' id='word_1_196' title='bbox 867 2465 945 2528; x_wconf 89' lang='lat' dir='ltr'><strong>quos</strong></span> <span class='ocrx_word' id='word_1_197' title='bbox 966 2465 1059 2527; x_wconf 87' lang='lat' dir='ltr'><strong>supra</strong></span> <span class='ocrx_word' id='word_1_198' title='bbox 1080 2447 1176 2510; x_wconf 88' lang='lat' dir='ltr'><strong>nomi-</strong></span> 
     </span>
     <span class='ocr_line' id='line_1_21' title="bbox 70 2551 1175 2639; baseline 0.004 -27"><span class='ocrx_word' id='word_1_199' title='bbox 70 2553 138 2631; x_wconf 79' lang='lat' dir='ltr'><strong>navi,</strong></span> <span class='ocrx_word' id='word_1_200' title='bbox 157 2555 235 2639; x_wconf 89' lang='lat' dir='ltr'><strong>quin</strong></span> <span class='ocrx_word' id='word_1_201' title='bbox 266 2555 384 2618; x_wconf 82' lang='lat' dir='ltr'><strong>exarari</strong></span> <span class='ocrx_word' id='word_1_202' title='bbox 404 2559 545 2635; x_wconf 83' lang='lat' dir='ltr'><strong>oporteat</strong></span> <span class='ocrx_word' id='word_1_203' title='bbox 573 2551 648 2637; x_wconf 81' lang='lat' dir='ltr'><strong>ssepi</strong></span> <span class='ocrx_word' id='word_1_204' title='bbox 667 2556 783 2637; x_wconf 91' lang='grc' dir='ltr'>λοιμῶν</span> <span class='ocrx_word' id='word_1_205' title='bbox 803 2552 822 2636; x_wconf 78' lang='grc' dir='ltr'>ἢ</span> <span class='ocrx_word' id='word_1_206' title='bbox 846 2553 991 2635; x_wconf 87' lang='grc' dir='ltr'>λοιμικῶν</span> <span class='ocrx_word' id='word_1_207' title='bbox 1014 2557 1116 2616; x_wconf 88' lang='grc' dir='ltr'>κακῶν</span> <span class='ocrx_word' id='word_1_208' title='bbox 1138 2551 1175 2632; x_wconf 76' lang='lat' dir='ltr'><strong>d,</strong></span> 
     </span>
     <span class='ocr_line' id='line_1_22' title="bbox 71 2654 1176 2744; baseline -0.003 -17"><span class='ocrx_word' id='word_1_209' title='bbox 71 2654 100 2738; x_wconf 69' lang='grc' dir='ltr'><strong>β,</strong></span> <span class='ocrx_word' id='word_1_210' title='bbox 117 2659 151 2742; x_wconf 69' lang='grc' dir='ltr'><strong>γ.</strong></span> <span class='ocrx_word' id='word_1_211' title='bbox 209 2663 300 2727; x_wconf 84' lang='lat' dir='ltr'><strong>Gellii</strong></span> <span class='ocrx_word' id='word_1_212' title='bbox 326 2663 420 2726; x_wconf 88' lang='lat' dir='ltr'><strong>verba</strong></span> <span class='ocrx_word' id='word_1_213' title='bbox 448 2669 533 2726; x_wconf 89' lang='lat' dir='ltr'><strong>sunt:</strong></span> <span class='ocrx_word' id='word_1_214' title='bbox 567 2662 668 2744; x_wconf 78' lang='lat' dir='ltr'><strong>„Ergo</strong></span> <span class='ocrx_word' id='word_1_215' title='bbox 700 2661 873 2744; x_wconf 89' lang='lat' dir='ltr'><strong>nuperrime</strong></span> <span class='ocrx_word' id='word_1_216' title='bbox 904 2661 935 2723; x_wconf 91' lang='lat' dir='ltr'><strong>in</strong></span> <span class='ocrx_word' id='word_1_217' title='bbox 970 2660 1050 2722; x_wconf 93' lang='lat' dir='ltr'><strong>libro</strong></span> <span class='ocrx_word' id='word_1_218' title='bbox 1076 2662 1176 2724; x_wconf 84' lang='lat' dir='ltr'><strong>Theo-</strong></span> 
     </span>
     <span class='ocr_line' id='line_1_23' title="bbox 69 2767 1175 2853; baseline 0.004 -25"><span class='ocrx_word' id='word_1_219' title='bbox 69 2767 173 2846; x_wconf 78' lang='lat' dir='ltr'><strong>phrasti</strong></span> <span class='ocrx_word' id='word_1_220' title='bbox 202 2773 353 2853; x_wconf 85' lang='lat' dir='ltr'><strong>scriptum</strong></span> <span class='ocrx_word' id='word_1_221' title='bbox 380 2772 497 2847; x_wconf 85' lang='lat' dir='ltr'><strong>inveni,</strong></span> <span class='ocrx_word' id='word_1_222' title='bbox 530 2768 703 2850; x_wconf 85' lang='lat' dir='ltr'><strong>viperarum</strong></span> <span class='ocrx_word' id='word_1_223' title='bbox 734 2770 886 2834; x_wconf 88' lang='lat' dir='ltr'><strong>morsibus</strong></span> <span class='ocrx_word' id='word_1_224' title='bbox 907 2767 1068 2848; x_wconf 87' lang='lat' dir='ltr'><strong>tibicinem,</strong></span> <span class='ocrx_word' id='word_1_225' title='bbox 1100 2769 1175 2833; x_wconf 86' lang='lat' dir='ltr'><strong>scite</strong></span> 
     </span>
     <span class='ocr_line' id='line_1_24' title="bbox 71 2877 1175 2965; baseline 0.004 -29"><span class='ocrx_word' id='word_1_226' title='bbox 71 2879 277 2965; x_wconf 79' lang='lat' dir='ltr'><strong>modulateque</strong></span> <span class='ocrx_word' id='word_1_227' title='bbox 305 2881 478 2956; x_wconf 87' lang='lat' dir='ltr'><strong>adhibitum,</strong></span> <span class='ocrx_word' id='word_1_228' title='bbox 501 2878 625 2942; x_wconf 79' lang='lat' dir='ltr'><strong>mederi</strong></span> <span class='ocrx_word' id='word_1_229' title='bbox 670 2881 776 2944; x_wconf 74' lang='lat' dir='ltr'><strong>Refert</strong></span> <span class='ocrx_word' id='word_1_230' title='bbox 796 2879 885 2942; x_wconf 82' lang='lat' dir='ltr'><strong>etiam</strong></span> <span class='ocrx_word' id='word_1_231' title='bbox 907 2877 988 2940; x_wconf 90' lang='lat' dir='ltr'><strong>idem</strong></span> <span class='ocrx_word' id='word_1_232' title='bbox 1007 2877 1175 2941; x_wconf 89' lang='lat' dir='ltr'><strong>Democriti</strong></span> 
     </span>
     <span class='ocr_line' id='line_1_25' title="bbox 71 2981 1175 3071; baseline 0.006 -28"><span class='ocrx_word' id='word_1_233' title='bbox 71 2981 139 3048; x_wconf 87' lang='lat' dir='ltr'><strong>liber</strong></span> <span class='ocrx_word' id='word_1_234' title='bbox 161 2991 213 3071; x_wconf 91' lang='lat' dir='ltr'><strong>qui</strong></span> <span class='ocrx_word' id='word_1_235' title='bbox 238 2987 415 3051; x_wconf 89' lang='lat' dir='ltr'><strong>inscribitur</strong></span> <span class='ocrx_word' id='word_1_236' title='bbox 443 2984 518 3071; x_wconf 82' lang='lat' dir='ltr'><strong>ssepi</strong></span> <span class='ocrx_word' id='word_1_237' title='bbox 544 2989 659 3071; x_wconf 89' lang='grc' dir='ltr'>λοιμῶν</span> <span class='ocrx_word' id='word_1_238' title='bbox 689 2988 709 3071; x_wconf 78' lang='grc' dir='ltr'><strong>ἢ</strong></span> <span class='ocrx_word' id='word_1_239' title='bbox 738 2988 884 3070; x_wconf 89' lang='grc' dir='ltr'>λοιμικῶν</span> <span class='ocrx_word' id='word_1_240' title='bbox 911 2989 1029 3048; x_wconf 74' lang='grc' dir='ltr'>κακῶνι</span> <span class='ocrx_word' id='word_1_241' title='bbox 1062 2985 1093 3047; x_wconf 91' lang='lat' dir='ltr'><strong>iu</strong></span> <span class='ocrx_word' id='word_1_242' title='bbox 1114 3005 1175 3068; x_wconf 90' lang='lat' dir='ltr'><strong>quo</strong></span> 
     </span>
     <span class='ocr_line' id='line_1_26' title="bbox 72 3091 1176 3179; baseline 0.001 -25"><span class='ocrx_word' id='word_1_243' title='bbox 72 3091 159 3173; x_wconf 82' lang='lat' dir='ltr'><strong>docet,</strong></span> <span class='ocrx_word' id='word_1_244' title='bbox 181 3096 323 3179; x_wconf 88' lang='lat' dir='ltr'><strong>piurimis</strong></span> <span class='ocrx_word' id='word_1_245' title='bbox 354 3095 508 3159; x_wconf 90' lang='lat' dir='ltr'><strong>homiuum</strong></span> <span class='ocrx_word' id='word_1_246' title='bbox 529 3096 681 3161; x_wconf 89' lang='lat' dir='ltr'><strong>morsibus</strong></span> <span class='ocrx_word' id='word_1_247' title='bbox 708 3095 887 3159; x_wconf 87' lang='lat' dir='ltr'><strong>medicinam</strong></span> <span class='ocrx_word' id='word_1_248' title='bbox 912 3095 1005 3158; x_wconf 86' lang='lat' dir='ltr'><strong>inisse</strong></span> <span class='ocrx_word' id='word_1_249' title='bbox 1028 3093 1176 3156; x_wconf 90' lang='lat' dir='ltr'><strong>incentio-</strong></span> 
     </span>
     <span class='ocr_line' id='line_1_27' title="bbox 73 3203 1176 3286; baseline 0.005 -27"><span class='ocrx_word' id='word_1_250' title='bbox 73 3217 120 3264; x_wconf 85' lang='lat' dir='ltr'><strong>nes</strong></span> <span class='ocrx_word' id='word_1_251' title='bbox 140 3205 290 3268; x_wconf 89' lang='lat' dir='ltr'><strong>tibiarmu.</strong></span> <span class='ocrx_word' id='word_1_252' title='bbox 329 3207 427 3267; x_wconf 87' lang='lat' dir='ltr'><strong>Tanto</strong></span> <span class='ocrx_word' id='word_1_253' title='bbox 447 3224 573 3286; x_wconf 88' lang='lat' dir='ltr'><strong>prorsus</strong></span> <span class='ocrx_word' id='word_1_254' title='bbox 598 3212 645 3268; x_wconf 88' lang='lat' dir='ltr'><strong>est</strong></span> <span class='ocrx_word' id='word_1_255' title='bbox 671 3205 798 3266; x_wconf 84' lang='lat' dir='ltr'><strong>affinitas</strong></span> <span class='ocrx_word' id='word_1_256' title='bbox 820 3203 1002 3283; x_wconf 89' lang='lat' dir='ltr'><strong>corporibus</strong></span> <span class='ocrx_word' id='word_1_257' title='bbox 1021 3203 1176 3265; x_wconf 86' lang='lat' dir='ltr'><strong>homiuum</strong></span> 
     </span>
     <span class='ocr_line' id='line_1_28' title="bbox 74 3311 1176 3397; baseline 0.004 -29"><span class='ocrx_word' id='word_1_258' title='bbox 74 3313 278 3397; x_wconf 85' lang='lat' dir='ltr'><strong>mentibusque</strong></span> <span class='ocrx_word' id='word_1_259' title='bbox 305 3319 335 3376; x_wconf 93' lang='lat' dir='ltr'><strong>et</strong></span> <span class='ocrx_word' id='word_1_260' title='bbox 352 3321 517 3394; x_wconf 87' lang='lat' dir='ltr'><strong>propterea</strong></span> <span class='ocrx_word' id='word_1_261' title='bbox 542 3334 663 3397; x_wconf 91' lang='lat' dir='ltr'><strong>quoque</strong></span> <span class='ocrx_word' id='word_1_262' title='bbox 685 3312 765 3376; x_wconf 87' lang='lat' dir='ltr'><strong>vitiis</strong></span> <span class='ocrx_word' id='word_1_263' title='bbox 788 3317 840 3374; x_wconf 88' lang='lat' dir='ltr'><strong>aut</strong></span> <span class='ocrx_word' id='word_1_264' title='bbox 861 3311 986 3374; x_wconf 86' lang='lat' dir='ltr'><strong>medelis</strong></span> <span class='ocrx_word' id='word_1_265' title='bbox 1006 3312 1176 3374; x_wconf 77' lang='lat' dir='ltr'><strong>arduorum</strong></span> 
     </span>
     <span class='ocr_line' id='line_1_29' title="bbox 74 3399 312 3502; baseline 0.025 -26"><span class='ocrx_word' id='word_1_266' title='bbox 74 3423 99 3476; x_wconf 88' lang='lat' dir='ltr'><strong>et</strong></span> <span class='ocrx_word' id='word_1_267' title='bbox 116 3399 312 3502; x_wconf 80' lang='lat' dir='ltr'><strong>corporum’&#39;</strong></span> 
     </span>
     <span class='ocr_line' id='line_1_30' title="bbox 147 3526 1176 3613; baseline -0.001 -22"><span class='ocrx_word' id='word_1_268' title='bbox 147 3530 205 3608; x_wconf 74' lang='lat' dir='ltr'><strong>ct)</strong></span> <span class='ocrx_word' id='word_1_269' title='bbox 224 3526 462 3613; x_wconf 78' lang='grc' dir='ltr'>Ἀπορημάτων.</span> <span class='ocrx_word' id='word_1_270' title='bbox 502 3531 555 3594; x_wconf 92' lang='lat' dir='ltr'><strong>Sic</strong></span> <span class='ocrx_word' id='word_1_271' title='bbox 575 3529 749 3611; x_wconf 87' lang='lat' dir='ltr'><strong>ponendum</strong></span> <span class='ocrx_word' id='word_1_272' title='bbox 762 3547 828 3591; x_wconf 87' lang='lat' dir='ltr'><strong>esse</strong></span> <span class='ocrx_word' id='word_1_273' title='bbox 849 3547 907 3609; x_wconf 90' lang='lat' dir='ltr'><strong>pro</strong></span> <span class='ocrx_word' id='word_1_274' title='bbox 929 3547 967 3590; x_wconf 93' lang='lat' dir='ltr'><strong>eo</strong></span> <span class='ocrx_word' id='word_1_275' title='bbox 987 3528 1070 3609; x_wconf 91' lang='lat' dir='ltr'><strong>quod</strong></span> <span class='ocrx_word' id='word_1_276' title='bbox 1084 3526 1176 3608; x_wconf 82' lang='lat' dir='ltr'><strong>vulgo</strong></span> 
     </span>
     <span class='ocr_line' id='line_1_31' title="bbox 75 3629 1177 3721; baseline 0.006 -29"><span class='ocrx_word' id='word_1_277' title='bbox 75 3629 99 3692; x_wconf 88' lang='lat' dir='ltr'><strong>iu</strong></span> <span class='ocrx_word' id='word_1_278' title='bbox 119 3636 208 3719; x_wconf 81' lang='lat' dir='ltr'><strong>Diog.</strong></span> <span class='ocrx_word' id='word_1_279' title='bbox 232 3637 315 3701; x_wconf 87' lang='lat' dir='ltr'><strong>editt.</strong></span> <span class='ocrx_word' id='word_1_280' title='bbox 338 3638 464 3701; x_wconf 84' lang='lat' dir='ltr'><strong>hebetur</strong></span> <span class='ocrx_word' id='word_1_281' title='bbox 486 3636 712 3721; x_wconf 68' lang='grc' dir='ltr'>ἀπορῥημοίτονν</span> <span class='ocrx_word' id='word_1_282' title='bbox 734 3638 803 3700; x_wconf 91' lang='lat' dir='ltr'><strong>luce</strong></span> <span class='ocrx_word' id='word_1_283' title='bbox 825 3637 935 3700; x_wconf 85' lang='lat' dir='ltr'><strong>clarius</strong></span> <span class='ocrx_word' id='word_1_284' title='bbox 959 3644 1012 3699; x_wconf 87' lang='lat' dir='ltr'><strong>cst</strong></span> <span class='ocrx_word' id='word_1_285' title='bbox 1058 3636 1177 3699; x_wconf 85' lang='lat' dir='ltr'><strong>idcirco</strong></span> 
     </span>
     <span class='ocr_line' id='line_1_32' title="bbox 74 3741 1178 3829; baseline 0.004 -27"><span class='ocrx_word' id='word_1_286' title='bbox 74 3741 217 3823; x_wconf 84' lang='lat' dir='ltr'><strong>miramur,</strong></span> <span class='ocrx_word' id='word_1_287' title='bbox 248 3745 423 3808; x_wconf 88' lang='lat' dir='ltr'><strong>Fabricium</strong></span> <span class='ocrx_word' id='word_1_288' title='bbox 452 3747 503 3829; x_wconf 91' lang='lat' dir='ltr'><strong>qui</strong></span> <span class='ocrx_word' id='word_1_289' title='bbox 523 3745 686 3810; x_wconf 77' lang='lat' dir='ltr'><strong>dubiorum</strong></span> <span class='ocrx_word' id='word_1_290' title='bbox 714 3747 914 3826; x_wconf 76' lang='lat' dir='ltr'><strong>den&#39;corum</strong></span> <span class='ocrx_word' id='word_1_291' title='bbox 942 3745 1085 3806; x_wconf 79' lang='lat' dir='ltr'><strong>colomeo</strong></span> <span class='ocrx_word' id='word_1_292' title='bbox 1116 3763 1178 3806; x_wconf 88' lang='lat' dir='ltr'><strong>non</strong></span> 
     </span>
     <span class='ocr_line' id='line_1_33' title="bbox 75 3851 1179 3936; baseline 0.004 -26"><span class='ocrx_word' id='word_1_293' title='bbox 75 3851 144 3913; x_wconf 77' lang='lat' dir='ltr'><strong>mele</strong></span> <span class='ocrx_word' id='word_1_294' title='bbox 173 3855 394 3936; x_wconf 87' lang='lat' dir='ltr'><strong>interpretatur,</strong></span> <span class='ocrx_word' id='word_1_295' title='bbox 425 3854 577 3935; x_wconf 76' lang='lat' dir='ltr'><strong>vulgatam</strong></span> <span class='ocrx_word' id='word_1_296' title='bbox 604 3855 791 3936; x_wconf 88' lang='lat' dir='ltr'><strong>scripturam,</strong></span> <span class='ocrx_word' id='word_1_297' title='bbox 819 3851 901 3916; x_wconf 89' lang='lat' dir='ltr'><strong>aliud</strong></span> <span class='ocrx_word' id='word_1_298' title='bbox 931 3853 1004 3934; x_wconf 87' lang='lat' dir='ltr'><strong>quid</strong></span> <span class='ocrx_word' id='word_1_299' title='bbox 1031 3852 1179 3916; x_wconf 79' lang='lat' dir='ltr'><strong>volentem</strong></span> 
     </span>
     <span class='ocr_line' id='line_1_34' title="bbox 75 3959 233 4026; baseline 0.032 -6"><span class='ocrx_word' id='word_1_300' title='bbox 75 3959 233 4026; x_wconf 84' lang='lat' dir='ltr'><strong>retinuisse.</strong></span> 
     </span>
    </p>
   </div>
   <div class='ocr_carea' id='block_1_4' title="bbox 0 0 1454 4872">
    <p class='ocr_par' dir='ltr' id='par_1_4' title="bbox 0 0 1454 4872">
     <span class='ocr_line' id='line_1_35' title="bbox 0 0 1454 4872; baseline 0 0"><span class='ocrx_word' id='word_1_301' title='bbox 0 0 1454 4872; x_wconf 95' lang='lat' dir='ltr'><strong> </strong></span> 
     </span>
    </p>
   </div>
  </div>
 </body>
</html>
