2932 4862
291 293 355 360 affl
612 290 810 356 munaum
836 288 1070 345 ilmocritearam

374 459 569 542 Comparavit
589 457 783 522 Democritus
802 455 969 520 Aristotele
989 453 1128 536 teste¹⁷)
1147 455 1307 518 insecabilia
1317 473 1366 516 cor·

291 589 369 653 pora
392 588 461 632 cum
484 565 627 629 ramentis
644 583 723 648 quae
744 565 775 626 in
795 563 869 627 solis
888 564 981 626 radiis
1007 583 1062 645 per
1080 566 1226 627 fenestras
1246 562 1370 624 incident-

291 679 350 742 bus
379 683 576 758 apparerent,
606 693 644 736 oo
674 671 802 736 maxime
829 671 969 750 consilio,
999 673 1031 734 id
1045 673 1131 754 quod
1155 665 1371 751 Philopouus¹⁸)
1427 749 1428 752 Ἴ

292 785 403 864 adjicit
434 791 468 846 ut
493 782 617 844 doceret
646 779 735 842 etiam
763 780 829 842 aliis
851 799 929 863 quae
949 799 1017 844 esse
1038 800 1100 844 nou
1122 797 1302 862 negaremus,
1318 797 1373 836 uon-

292 911 445 974 nunquam
473 890 514 952 ob
540 888 716 969 parvitatem
744 887 852 951 oculos
879 907 941 950 uon
970 888 1062 952 leriri.
1108 889 1267 950 Praeterea
1282 893 1374 947 ammos

294 1001 363 1062 ideo
385 997 585 1080 philosophus
608 995 811 1058 Abderitauus
836 994 1007 1058 innumeras
1029 1015 1096 1059 esse
1116 996 1259 1071 decrevit,
1278 1012 1312 1054 ne
1329 989 1375 1051 ullo

293 1125 423 1188 uuqrram
446 1103 591 1186 temporis
610 1110 763 1165 momento
786 1101 928 1182 gignendi
941 1102 1185 1187 procreandiqne
1205 1103 1315 1164 deesset
1332 1116 1376 1158 ma-
1427 1073 1428 1128 i

294 1215 370 1276 teria
389 1219 479 1294 atque
500 1221 533 1274 ut
553 1230 659 1274 eorum
686 1229 762 1293 quae
792 1211 897 1273 tierent
918 1213 1052 1274 omnium
1078 1212 1170 1274 facile
1191 1214 1331 1274 constaret
1344 1223 1376 1264 m

293 1323 337 1385 tlo
351 1322 357 1354 ¹
370 1321 410 1401 ⁹).
452 1321 520 1382 Jam
547 1338 621 1380 voro
649 1337 751 1380 rerum
772 1318 997 1399 generationem
1021 1319 1184 1403 ipsumque
1207 1313 1376 1400 generationis

294 1431 418 1494 modum
445 1427 624 1507 explicaturi
653 1426 827 1507 Leucippus
849 1433 878 1488 et
899 1427 1094 1490 Democritus
1116 1433 1279 1509 perspecto
1296 1440 1377 1504 perpe-

295 1545 349 1600 tuo
371 1543 457 1598 motu
475 1555 537 1616 quo
558 1541 701 1615 quattuor
721 1534 782 1611 illa,
796 1555 873 1616 quae
892 1534 1012 1617 priores
1027 1555 1129 1598 rerum
1147 1535 1294 1599 elementa
1312 1548 1377 1591 vorc-

296 1649 409 1720 verant,
431 1643 516 1724 ignis.
537 1647 600 1717 air,
620 1663 708 1724 aqua,
723 1641 848 1704 terrain
868 1663 902 1705 se
923 1643 1051 1705 invicem
1072 1649 1236 1720 mutantur,
1256 1640 1318 1701 iride
1334 1653 1377 1696 noo

295 1773 365 1816 cum
382 1751 564 1831 Anaxagora
590 1751 692 1812 ornnia
712 1751 851 1813 onmibus
872 1751 970 1812 inesse
993 1751 1196 1832 collegerunt,
1217 1749 1269 1812 sed
1286 1744 1376 1810 sublato

296 1859 379 1922 omni
409 1857 561 1940 qualitatis
593 1857 766 1921 discrimine
794 1859 935 1921 omnibus
967 1879 1061 1922 uuum
1090 1860 1220 1922 subesse
1252 1852 1378 1918 concluse

295 1963 437 2046 runt¹⁰).
479 1968 577 2030 Unum
607 1965 682 2028 illud
702 1973 872 2029 atomorum
894 1966 982 2030 turba
1001 1975 1057 2043 est,
1076 1967 1190 2049 quibus
1212 1985 1269 2028 una
1288 1961 1376 2023 eadent

296 2095 355 2158 que
375 2073 500 2154 contigit
529 2083 650 2154 natura,
679 2083 713 2139 ut
739 2075 765 2137 si
791 2075 925 2154 singulas
952 2081 1126 2156 segregatas
1150 2075 1218 2138 auri
1245 2065 1376 2154 puteolo

296 2202 364 2246 esse
394 2181 677 2264 perhibeamus'').
725 2183 843 2246 Etenim
870 2201 1048 2263 persuasum
1077 2189 1144 2245 erat
1178 2179 1377 2244 Democritum

297 2299 410 2354 tautum
439 2311 516 2373 quae
544 2290 678 2368 ejusdem
703 2298 804 2354 essent
828 2291 947 2372 generis
974 2311 1064 2371 egere
1092 2292 1124 2353 in
1153 2313 1188 2355 se
1213 2290 1333 2360 invicem,
1352 2301 1376 2340 ac

297 2399 404 2462 similia
437 2418 504 2462 esse
538 2419 574 2462 ea
601 2418 679 2480 quae
714 2401 847 2462 iacerent
881 2407 911 2462 et
938 2419 1015 2480 qnae
1045 2407 1231 2482 paterentur,
1262 2391 1375 2476 siquidm

297 2507 387 2569 etiam
414 2507 542 2586 negabat
573 2509 692 2568 diverso
720 2507 848 2570 diversis
877 2507 957 2568 allici
985 2514 1015 2568 et
1045 2507 1117 2587 poti,
1148 2529 1186 2571 ac
1208 2508 1235 2570 si
1255 2497 1376 2566 dissimile

296 2615 355 2674 vim
381 2615 529 2696 quandam
560 2615 638 2676 iuter
668 2633 701 2675 se
733 2615 892 2691 haberent,
925 2615 956 2675 id
987 2635 1048 2676 non
1084 2623 1234 2696 qrratenns
1256 2603 1377 2674 dissilui!il

296 2729 405 2799 essent,
434 2721 489 2783 sed
514 2731 660 2804 quatenus
686 2723 783 2784 simile
813 2724 886 2806 quid
913 2724 991 2785 inter
1020 2743 1053 2785 se
1082 2724 1244 2802 luberent,
1269 2711 1376 2788 neri³²l

298 2972 342 3018 tur
362 2969 538 3030 extrinsecus,
561 2982 614 3018 nnn
642 2968 675 3018 ed
694 2971 799 3020 atomos
823 2973 937 3034 spectet,
963 2970 1012 3021 scd
1031 2969 1066 3020 ad
1083 2971 1229 3024 simulacra
1244 2961 1342 3030 (ellum)
1354 2957 1377 3004 rte

295 3051 394 3115 quibus
414 3049 482 3100 intra
501 3049 673 3099 disseremus.

371 3141 408 3202 ¹⁷)
428 3142 536 3192 Aristot.
557 3141 591 3191 de
609 3143 696 3192 alcima
718 3141 761 3192 lib.
783 3143 800 3202 l,
821 3153 880 3205 cup.
899 3139 923 3192 *λ

368 3231 406 3296 ¹⁸)
424 3232 463 3284 Jo.
484 3233 644 3296 Philoponus
664 3233 698 3284 od
716 3233 823 3282 Aristol.
846 3234 880 3284 de
902 3247 960 3298 gon.
980 3237 1008 3284 et
1027 3235 1072 3284 int.
1090 3231 1133 3284 lot.
1149 3231 1206 3285 nu.

369 3322 407 3384 ¹¹)
426 3323 534 3376 Aristot.
554 3325 587 3376 dc
601 3327 666 3376 coel.
677 3325 717 3382 lll,
730 3321 757 3374 4:
774 3322 828 3374 inei
847 3321 961 3395 διαφέρει
981 3322 1013 3374 τὰ
1030 3323 1140 3392 σώματα
1160 3324 1293 3396 clippeum.
1309 3313 1374 3378 tenu

295 3399 324 3453 δὲ
341 3400 374 3452 τὰ
394 3399 525 3472 temporo,
546 3401 637 3474 ἄπειρα
656 3404 701 3456 aul
717 3403 749 3454 ei
769 3402 838 3456 ἁπλᾶ
855 3403 965 3473 σώματά
984 3422 1060 3475 φασιν
1081 3403 1155 3456 εἶναι.
1190 3405 1227 3456 Ci.
1241 3389 1376 3464 Simpliced
1427 3439 1428 3446 ,

295 3485 374 3536 Arist.
396 3483 475 3548 Phys.
495 3483 535 3533 tol.
555 3481 579 3534 7.

367 3577 406 3638 ¹⁰)
421 3576 537 3638 simplic.
552 3576 585 3625 ad
599 3577 705 3628 aristot.
718 3577 794 3641 Phys.
811 3574 891 3628 lol.8:
911 3573 1023 3648 ὁρῶντες
1042 3575 1076 3633 εἰς
1095 3574 1197 3645 allum
1214 3566 1375 3643 peraptum-³

294 3651 324 3706 τὸ
339 3659 389 3726 πῦρ
409 3656 454 3706 καὶ
471 3651 515 3706 τὸν
528 3653 591 3726 ἀέρα
610 3657 654 3707 aui
672 3655 702 3707 ri
723 3653 805 3727 osup,
820 3656 881 3714 ieme
895 3655 922 3709 δὲ
942 3659 988 3710 ael
1005 3658 1052 3729 τὴν
1069 3660 1127 3727 γῆν,
1145 3649 1326 3728 opposuerunt
1337 3657 1376 3694 τιν’
1427 3677 1428 3732 ι

295 3733 396 3787 noiomo
417 3735 461 3786 aul
481 3731 643 3806 ἁπλοΰστιρα
663 3735 768 3807 ἐζήτουν
788 3737 866 3798 αἴτια,
886 3735 919 3790 δι’
940 3736 977 3790 ὧν
994 3739 1039 3789 aci
1056 3739 1102 3810 τὴν
1124 3738 1191 3790 κατὰ
1209 3738 1253 3795 τὰς
1268 3729 1374 3792 aciemn:

295 3819 348 3864 τῶν
368 3813 502 3887 στοιχείων
523 3815 623 3868 τοὺτων
643 3815 840 3886 ἀπολογίσονται
859 3815 996 3890 διαφοράν.

369 3909 407 3971 ²¹)
428 3909 536 3960 Aristot.
561 3911 595 3962 de
622 3909 687 3960 coel.
713 3911 732 3970 1,
752 3907 783 3959 7:
810 3909 857 3980 τὴν
886 3908 913 3962 ii
935 3908 1010 3981 plote
1038 3909 1103 3962 εἶναί
1128 3925 1205 3979 φασιν
1230 3905 1305 3960 αὐτῶν
1324 3893 1373 3964 till·

298 3981 437 4118 ss'gfl‘ls'il
456 3987 490 4118 325(
511 3987 606 4120 {putria
628 3987 736 4041 ἕκαστον
758 3987 796 4058 εἴη
816 3991 1019 4062 ιιιχωρισμένον.
1064 3991 1101 4044 Gi
1119 3993 1234 4054 Simplic.
1251 3989 1281 4039 ud
1295 3975 1373 4034 Αήθῐθῑ

335 4081 374 4131 ys.
405 4070 438 4118 ol.
492 4107 497 4118 .
532 4108 537 4120 .

369 4157 410 4219 ⁸²)
429 4158 536 4211 Aristot.
563 4161 597 4212 de
617 4175 675 4226 gen.
696 4165 725 4212 et
748 4163 801 4222 int.¹
815 4165 833 4223 l,
850 4160 880 4212 7:
911 4158 1075 4236 Δημόκριτος
1096 4160 1124 4216 δὲ
1144 4160 1213 4234 παρὰ
1235 4156 1287 4213 reis
1303 4143 1371 4230 &2⁰⁰5

297 4230 368 4291 iiiuc
389 4235 459 4296 ἶλῑέῑ
477 4235 572 4303 μόνοι·
600 4241 663 4309 puel
684 4239 733 4309 {alp
760 4239 790 4292 τὸ
816 4239 880 4294 αὐτὸ
906 4243 950 4294 καὶ
972 4239 1062 4310 ὅμοιον
1082 4242 1147 4297 tium
1165 4240 1238 4294 τότε
1255 4235 1330 4291 ποιοῦν
1343 4235 1373 4274 ²⁰²
1427 4281 1428 4308 χ
