2956 4860
390 315 475 372 Liber
494 315 517 368 l.
557 313 600 368 De
619 313 769 368 Democriti
789 313 847 366 rita
1141 317 1185 383 39

89 502 139 564 que
165 483 218 544 isia
246 483 377 546 narratio
407 488 549 564 suspecte
576 482 672 545 rideri
702 479 799 543 debet.
853 484 955 562 Qmuu
980 488 1079 546 autern
1101 485 1184 548 aliud

88 591 134 668 sit,
158 591 291 654 Xerxem
316 590 449 673 hospitio
474 590 631 671 excipere,
662 589 745 652 aliud
773 587 916 650 universo
943 592 1008 670 ejus
1037 593 1182 657 exercitui

86 699 195 778 epulam
222 700 307 778 dare,
336 721 354 763 a
383 700 539 780 Diogene,
570 699 713 780 quoniam
744 716 780 758 ea
809 717 869 778 qua
894 697 988 761 utitur
1017 701 1180 764 auotoritas

86 807 158 868 nullo
187 815 246 886 est,
283 828 347 871 rem
376 810 463 888 cnjus
493 809 626 870 incertus
654 824 759 868 rrruror
787 803 826 866 ad
850 813 991 883 posteros
1022 818 1179 886 irrenasset,

85 915 289 993 paulominus,
314 939 404 1000 quam
429 937 448 978 e
476 914 602 978 Valerio
628 919 837 994 exaggeratam
866 932 933 974 esse
954 925 1095 994 putemus
1119 915 1178 998 ¹³).

84 1023 153 1084 ldem
177 1026 330 1107 Diogenes
353 1025 373 1088 l.
394 1023 479 1105 l.¹⁴)
509 1023 651 1086 observet
674 1022 826 1097 Xerxem,
857 1039 949 1101 quum
977 1023 1180 1085 eDemooriti

84 1139 157 1210 patre
178 1135 310 1214 hospitio
333 1137 477 1214 exceptus
499 1137 586 1208 esset,
614 1149 719 1210 meges
739 1128 903 1191 normullos
922 1129 950 1190 ei
972 1130 1138 1212 reliquisse,
1161 1153 1179 1194 a

82 1240 178 1320 quibus
205 1243 400 1304 Democritus
430 1259 508 1320 puer
541 1237 723 1318 theologiam
752 1243 783 1299 ot
806 1235 1001 1316 astrologiam
1032 1237 1176 1300 didicerit.

82 1353 142 1428 Quo
162 1351 230 1432 quid
248 1350 345 1430 magis
363 1348 423 1410 dici
443 1351 582 1428 potesta
603 1365 677 1408 vero
698 1345 886 1408 abhorrens?
907 1345 941 1409 Si
962 1347 1041 1408 enim
1058 1347 1177 1408 Xerses

82 1477 172 1537 irreges
198 1460 281 1540 apud
309 1457 471 1519 Abderitas
497 1453 677 1536 reliquisset,
706 1453 737 1513 hi
758 1471 817 1533 pro
840 1473 878 1515 eo
897 1473 960 1536 quo
984 1441 1046 1517 tum
1067 1454 1176 1518 Graeci

81 1565 173 1628 Persas
205 1566 278 1628 odio
308 1565 582 1647 persequebantur,
615 1561 715 1624 stetim
742 1567 813 1640 post
844 1561 924 1640 regis
957 1563 1176 1643 prosectionem

80 1675 164 1734 necati
184 1680 292 1736 essent
333 1673 431 1734 Porro
451 1671 524 1733 nihil
545 1677 594 1732 est
620 1669 650 1731 in
671 1669 864 1749 philosophia
884 1671 1066 1748 Democriti,
1094 1672 1176 1753 qnod

80 1801 218 1862 uragormn
245 1780 429 1862 discipulum
456 1779 573 1860 prodat
623 1777 761 1859 Denique
795 1795 833 1838 ne
858 1786 1027 1861 temporum
1055 1779 1174 1861 quidem

79 1891 194 1954 rationes
221 1890 415 1954 conveniunt.
462 1887 581 1949 Etenim
613 1885 821 1947 Democritum
851 1887 954 1967 viginti
988 1887 1074 1950 erraris
1105 1893 1175 1967 post

79 1997 180 2062 Xerxis
201 2000 231 2061 in
244 1997 405 2062 Graeciam
426 1997 588 2058 adveutum
610 2001 712 2055 iratum
733 2013 799 2056 esse
821 1995 958 2057 vidimus
988 1996 1091 2077 ltaque
1112 2015 1173 2078 quo

80 2111 199 2186 tempore
219 2105 372 2170 citerioris
390 2105 457 2168 sevi
474 2109 637 2184 nugatores
657 2120 762 2181 uragos
778 2102 858 2183 apud
872 2101 1038 2164 Democriti
1057 2109 1173 2182 patrem

79 2213 207 2277 eXerxe
228 2215 355 2278 relictos
381 2213 506 2292 lingunt,
529 2211 646 2273 Noster
666 2210 800 2272 noudum
825 2211 903 2272 inim
921 2211 1007 2273 vivos
1029 2211 1093 2271 snit.
1132 2209 1172 2270 ht

80 2338 131 2382 uon
152 2331 213 2387 erat
238 2341 322 2404 opus
343 2321 520 2384 Democrito
546 2337 704 2399 magorum
725 2293 911 2382 institutione
944 2339 1004 2400 qua
1039 2318 1172 2400 reliquos

80 2445 170 2492 crimes
189 2431 360 2507 Abderites,
389 2429 441 2512 qui
467 2427 579 2508 ingenii
610 2426 825 2509 doctrinaeque
845 2419 935 2490 laude
957 2426 1088 2506 insigues
1109 2427 1172 2488 iue—
1272 2441 1274 2446 ’

81 2543 147 2612 mut,
163 2539 297 2602 caruisse
319 2537 409 2600 nobis
428 2541 617 2617 compertum
641 2541 694 2598 est
720 2534 876 2616 Siquidem
895 2533 987 2596 elium
1006 2539 1112 2595 nactus
1127 2539 1173 2594 est

140 2825 174 2890 ¹³)
194 2827 332 2879 Fabricius
360 2825 423 2876 hibi.
449 2837 485 2888 gr.
511 2823 553 2875 lib.
570 2821 594 2873 ll
622 2837 645 2876 c.
666 2823 710 2874 llll
734 2836 759 2887 p.
780 2819 831 2873 347
855 2823 897 2874 ed.
922 2822 991 2876 llerl.
1018 2837 1034 2875 e
1056 2825 1173 2888 Diogene

82 2903 116 2954 hic
130 2911 232 2960 esciteri
253 2909 349 2960 censet
368 2907 533 2960 Herodotum
551 2905 656 2970 Epicuri
675 2905 839 2966 familiarem,
858 2905 934 2968 cuijus
953 2905 1050 2957 librum
1066 2905 1100 2956 de
1116 2919 1173 2968 pu-

82 2985 172 3041 bertaie
188 2991 296 3054 lipienri
316 2989 386 3038 idem
407 2989 537 3050 Diogenes
550 2982 605 3048 nl
623 2990 824 3038 commemoret.
852 2986 930 3052 Atqui
951 2985 1043 3048 fateor,
1059 2999 1102 3036 me
1119 3001 1172 3038 uou

81 3067 166 3130 ridere,
184 3085 232 3123 eur
254 3072 323 3120 haec
350 3071 376 3118 iu
394 3067 461 3120 libro
485 3069 519 3118 de
540 3066 683 3132 pubertate
702 3067 809 3130 Epicuri
828 3071 936 3117 narrate
956 3081 1017 3119 esse
1034 3067 1172 3131 probabile

80 3150 113 3198 sit.
147 3155 285 3218 Qirumque
310 3153 380 3201 inter
396 3149 553 3210 llerodotos,
578 3163 646 3214 quos
665 3148 762 3200 doctus
782 3149 822 3198 iile
842 3149 883 3198 vir
901 3148 915 3200 l.
931 3148 945 3200 l.
966 3152 1096 3212 recenset,
1119 3163 1171 3200 ne-

80 3231 164 3282 ruiueru
180 3235 328 3299 reperiam,
356 3243 435 3295 quem
453 3229 520 3280 haec
539 3231 681 3292 scripsisse
699 3231 829 3293 opineris,
846 3231 1022 3281 statuendum
1041 3233 1090 3292 est,
1110 3245 1172 3281 rue-

81 3315 167 3364 moriee
184 3315 259 3379 lapsu
278 3327 295 3364 a
313 3313 430 3376 Diogene
448 3313 559 3361 citatum
580 3325 640 3362 esse
658 3311 822 3360 llerodoturu
849 3325 901 3360 nou
919 3313 985 3364 satis
1004 3313 1172 3374 recordante,

81 3393 134 3452 quid
157 3395 346 3453 incresceret,
373 3395 419 3442 orit
442 3393 611 3456 integriorem
642 3390 704 3439 oiim
732 3389 813 3440 tuisse
836 3389 962 3442 lierodotl
991 3393 1099 3443 testum.
1141 3393 1171 3443 ld

82 3469 187 3524 Fabricio
203 3477 306 3540 placuit
323 3473 366 3523 lib.
387 3471 409 3520 li
439 3485 461 3523 e.
476 3473 517 3522 xx
537 3487 562 3536 p.
581 3467 631 3522 sti
650 3470 691 3522 ed.
710 3469 787 3532 Hori,
814 3471 874 3536 qnia
893 3473 968 3536 plura
986 3487 1018 3524 ex
1037 3473 1172 3523 Herodoto

83 3553 103 3602 in
117 3559 230 3608 reiorum
250 3556 326 3607 libris
345 3554 497 3617 alleguntur,
524 3567 594 3617 quoe
613 3552 691 3601 hodie
715 3551 788 3614 apud
808 3551 877 3601 illum
897 3567 950 3603 nou
969 3556 1082 3604 exstant.
1119 3555 1172 3606 sed

83 3633 225 3688 aduersatur
256 3639 321 3687 bule
350 3635 498 3686 sententiae
524 3634 715 3697 Wesseliogius
745 3633 771 3682 iu
804 3633 915 3684 Dissert.
935 3635 1086 3686 llerodctea
1106 3647 1128 3684 c.
1149 3633 1170 3686 1.

82 3711 181 3776 trajeci.
199 3719 328 3769 edilben.
355 3709 428 3766 1758.
463 3713 529 3766 lieri
546 3713 662 3778 denique
679 3715 775 3778 potest,
797 3715 826 3763 ut
844 3713 928 3764 verbe
954 3707 1024 3764 uchri
1045 3731 1107 3784 φησι
1128 3715 1172 3765 καί

79 3787 203 3862 ’ίίρίίοτος
228 3800 344 3862 [πίνουσι
364 3797 475 3860 margini
496 3807 511 3844 a
530 3795 630 3845 lectore
649 3795 766 3859 quodam
787 3795 903 3858 ascripta
922 3797 1017 3859 postea
1037 3798 1172 3846 contextui

82 3875 207 3928 alibrario
229 3879 299 3929 iliata
324 3879 389 3934 siut,
414 3878 491 3939 euim
511 3877 616 3938 generis
645 3876 757 3940 plurima
782 3877 903 3940 exempla
923 3877 950 3926 in
969 3877 1172 3929 Commentariis

83 3957 110 4006 ad
127 3959 253 4010 inertium
274 3957 428 4023 suppeditat
445 3957 588 4020 lleungius.

144 4051 179 4116 ’Ἰ
194 4053 280 4104 iocus
301 4052 403 4114 integer
421 4051 464 4101 uic
484 4052 537 4100 est:
564 4043 641 4104 οὗτος
665 4043 688 4108 (b
707 4040 878 4116 Δημόκριτος)
905 4045 995 4114 μάγων
1021 4051 1097 4098 τινῶν
1121 4047 1173 4120 διή-

83 4143 150 4182 ιονοι
173 4131 217 4182 καί
241 4125 399 4193 Χαλδαίων,
425 4123 521 4201 ΞίρΕου
547 4131 594 4180 τοῦ
622 4125 749 4196 βασιλέως
776 4126 911 4183 teterrime.
929 4129 967 4196 τῷ
993 4128 1069 4198 πατρί
1093 4127 1173 4182 ebroe

82 4208 266 4271 austeriores,
287 4209 365 4283 ipim
386 4209 501 4278 ίξονίοίίη
519 4207 581 4280 ucp'
603 4207 695 4268 cincii,
709 4205 779 4259 unici
801 4223 864 4278 φησι
882 4203 1093 4279 ucl‘llpdiorur·
1112 4213 1172 4284 παρ’

83 4287 116 4342 ὢν
135 4293 164 4344 τί
182 4309 209 4346 τι
227 4296 283 4364 erpi
299 4291 436 4364 ίίιολογίος
451 4293 497 4344 καί
514 4288 681 4362 ἀστρολογίας
703 4287 798 4359 ἔμαθεν
822 4287 858 4341 tu
876 4291 935 4349 παῖς
954 4287 1001 4342 ὤν.
