2984 4876
244 327 310 392 212
579 321 776 386 Quaestionum
801 317 1035 374 manentem

251 496 355 578 ὥσπερ
379 491 429 555 καὶ
450 487 542 556 αὐτὸς
563 487 646 572 λέγει
666 485 888 574 παραβάλλων,
916 482 1059 567 τοιαύτην
1091 481 1170 568 εἶναι
1195 483 1248 566 τὴν
1278 481 1358 546 ἐντί-

250 621 359 679 πωσιν,
382 597 446 660 οἷον
475 596 502 658 el
531 595 692 679 ἐκμάξειας
721 596 764 665 είς
788 593 892 679 κηρόν.
929 589 1057 656 Ἔπειτα
1080 592 1197 675 μᾶλλον
1219 590 1251 654 ἐν
1274 591 1361 654 ὕδατι

251 705 423 772 τυποῦσθαι
443 703 583 784 δυνατόν,
606 703 671 787 dorp
691 701 890 786 πυκνότερον·
914 700 1003 783 ἧττον
1026 699 1060 761 δὲ
1078 697 1220 784 δρᾶσθαι.
1253 696 1362 762 Καίτοι

251 818 384 900 προςῆκε
414 813 540 895 μᾶλλον.
580 805 688 880 Ὅλως
717 811 751 873 δὲ
787 807 943 893 ἀπορροὴν
974 810 1121 868 ποιοῦντα
1150 810 1204 888 τῆς
1231 811 1364 891 μορφῆς,

252 923 357 1004 ὥσπερ
383 919 414 982 ἐν
440 919 596 1004 τοῖςπερὶ
620 923 681 982 τῶν
704 917 808 996 εἰδῶν,
827 916 858 978 τί
881 915 931 977 δεῖ
956 913 1010 996 τὴν
1030 912 1224 976 ἀποτύπωσιν
1247 917 1363 988 ποιεῖν,

253 1028 330 1092 αὐτὰ
353 1026 411 1111 γὰρ
436 1025 617 1112 ἐμφαίνεται
637 1025 674 1089 τά
698 1024 825 1090 εἴδωλα.
865 1023 1095 1102 Theophrastus
1120 1021 1190 1084 ibid.
1214 1025 1263 1084 51.

339 1162 386 1222 15.
427 1156 518 1222 Ἀλλ’
531 1156 619 1227 ·ἴσως
640 1159 692 1242 τὴν
711 1155 843 1242 ἔμφασιν
864 1154 986 1237 δῆλιος
1006 1155 1097 1230 ποιεῖ,
1116 1153 1150 1215 τδ
1172 1157 1239 1237 φῶς
1258 1154 1364 1238 ὥσπερ

254 1265 410 1351 ἐπιφέρων
434 1265 483 1328 ἐπὶ
509 1267 562 1349 τὴν
587 1264 667 1349 ὄψιν,
692 1265 833 1348 καθάπερ
859 1261 941 1325 ἔοικε
963 1259 1132 1346 βούλεσθαι
1154 1259 1268 1343 λέγειν·
1299 1260 1366 1324 ἐπεὶ

253 1373 287 1437 τό
315 1395 350 1457 γε
374 1375 425 1436 τδν
453 1374 539 1456 ἥλιον
566 1371 753 1436 ἀπωθοῦντα
782 1371 838 1459 ἀφ’
873 1372 986 1434 ἑαυτοῦ
1015 1368 1067 1431 καί
1096 1359 1366 1450 ἀποπλαττδμενον

254 1484 386 1544 πυκνοῦν
407 1481 458 1543 τδν
482 1478 571 1564 ἀέρα,
595 1479 736 1564 καθάπερ
760 1481 863 1564 φησίν,
887 1480 1020 1545 ἄτοπον·
1049 1475 1211 1560 διακρίνειν
1233 1475 1291 1559 γὰρ
1312 1475 1366 1538 πέ-

254 1609 333 1673 φυκε
356 1589 483 1671 μᾶλλον.
528 1589 754 1668 Theophrastus
777 1590 846 1652 ibid.
871 1591 921 1652 st.

342 1722 390 1783 16.
432 1715 497 1806 ΙΤὴν
532 1715 564 1782 δ’
596 1719 692 1802 ἀκοὴν
723 1719 947 1804 παραπλησίως
977 1719 1064 1780 ποιεῖ
1082 1717 1145 1783 τοῖς
1166 1714 1288 1784 ἄλλοις·
1323 1715 1367 1782 είς

252 1828 309 1913 γὰρ
331 1827 364 1890 rh
388 1827 475 1889 κενδν
508 1825 695 1909 ἐμπίπτοντα
720 1828 771 1891 τδν
802 1825 882 1911 ἀέρα
910 1825 1024 1910 κίνησιν
1051 1821 1199 1907 ἐμποιεῖν,
1221 1820 1299 1903 πλὴν
1320 1817 1367 1882 δτι

253 1934 330 1998 κατά
353 1937 412 1996 πᾶν
433 1934 487 2017 μὲν
515 1933 632 2018 ὁμοίως
660 1934 695 1996 τδ
725 1939 816 2018 σῶμα
845 1933 976 2009 eludunt,
1004 1931 1134 2015 μάλιστα
1159 1929 1194 1993 δὲ
1215 1929 1265 1992 καὶ
1282 1928 1365 1991 πλεῖ-

253 2062 323 2104 στον
348 2041 398 2104 διά
427 2045 487 2103 τῶν
518 2041 623 2120 ὤτων,
646 2039 692 2103 ὅτι
721 2041 770 2105 διά
799 2043 943 2105 πλείστου
974 2062 1007 2104 τε
1028 2043 1120 2102 κενοῦ
1139 2035 1293 2121 διέρχεται
1314 2037 1366 2100 καὶ

253 2151 364 2232 ἥκιστα
388 2148 559 2232 διαμίμνει·
590 2147 637 2211 διδ
667 2149 718 2212 καὶ
740 2149 817 2213 κατὰ
839 2149 893 2234 μὲν
913 2149 947 2212 τὸ
969 2147 1046 2212 ἀλλο
1071 2151 1161 2230 σῶμα
1183 2145 1240 2208 οὐκ
1260 2144 1366 2207 alchai-

253 2255 370 2335 νεσδαι,
397 2256 492 2340 ταύτῃ
520 2255 555 2318 δὲ
586 2254 690 2338 μόνον.
726 2252 824 2321 Ὅταν
851 2257 887 2320 δὲ
916 2255 1002 2324 ἐντδς
1028 2252 1162 2338 γένηται,
1189 2251 1368 2316 σκίδνασθαι

254 2494 354 2566 tatem,
389 2507 486 2570 neque
514 2487 640 2565 conteri,
674 2485 927 2568 quemadmodum
955 2487 1020 2568 ipse
1049 2486 1122 2548 dicit
1142 2483 1368 2576 comparatione

223 2603 226 2612 '
253 2597 420 2676 proposita,
447 2596 499 2656 tali
527 2594 620 2657 modo
652 2595 717 2655 fieri
737 2594 988 2673 informationem,
1012 2594 1093 2676 quali
1114 2595 1145 2654 in
1163 2613 1234 2656 cera
1254 2591 1370 2676 aliquid

254 2704 415 2783 imprimas.
467 2703 584 2765 Deinde
606 2722 643 2763 eo
663 2701 781 2764 facilius
800 2702 992 2766 simulacrum
1015 2704 1046 2765 in
1068 2723 1146 2785 aqua
1167 2701 1297 2782 imprimi
1314 2721 1372 2780 po-

253 2818 320 2889 test,
350 2831 411 2894 quo
441 2811 565 2872 densior
595 2817 657 2882 est;
690 2810 841 2872 difficilius
872 2819 971 2874 autem
1006 2811 1097 2874 cerui.
1147 2809 1188 2873 At
1208 2809 1372 2888 oportebat

254 2918 380 2980 facilius.
419 2917 550 2979 Omuiuo
572 2937 641 2980 eum
663 2918 716 2999 qui
739 2919 854 2980 formae
876 2919 1029 2980 effluvium
1050 2920 1161 2996 statuit,
1182 2925 1215 2981 ut
1239 2919 1270 2980 iu
1289 2918 1371 2980 libro

254 3026 293 3086 de
315 3025 503 3105 imaginibus,
524 3025 597 3108 quid
617 3044 696 3105 opus
719 3033 765 3087 est
785 3026 920 3106 imaginis
942 3027 1212 3089 conformationem
1233 3029 1371 3106 ponere?

253 3135 325 3212 lpsa
347 3134 426 3195 euim
448 3134 608 3196 simulacra
630 3132 802 3196 idabuutur.

343 3267 390 3326 15.
434 3265 497 3328 Sed
523 3267 652 3328 fortasse
680 3264 820 3344 illapsum
851 3264 898 3326 sol
919 3267 1027 3344 efficit,
1052 3265 1151 3328 luceru
1172 3266 1256 3349 quasi
1277 3265 1370 3328 oculo

254 3372 391 3448 afferens,
421 3379 454 3434 ut
482 3373 676 3436 Democritus
703 3372 823 3434 videtur
851 3375 952 3436 dicere
977 3375 1126 3448 voluisse;
1157 3394 1258 3457 quum,
1285 3373 1370 3456 quod

255 3479 304 3554 ait,
325 3477 423 3540 solem
441 3479 638 3559 repellentem
657 3500 675 3542 a
700 3499 767 3542 sese
797 3481 967 3562 effingendo
993 3485 1121 3545 densare
1143 3488 1244 3544 aerem
1264 3482 1370 3544 absur-

255 3587 326 3646 dum
348 3585 400 3658 sit;
424 3607 460 3648 ea
480 3587 559 3648 enim
582 3587 656 3650 solis
678 3594 785 3649 natura
807 3595 862 3667 cst,
884 3596 917 3650 ut
939 3597 1040 3651 aerem
1061 3591 1165 3670 potius
1188 3590 1346 3653 discernat„

340 3721 388 3780 16.
432 3718 577 3781 Auditum
612 3739 685 3781 vero
717 3719 856 3782 similiter
888 3729 977 3802 atque
1009 3722 1119 3784 caeteri
1153 3722 1369 3803 (philosophi)

254 3825 371 3888 defluit:
392 3831 463 3888 aere
485 3827 564 3888 araim
585 3827 616 3887 iu
637 3846 768 3889 vacuum
790 3829 923 3891 irruente
952 3836 1068 3892 motum
1086 3831 1175 3906 effici,
1193 3830 1249 3891 scd
1271 3831 1371 3912 (quod

253 3932 421 3995 Democriti
454 3935 612 4014 proprium
641 3939 700 4014 est)
737 3941 837 3998 aerem
868 3957 925 4016 per
955 3943 1053 3999 totum
1087 3955 1200 4018 corpus
1231 3937 1371 4000 similiter

254 4049 422 4124 penetrare,
435 4041 562 4104 maxime
583 4049 683 4104 autem
706 4063 763 4122 per
782 4063 879 4121 aures,
895 4046 1038 4126 quoniam
1060 4046 1107 4107 hic
1129 4063 1186 4126 per
1205 4047 1371 4126 plurimum

254 4163 383 4208 vacuum
404 4151 549 4226 pervadat
578 4157 608 4212 et
636 4150 756 4212 minime
784 4158 974 4231 permaneat;
998 4154 1068 4216 ideo
1093 4153 1124 4214 iu
1147 4153 1273 4235 reliquis
1299 4174 1370 4216 cor-

255 4252 340 4330 poris
359 4254 496 4333 partibus
519 4261 657 4338 (sonum)
684 4277 747 4320 nou
778 4260 892 4338 sentiri,
913 4261 968 4324 sed
988 4259 1061 4324 solis
1083 4259 1113 4324 iu
1137 4262 1271 4326 auribus.
1312 4263 1370 4325 Ubi
