2938 4864
326 275 392 344 30]
661 279 857 344 emuna-
876 282 1108 342 bannitum

329 447 408 526 λῶν)
431 465 471 508 ea·
486 443 639 528 piantur,
660 447 765 528 quaer
782 451 1023 532 uruapnrtralat,
1053 471 1110 516 narr
1134 449 1274 529 Μάνην,
1292 448 1332 512 dia
1346 447 1389 510 dei

327 573 399 616 nem
421 553 612 638 Bedrirfnisr
636 557 841 638 mtrpracdrrr.
876 559 1068 624 Gaistordius
1095 559 1220 641 conjecit
1245 557 1275 622 dr
1295 555 1325 620 dr
1342 553 1390 636 bip,

329 661 413 745 quod
440 681 503 726 non
529 663 730 745 probaverim.
786 665 924 749 Denique
956 667 1131 749 scripsimus
1161 667 1196 750 ip
1224 701 1261 715 -
1285 661 1391 744 ποιέηται

328 789 386 852 pru
398 768 436 854 ἦν
450 807 490 822 -
504 775 638 854 ποιῆται,
645 771 704 848 vei,
710 778 745 835 ut
758 770 810 833 aiii
826 771 930 854 tegunt
944 773 971 836 εἰ
983 813 1051 827 -
1068 778 1208 856 reuirat,
1218 770 1316 836 πολλοὶ
1327 767 1392 832 ἔνεισι

328 897 346 941 e
369 877 459 942 codd.
483 897 541 960 pro
572 880 688 942 πολλοί
713 879 772 942 riae
801 886 832 943 et
859 879 1010 966 χρέσσθαι
1038 883 1187 947 Herodoti
1209 877 1331 960 exemplo
1352 893 1391 956 pn

326 983 474 1069 χρῆσθαι,
493 1007 674 1070 quamquam
696 1007 759 1050 non
781 987 952 1066 diffitemur,
982 995 1013 1053 et
1039 990 1175 1073 χρᾶσθαι
1193 989 1272 1074 quod
1288 983 1392 1068 pluribus

326 1093 404 1158 locis
425 1093 507 1176 apud
523 1095 710 1158 Herodotum
732 1103 791 1172 est,
809 1096 882 1160 satis
894 1098 1023 1178 probum
1037 1117 1114 1161 esse.
1141 1090 1393 1164 Barabardusverbr

326 1201 404 1265 rard
428 1199 517 1284 φύσιν
539 1201 648 1284 ἕπηται
675 1223 738 1268 non
767 1205 864 1267 minus
884 1213 1029 1286 eormpta
1050 1225 1119 1270 esse
1137 1215 1218 1271 ratus
1239 1223 1319 1289 quam
1340 1215 1393 1282 qnae

326 1309 431 1389 paucis
455 1309 618 1388 interjectis
645 1320 813 1394 sequuntur
838 1309 872 1374 ἐκ
901 1313 1026 1375 πολλῶν
1058 1317 1119 1376 τῶν
1147 1312 1184 1377 ἂν
1216 1311 1269 1397 δέῃ
1293 1317 1393 1374 neutran

321 1419 495 1496 juncturam
523 1417 738 1499 interpretatus
773 1425 826 1482 est
879 1420 1033 1483 Gesnenrs
1068 1427 1225 1505 utramque
1249 1419 1393 1484 locutionem

326 1543 389 1588 non
410 1524 594 1587 intellectam
615 1527 661 1588 sic
681 1528 845 1590 convertit:
887 1529 998 1604 „Licet
1019 1532 1131 1610 pra'ppe
1148 1532 1257 1612 aligera
1271 1545 1323 1609 pre
1338 1519 1393 1584 udi

326 1635 395 1710 tn'o,
425 1639 455 1692 et
480 1631 573 1694 talem
604 1635 661 1714 qui
689 1633 817 1698 eduum
842 1637 1035 1716 maximeqrae
1057 1638 1171 1700 rr'mr'lrssr
1201 1635 1258 1698 sibi
1279 1633 1393 1698 rideam·

331 1739 418 1804 Vides
435 1746 587 1822 mntem
606 1741 738 1804 intersit.
777 1741 952 1822 Adoptauit
958 1744 1070 1824 filium
1088 1766 1128 1806 aar
1142 1745 1287 1827 plurimu
1305 1735 1393 1818 ttoni

323 1849 384 1908 mai
402 1847 513 1928 eligere
535 1845 639 1927 darre,
661 1855 692 1910 et
711 1850 799 1930 rujm
819 1851 945 1930 ingenio
966 1854 1102 1914 murima
1123 1849 1309 1916 delectetur.'’
1342 1846 1393 1908 ue

322 1962 386 2018 stra
413 1953 462 2017 hic
491 1975 618 2038 quaeras
650 1957 744 2020 verba
763 1959 824 2018 τῶν
849 1954 885 2018 ἂν
915 1953 990 2040 δέῃ,
1017 1959 1122 2040 priora
1148 1959 1222 2023 sads
1248 1957 1394 2040 negligenter

322 2061 440 2124 reddita
460 2069 539 2128 sunt.
586 2063 628 2126 At
658 2083 757 2146 neque
784 2065 825 2126 ita
854 2072 1000 2146 cornipta
1027 2073 1097 2129 sunt
1126 2069 1221 2131 verba
1244 2063 1314 2130 arrd
1332 2059 1392 2145 piu

322 2169 437 2246 inaura,
460 2177 493 2234 ut
523 2171 649 2254 intelligi
674 2178 840 2253 nequeant,
872 2173 965 2236 ruodo
997 2193 1055 2254 pro
1085 2174 1191 2240 ἕποιτο
1213 2181 1333 2258 ponanu
1346 2183 1393 2230 cot·

315 2279 471 2358 junctivus
492 2299 582 2361 quem
605 2280 752 2342 sententia
782 2279 896 2361 flagitat
916 2281 1141 2364 accipiaturqna
1167 2285 1242 2346 haec
1259 2301 1313 2344 vox
1331 2271 1393 2354 signi

320 2387 409 2448 ticatu
432 2387 602 2463 Homerico,
625 2406 688 2470 quc
711 2395 840 2450 estnon
861 2389 955 2469 magis
973 2391 1061 2469 requi
1080 2411 1170 2472 quum
1189 2391 1308 2464 oderim,
1324 2397 1393 2464 neque

319 2495 412 2557 verba
433 2494 475 2556 ὧν
499 2489 534 2555 ἂν
559 2491 615 2577 δέῃ
648 2495 778 2558 suffecta
806 2495 837 2556 iu
856 2496 996 2577 vulgatae
1017 2497 1189 2578 scripturae
1208 2499 1304 2562 lucum
1319 2487 1394 2555 diiiei·

317 2603 378 2666 lem
398 2602 509 2664 babent
527 2599 719 2665 intellectum.
761 2603 817 2665 Est
834 2609 933 2666 autem
955 2602 1005 2682 (tr
1028 2601 1078 2683 dr)
1100 2603 1180 2667 κατὰ
1203 2603 1288 2689 φύσιν
1307 2601 1393 2680 tentet

317 2711 344 2774 si
364 2710 431 2793 quis
455 2711 582 2772 verbum
608 2729 626 2772 e
644 2709 739 2772 verbo
764 2710 934 2790 exprimere
953 2711 1027 2772 velit
1047 2713 1104 2792 qui
1115 2730 1179 2791 pra
1201 2733 1238 2775 aa
1256 2731 1313 2792 qua
1329 2722 1394 2788 prae-

317 2817 401 2880 ditur
419 2826 465 2879 ert
483 2817 586 2879 indole
606 2815 724 2879 obediat
750 2817 769 2880 i.
793 2837 819 2880 e.
846 2819 902 2898 qui
919 2826 1038 2881 natura
1048 2837 1224 2900 propensus
1243 2822 1283 2882 rit
1298 2816 1336 2881 nd
1350 2809 1394 2874 eie·

315 2919 472 2989 aemam

402 3035 471 3096 189.
515 3031 629 3094 Eadem
659 3033 807 3094 sententia
832 3039 877 3095 est
909 3035 1098 3097 Democratis
1127 3055 1176 3115 ap.
1205 3034 1297 3099 Orelb
1320 3050 1343 3093 n.
1362 3023 1393 3096 u,

315 3139 370 3202 sed
390 3159 437 3220 ap.
459 3140 570 3202 Antan.
594 3160 631 3202 ex
656 3141 735 3202 Max.
760 3161 790 3220 p.
814 3143 874 3205 149
898 3141 1025 3204 Isocrati
1048 3150 1080 3203 et
1105 3161 1173 3223 pag.
1196 3145 1260 3206 452
1286 3139 1393 3220 Epium

313 3246 462 3310 tribuitur.
516 3247 661 3310 Similiter
689 3246 778 3309 Chilo
807 3268 854 3328 ap.
887 3249 972 3311 Stob.
999 3249 1083 3312 Flor.
1106 3251 1146 3312 lli
1173 3272 1204 3332 p.
1232 3253 1285 3314 96:
1318 3241 1394 3324 ripe

313 3351 424 3415 areidae
444 3361 474 3416 et
495 3355 696 3436 Demophilus
708 3361 795 3446 seut.
810 3356 934 3437 Pythag.
949 3361 989 3419 te
1011 3358 1040 3419 iu
1055 3357 1148 3421 orell.
1173 3377 1281 3440 opusc.
1296 3348 1393 3434 1p,t·i:

313 3465 453 3543 συγγενεῖ
470 3462 522 3524 καὶ
542 3461 667 3547 ἄρχοντι
688 3461 769 3545 πλὴν
791 3461 970 3546 ἐλευθερίας
988 3465 1085 3526 πάντα
1107 3463 1181 3527 εἶκε.

398 3569 467 3632 190.
510 3571 666 3634 Edidimus
683 3591 752 3634 eum
766 3571 945 3633 Burchardo
958 3569 1138 3655 acaedaitpu
1153 3592 1211 3652 pro
1233 3562 1394 3635 κακοδοξίαν

311 3679 394 3759 qued
415 3677 506 3741 habet
526 3679 673 3752 Orellius;
696 3684 853 3760 praeterea
865 3677 1028 3760 κρείσσονι,
1051 3680 1133 3761 quod
1153 3679 1274 3760 priores
1292 3675 1395 3740 editore

310 3793 475 3864 servarunt,
498 3785 678 3849 mutavimus
706 3787 736 3847 in
765 3783 916 3869 κρέσσσνι.
960 3785 1094 3848 Oreliius
1116 3787 1154 3848 de
1176 3789 1235 3850 hoe
1256 3781 1394 3864 fragment⁰

309 3894 384 3957 haec
405 3899 624 3956 commentatus
644 3901 705 3956 est:
726 3892 801 3976 „pdp
827 3893 948 3971 indicat
970 3894 1047 3955 hane
1070 3895 1248 3956 sententiam
1270 3888 1395 3970 respicere

308 4001 348 4062 ad
368 4021 412 4078 ea,
432 4022 510 4084 quae
539 4001 570 4063 in
598 4001 844 4063 antecedentibus
873 4021 954 4064 nune
980 4000 1144 4082 deperditis
1176 4003 1292 4064 dixerat
1310 3999 1395 4058 Dent

309 4107 412 4170 critus.
461 4109 501 4170 Et
527 4108 554 4172 si
579 4109 611 4172 in
636 4129 669 4170 re
702 4108 817 4169 incerta
844 4127 971 4188 prorsus
992 4129 1029 4173 ac
1050 4109 1142 4172 dubia
1163 4107 1301 4172 hariolari
1318 4099 1395 4166 liceat

306 4233 334 4276 v.
353 4214 625 4300 παρεκτεινόμενος
645 4217 723 4292 tacit,
736 4221 769 4276 ut
786 4215 934 4298 suspicer,
949 4217 979 4278 in
994 4217 1240 4282 antecedentibus
1252 4213 1394 4278 contentam
