2892 4872
380 295 464 352 Liber
477 295 513 354 ll.
541 296 584 354 Dc
594 296 746 354 Democriti
765 299 887 370 scriptia.
1127 299 1190 368 123

86 457 116 523 εὐ
137 459 258 526 ὐετάναι
280 463 330 527 τὸν
353 459 453 528 οἶκον·
480 463 500 548 ἠ
531 461 592 528 ἀπὸ
622 465 677 544 τοῦ
701 465 839 548 διιψιλεῗν
867 465 904 528 τὰ
926 465 1002 549 πρὸς
1019 467 1054 532 rt
1075 465 1186 532 ἐσθίειν

85 565 227 652 εὐετήμιυι.
273 577 460 654 Quamquam
484 580 584 635 erstem
613 573 720 636 adoh.
742 574 963 652 chrysostomo
985 577 1135 656 ltlagueno
1156 577 1188 638 iu

83 677 252 742 Democrito
265 681 463 744 reviviscente
472 682 554 762 (pag.
566 681 614 754 rt,
620 680 722 760 Hagno
730 679 838 744 Comit.
848 670 1064 760 tunsionum
1073 684 1122 747 hic
1135 703 1187 748 ex-

83 783 179 862 plicari
197 787 295 852 libros
311 788 348 851 de
363 789 561 852 oeconomica
573 785 732 866 disciplina
744 786 875 869 scriptos
894 789 1009 852 sciebat
1019 791 1184 872 Meuegius,

82 895 220 956 nmenei
250 916 341 979 quam
364 897 430 977 ipse
461 901 664 976 proposuerat
689 894 929 975 interpretationi
950 895 981 957 id
999 897 1100 960 iuvere
1121 899 1186 979 opi-

81 999 207 1080 nabatur,
229 1005 314 1086 quod
333 1025 352 1066 a
380 1001 550 1066 Columella
576 1001 656 1064 libro
675 1003 731 1064 Vll
753 1003 791 1066 de
813 1023 846 1066 re
866 1003 980 1066 rustica
996 1021 1062 1083 cap.
1083 1007 1111 1080 5,
1133 1005 1186 1068 ubi

81 1104 114 1167 de
129 1109 278 1173 medicina
296 1111 381 1174 ovilli
401 1110 524 1191 pecoris
545 1129 645 1172 sermo
668 1115 721 1187 est,
743 1111 886 1174 citarehrr
897 1110 997 1174 Dolus
1011 1111 1185 1174 Mendesius

81 1210 388 1296 iuhypomnematm
412 1237 488 1301 quac
518 1219 638 1302 quidem
663 1221 905 1299 llypomuemata
932 1220 990 1282 sub
1017 1219 1185 1282 Democriti

79 1321 190 1385 nomine
210 1325 292 1390 falso
314 1327 405 1407 prodi
434 1325 613 1408 perhiberet.
658 1328 773 1390 Verum
791 1333 885 1390 totam
907 1328 985 1390 hanc
1005 1326 1185 1408 explanandi

78 1428 215 1494 ιεθυιιειιι
237 1433 349 1496 doctus
369 1431 421 1496 ille
448 1433 496 1495 vir
520 1440 628 1515 postea
656 1435 769 1514 rejecit,
798 1434 926 1515 probata
950 1434 1095 1515 Stephani
1118 1435 1185 1498 llio-

77 1537 165 1600 nachii
183 1541 405 1618 emendatione,
435 1542 487 1623 qui
518 1563 610 1624 quum
638 1542 792 1622 Diogenes
804 1541 835 1621 7)
864 1542 902 1604 de
928 1541 1094 1606 moralibus
1123 1544 1184 1604 De-

77 1647 185 1708 mocriti
208 1648 333 1728 scriptis
357 1649 507 1732 loquatur,
538 1649 691 1730 aptissime
718 1668 776 1731 pro
799 1647 1025 1734 ὑπομνημάτων
1046 1648 1066 1732 ἠ
1090 1646 1182 1712 οἴκων

78 1753 222 1835 rescripsit
267 1753 494 1838 propempticon
538 1755 665 1840 ἠθικῶν.
729 1757 847 1838 Exigua
889 1757 970 1820 enim
1018 1756 1183 1820 mutatione

74 1853 390 1927 'l'lthlNllhlATDN
416 1855 574 1926 ΗΘΙΚΩΝ
602 1864 632 1927 in
656 1859 977 1926 ΥΠΟΜΝΗΜΑἸὩΝ
1002 1860 1032 1927 Η
1055 1859 1181 1928 ΟΙΚΩΝ

78 1967 192 2032 Modra
220 1976 353 2056 poterat
399 1969 543 2054 Verbaa‘p
568 1970 626 2057 γὰρ
659 1969 774 2034 εὐεστὼ
804 1968 864 2055 οὐχ
893 1970 1077 2055 εὑρίσκεται,
1104 1991 1182 2053 quae

77 2071 218 2156 Diogenes
240 2078 262 2141 l.
287 2077 307 2141 l.
336 2078 454 2158 ethich,
483 2079 525 2141 ita
546 2080 685 2144 enucleat
702 2079 869 2160 ltleuugius,
887 2085 921 2141 ut
942 2077 1107 2142 Democriti
1128 2099 1182 2142 vo

77 2177 165 2246 lumen
183 2188 275 2265 qu'us
296 2185 387 2248 iudex
408 2186 464 2249 tuit
488 2184 614 2264 εὐειιιῶ,
641 2187 793 2250 diversum
814 2187 907 2249 luisse
928 2193 1039 2250 statuat
1064 2184 1181 2249 alibro

78 2284 143 2371 Περί
165 2291 327 2377 εὐθυμίης.
367 2293 420 2356 Ait
448 2300 556 2372 autem,
582 2294 724 2377 quoniam
747 2293 903 2375 Diogenes
931 2296 1007 2358 haec
1027 2313 1064 2356 ex
1088 2295 1182 2356 Thra*

77 2396 145 2473 syllo
164 2403 286 2480 reserat,
313 2421 352 2464 ex
376 2400 422 2465 his
446 2403 546 2466 verbis
575 2402 678 2483 colligi
699 2408 852 2483 oportere,
876 2403 940 2480 jam
961 2399 1112 2482 Thrasylli
1133 2421 1182 2464 ae-

77 2507 128 2566 tate
150 2526 228 2588 opus
261 2503 387 2570 Eiectat
414 2510 592 2590 inscriptum
623 2509 812 2591 deperditum
847 2510 955 2586 fiisse,
990 2526 1083 2588 quum
1111 2507 1181 2590 περὶ

78 2606 213 2698 εὐθυμίης
228 2615 345 2679 librum
374 2617 413 2678 ad
434 2618 570 2682 Senecae
591 2618 765 2700 pervenisse
791 2625 919 2682 constet.
962 2617 1102 2698 Denique
1122 2616 1181 2677 Fa·

77 2713 176 2784 bricius
196 2743 295 2788 nuum
319 2724 459 2807 idemque
483 2746 562 2805 opus
587 2727 680 2790 inisse
708 2726 858 2790 existimat
879 2722 1070 2807 Ἀμαλθείας
1088 2720 1181 2804 κέρας

77 2822 93 2905 i,
121 2830 185 2913 περὶ
213 2829 366 2916 εὐθυμίης
395 2832 622 2918 ὑπομνημάτων
644 2833 760 2918 ἠθικῶν
790 2830 828 2917 η’,
856 2830 1037 2911 interposito
1066 2829 1180 2912 ippost

77 2929 157 3015 νέμεις
181 2946 211 3001 et
235 2936 265 3022 η’
294 2946 365 3020 post
391 2940 508 3024 ἠθικῶν
542 2944 670 3024 adjecto.
718 2941 856 3024 Apponit
884 2947 1042 3021 praeterea
1069 2936 1180 2999 Laertii

77 3041 199 3130 verme]
226 3044 288 3130 γὰρ
318 3043 446 3110 Εὐεστὼ
471 3047 532 3134 οὐχ
561 3051 732 3134 εὑρίσκεται
764 3057 854 3132 atque
883 3049 924 3110 ita
951 3046 1178 3125 iuterpretatur:

79 3145 170 3213 θονιιιι
185 3155 300 3236 cophe,
320 3157 383 3218 sive
403 3161 694 3221 commmtonhmm
707 3157 890 3221 Ethr'curum
911 3155 947 3218 de
968 3154 1072 3215 αιιίειιι·
1090 3157 1179 3212 tran-

78 3259 218 3330 tw'llitatc
246 3263 322 3326 ιῶιι·
345 3265 422 3327 Vllt.
468 3265 608 3347 namque
634 3265 710 3330 later
738 3266 814 3347 (lx)
841 3264 895 3326 cui
917 3262 1029 3324 ιῶιιίιιι
1061 3255 1177 3320 enecat

79 3362 129 3424 rice
146 3365 257 3434 bouum
279 3371 387 3436 stante
401 3373 481 3454 (jam
500 3373 651 3456 ThrasyDi
670 3379 776 3449 aetate,
789 3371 841 3454 qui
863 3371 919 3434 sub
936 3367 1060 3432 Tiben'o
1078 3364 1178 3443 vixit)

78 3487 132 3532 θῦν
149 3481 283 3560 amplius
302 3488 411 3544 exstat
451 3481 499 3544 Αυ
519 3482 645 3564 singulis
664 3483 772 3545 horum
793 3476 1077 3544 commentariorum
1093 3472 1177 3536 libris

81 3571 148 3642 idem
167 3587 212 3648 vir
242 3587 377 3652 eruditus
399 3590 585 3671 peculiarem
612 3591 706 3653 luisse
733 3589 852 3652 tihrlum
874 3585 979 3662 eredit,
999 3586 1176 3664 argumento

80 3694 312 3772 respondentem,
351 3715 413 3777 quo
441 3697 604 3778 singularis
633 3697 780 3779 quaedam
811 3695 938 3776 dignitas
969 3689 1077 3755 summi
1103 3686 1178 3750 boni

81 3787 300 3881 describeretur,
332 3805 386 3867 uni
417 3803 538 3887 quidem
566 3803 659 3889 κέρας
688 3803 867 3887 ἀμαλθείας,
903 3799 990 3864 alteri
1019 3793 1177 3878 εὐθυμίην,

81 3895 123 3962 &lli
142 3902 311 3993 despuitur,
334 3909 498 3997 ἀθαμβίην,
522 3911 734 3995 άθιιυμαεείην
756 3911 859 3974 etalii
883 3909 1012 3992 denique
1037 3902 1108 3987 περὶ
1131 3899 1176 3963 τί·

84 4059 268 4089 κῇ

143 4165 163 4230 ’l
185 4172 315 4238 Diogenes
341 4175 384 4226 lib.
403 4177 442 4238 ΙΧ,
463 4173 509 4228 46;
535 4175 587 4228 iore
610 4173 637 4227 bl
662 4169 742 4248 ἠθικά
766 4173 813 4242 piu
837 4172 907 4226 τάύι.
945 4163 1099 4241 Πυθαγόρης
1126 4167 1176 4218 θῑθ·

83 4241 120 4292 aot
136 4251 211 4302 ταῦτα
231 4253 279 4320 μὲν
299 4253 332 4306 τὰ
351 4251 441 4326 ἠθικά.
