2956 4860
215 285 264 358 Ιχιι
491 357 495 365 1
625 285 924 346 Praetorio:

218 462 459 561 inscriptiones
485 459 616 536 ionicas
639 464 697 534 vel
721 457 788 534 alia
819 461 920 554 hujus
947 457 1085 534 dialecti
1106 473 1330 534 monumenta

220 584 358 661 intuitus
378 610 465 671 sum,
486 606 556 656 uon
575 579 758 655 immemor
776 593 937 678 quattuor
956 579 1174 656 diuersorum
1195 579 1330 656 ionicae

221 705 359 782 dialecti
385 729 561 802 generum,
587 707 633 776 de
665 701 790 799 quibus
815 707 1013 778 Herodotus
1040 701 1095 776 lib.
1121 706 1135 775 1
1158 727 1232 799 cap.
1259 703 1332 775 tta

221 827 299 924 agit.
358 831 456 914 Quae
491 824 556 900 etsi
594 823 699 899 hodie
730 851 833 899 nemo
857 830 930 920 jam
961 835 1078 922 potest
1112 821 1330 920 dignoscere,

220 961 335 1023 tamen
359 947 416 1022 illa
443 971 533 1046 quae
559 944 642 1020 olim
667 945 798 1020 exstitit
821 944 1005 1022 diversitas
1031 971 1110 1022 eam
1135 949 1242 1020 debct
1267 948 1332 1020 ha-

221 1075 306 1145 bere
332 1067 411 1161 rim,
432 1082 470 1143 ut
487 1093 578 1166 quae
604 1065 817 1142 intercedant
838 1066 927 1142 inter
951 1066 1164 1164 singulorum
1184 1066 1332 1164 scripto-

221 1217 297 1266 rum
323 1189 461 1266 dicendi
494 1193 620 1264 modos
652 1186 849 1263 discrimina
872 1194 983 1287 probe
1009 1201 1178 1264 notemus.
1228 1194 1333 1264 Multa

222 1327 337 1388 autem
375 1312 408 1386 in
448 1309 501 1386 his
540 1315 646 1384 rebus
685 1313 730 1384 ad
772 1307 937 1413 liquidum
968 1311 1114 1408 perduci
1147 1324 1333 1408 nequeunt.

224 1433 394 1521 Quocirca
424 1431 503 1507 nihit
535 1429 645 1528 magis
677 1434 872 1506 cavendum
902 1430 1116 1523 existimavi,
1152 1460 1256 1530 quam
1287 1458 1333 1506 ne

222 1559 387 1630 mutando
412 1579 606 1653 peccarem,
630 1551 665 1628 in
692 1578 763 1650 quo
787 1551 882 1627 viros
908 1552 1064 1629 eruditos
1088 1580 1333 1652 nonnunquam
1432 1537 1435 1544 ⁴

223 1675 293 1752 labi
326 1674 543 1751 manifestum
584 1687 647 1749 est.
715 1679 897 1748 Caeterum
938 1675 1157 1752 Democritea
1194 1673 1334 1766 locutio,

223 1810 387 1896 quantum
412 1795 515 1870 etiam
538 1821 631 1870 nunc
657 1793 816 1889 judicare
838 1794 927 1884 licet,
954 1797 1097 1895 propius
1129 1802 1175 1873 ad
1200 1797 1333 1895 Hippo-

223 1933 375 1996 crateum
399 1943 503 2014 quam
533 1921 579 1992 ad
605 1921 841 1991 Herodoteum
871 1916 1011 1992 dicendi
1041 1944 1151 2016 genus
1184 1918 1219 1992 in
1245 1945 1333 2016 qua-

222 2045 367 2116 rundam
389 2038 575 2114 litterarum
608 2050 644 2111 et
675 2063 800 2112 vocum
833 2065 915 2128 usu,
946 2045 1042 2113 velut
1072 2038 1249 2114 informis
1275 2042 1334 2122 ξὺν

222 2189 286 2260 pro
313 2164 384 2250 σὺν,
409 2165 491 2261 ὁρῇν
515 2185 579 2258 pro
605 2163 687 2260 ὁρᾷν
715 2159 858 2249 accedit,
882 2159 917 2235 in
941 2159 1017 2235 aliis
1043 2166 1148 2236 rebus
1173 2166 1230 2236 vel
1256 2188 1334 2236 cum

223 2282 335 2380 poetis
371 2280 479 2381 epicis
493 2275 518 2375 ⁴)
553 2286 611 2354 vel
644 2306 722 2355 oum
754 2279 858 2355 titulis
889 2280 1012 2356 ionicis
1024 2278 1050 2377 ⁵)
1090 2281 1262 2380 congruit,
1301 2282 1335 2357 in

222 2404 298 2480 aliis
339 2401 491 2501 denique
533 2407 662 2476 nullam
704 2399 792 2498 gerit
826 2429 904 2476 cum
940 2401 1086 2478 aliorum
1129 2403 1334 2500 scriptorum

222 2525 375 2602 dictione
400 2521 656 2598 similitudinem
665 2518 701 2618 ⁶).
749 2527 857 2598 Porro
879 2523 1003 2598 tamin
1021 2525 1209 2600 moralibus
1230 2551 1335 2622 quam

222 2648 255 2724 in
282 2644 424 2746 reliquis
444 2643 643 2741 fragmentis
659 2643 845 2719 tractandis
867 2670 945 2719 eam
967 2644 1049 2720 mihi
1069 2651 1184 2743 legem
1201 2645 1334 2743 scripsi,

222 2782 351 2844 utnon
384 2771 490 2842 modo
521 2779 655 2841 textum
684 2763 745 2840 ubi
781 2790 870 2863 opus
904 2764 1082 2841 videretur
1112 2772 1335 2843 emendarem

223 2892 369 2982 ejusque
395 2887 446 2960 rai
478 2886 646 2963 rationem
682 2885 716 2961 in
746 2886 1025 2962 adnotationibus
1050 2893 1246 2980 redderem,
1270 2893 1333 2964 sed

223 3005 326 3080 otiam
361 3011 460 3080 locos
490 3005 701 3082 difficiliores
727 3006 871 3104 copiose
903 3034 1111 3100 enarrarem,
1138 3010 1334 3086 caeteruin

223 3126 349 3224 quibus
374 3131 519 3202 haerere
551 3128 629 3227 quis
662 3141 784 3226 posset
817 3127 937 3224 paucis
964 3129 1176 3226 attingerem.
1226 3135 1268 3206 At
1291 3157 1334 3206 ne

224 3247 412 3322 adnotandi
442 3249 585 3325 materia
615 3249 715 3325 nimis
746 3263 929 3339 cresceret,
954 3276 1044 3326 uere
1068 3256 1269 3350 frequenter
1290 3258 1335 3327 de

224 3368 446 3465 interpretum
487 3371 662 3446 erroribus
701 3375 851 3446 lectores
889 3368 971 3445 mihi
1007 3373 1174 3449 monendi
1207 3389 1335 3462 essent,

222 3489 337 3564 omnia
379 3493 467 3564 haec
502 3494 692 3587 fragmenta
728 3491 831 3568 latine
864 3489 1105 3590 interpretatus
1135 3522 1221 3570 sum.
1279 3501 1334 3570 ld-

223 3608 315 3684 oirco
338 3636 409 3684 non
431 3636 538 3708 saepe
562 3637 627 3687 nec
647 3619 720 3688 sere
741 3611 807 3688 nisi
828 3611 862 3686 in
883 3617 988 3687 rebus
1009 3615 1149 3710 majoris
1171 3617 1335 3693 momenti

221 3729 440 3827 superiorum
481 3731 703 3830 interpretum
741 3734 870 3812 mentio
910 3762 930 3810 a
967 3762 1022 3810 me
1056 3741 1144 3812 tacta
1178 3751 1240 3812 est.
1300 3743 1334 3813 ln

224 3939 425 3962 —-—-.-..,

293 4063 316 4124 4)
338 4063 375 4113 Ct.
394 4064 475 4114 todia.
499 4078 574 4116 roco.
594 4067 668 4116 Dum.
690 4067 716 4116 in
737 4063 753 4115 d
772 4070 800 4118 et
816 4061 962 4134 δεξαμεναί.

294 4154 316 4214 ⁵)
336 4153 373 4205 Ct.
394 4154 486 4220 fragm.
505 4157 596 4206 morat.
614 4153 672 4207 209.

291 4247 315 4308 6)
335 4245 392 4297 Vid.
409 4247 497 4297 adnot.
518 4247 552 4301 ad
568 4248 673 4302 titutum
693 4247 752 4300 libri
770 4249 931 4300 necron-rtet
952 4247 1010 4320 περὶ
1027 4246 1162 4319 ῥημάτων.
