2938 4864
357 333 443 392 Liber
461 331 509 391 iti.
549 334 619 390 Ario.
639 332 673 388 εδ
693 331 769 390 [λεια.
788 350 832 404 op.
850 333 945 407 tngn.
1140 335 1205 403 m

90 503 146 566 τού
169 500 307 588 ἀβούλου
328 501 361 564 τδ
383 495 590 586 εὐμετάβολον
619 499 670 564 καὶ
695 503 750 564 τοῦ
772 504 944 584 προπετοῦς
962 503 996 566 τύ
1016 505 1133 590 κούφαν
1156 529 1203 590 ep.

90 611 186 674 Orell.
208 631 237 672 n.
262 611 331 674 153.

179 721 225 783 10.
270 715 340 802 0οχ
359 714 439 780 ούτω
459 717 510 780 τδν
529 719 589 778 τῶν
608 717 795 802 γραμμάτων
814 721 995 805 χαρακτῆρα
1014 719 1126 805 θρθυύν
1147 723 1204 802 δεῖ,

91 827 136 894 ύις
153 826 205 888 τδν
229 829 289 887 τῶν
316 823 500 908 πραγμάτων
527 829 644 910 τηρεῖν·
672 825 691 908 ἠ
719 823 776 909 γὰρ
799 825 877 908 κακὴ
904 825 999 908 κρίσις
1018 831 1131 900 παντὸς
1143 855 1203 896 ’κα-

90 935 148 996 κοῦ
171 931 252 1000 αἰτία
274 951 322 1014 ομ.
341 931 435 996 Οτεθ.
454 952 483 994 n.
498 935 567 996 151.
609 935 692 997 Haec
712 933 813 996 omnic
833 935 1007 1014 fragmento,
1027 959 1104 1020 quoe
1122 941 1204 1021 opud

90 1040 202 1104 Autcu
224 1061 254 1122 p.
277 1042 336 1104 517
360 1047 485 1117 exstent,
507 1041 548 1102 ob
569 1048 802 1123 praeceptorum
818 1041 1017 1122 jejunitatem,
1036 1066 1096 1127 que
1116 1049 1203 1112 vetde

92 1149 234 1212 differunt
258 1169 278 1210 ε
303 1149 505 1212 Democriteis
530 1167 587 1230 per
613 1149 778 1213 Stobceum
806 1149 943 1234 aliosque
971 1159 1113 1218 auctores
1143 1157 1203 1220 tide

94 1257 201 1338 dignos
224 1257 352 1320 servetis
387 1277 450 1320 non
478 1256 661 1334 Democriti,
690 1258 744 1320 sed
772 1258 952 1339 posterioris
969 1262 1115 1344 aretalogi
1137 1283 1203 1328 esse

94 1383 173 1428 reor.
215 1365 298 1428 idem
322 1367 386 1428 iere
406 1365 576 1428 Burcherdi
595 1364 633 1426 de
655 1365 761 1430 iisdem
785 1368 842 1428 tuit
853 1366 1010 1446 judicium.

178 1473 229 1535 00.
273 1469 336 1540 Τὰς
363 1473 417 1556 μὲν
447 1471 553 1542 πόλεις
579 1471 764 1554 ἀναθήμασι,
788 1472 842 1540 τὰς
867 1473 902 1536 δὲ
923 1473 1024 1560 ψυχὰς
1043 1477 1205 1562 μαθήμασι

95 1579 145 1640 δεῖ
160 1583 286 1662 κοσμεῖν
306 1582 419 1646 Αυιοιι.
441 1585 472 1644 et
493 1583 571 1644 Meu
591 1602 620 1662 p.
642 1581 721 1655 7043
742 1601 790 1662 ep.
813 1582 910 1648 Orell.
930 1603 959 1646 n.
983 1587 1054 1649 156.

178 1689 228 1751 01.
273 1683 348 1756 Ταῖς
371 1689 425 1773 μὲν
448 1687 557 1752 πύλεσι
583 1688 621 1752 τὰ
645 1688 742 1774 τείχη,
763 1693 830 1757 ταῖς
851 1689 886 1752 δὲ
910 1695 1025 1776 ψυχαῖς
1044 1691 1060 1754 δ
1082 1689 1117 1754 ἐκ
1137 1715 1203 1755 παι-

95 1794 180 1862 δείας
198 1798 270 1864 νοῦς
296 1797 412 1879 κόσμον
442 1797 494 1860 καί
515 1795 687 1882 ἀσφάλειαν
712 1793 890 1880 παρέχεται.
941 1799 1052 1864 Auton.
1074 1806 1104 1861 et
1125 1801 1203 1864 Mox.

92 1923 122 1984 p.
147 1905 225 1978 701ς
245 1923 292 1985 ορ.
316 1905 411 1968 Οτεθ.
436 1925 466 1986 p.
492 1909 560 1970 157.
608 1904 775 1969 Posteriori
803 1906 970 1988 fragmento
992 1906 1022 1968 in
1045 1908 1206 1971 ωιλλεδ-

93 2011 205 2075 dturtur
224 2013 332 2075 verbe:
353 2015 414 2076 alr'e'
427 2033 466 2075 ee
480 2015 670 2092 Democrito,
691 2016 832 2092 Isocrate,
853 2017 1000 2096 Epicteto.
1044 2015 1106 2078 Sed
1125 2022 1206 2078 utra-

94 2141 153 2202 que
181 2123 329 2183 sententie
356 2139 419 2184 nou
449 2121 569 2184 videtur
598 2127 681 2184 recte
709 2121 878 2183 Democriti
904 2142 1015 2186 nomeu
1046 2123 1076 2183 in
1107 2123 1206 2186 fronte

93 2247 207 2308 gerere.
251 2229 330 2291 Nem
359 2229 389 2291 in
416 2215 492 2293 cod.
518 2229 604 2292 Flor.
627 2229 714 2292 Stob.
743 2247 773 2308 p.
791 2230 852 2291 105
883 2231 979 2310 priori
1010 2231 1206 2310 praeponitur

93 2335 217 2398 lemme:
238 2337 455 2420 Δημώνακτος,
474 2333 608 2418 “1“ψαίου
629 2338 681 2400 καὶ
702 2333 895 2419 Σωκράτους,
920 2335 1085 2417 posteriori
1105 2351 1206 2400 nutem

95 2466 124 2525 p.
147 2447 210 2508 100
235 2443 375 2524 adjicitur
395 2445 518 2508 titulus:
558 2439 614 2506 Ἐκ
640 2447 700 2506 τῶν
723 2440 954 2526 Ἀριστωνύμου
977 2443 1130 2530 τομαρίων
1154 2445 1206 2507 καί

95 2549 286 2636 Σωκράτους.

179 2663 230 2723 00.
274 2655 334 2722 Τὸν
365 2661 532 2724 σπουδαῖον
563 2661 652 2745 φίλον
675 2661 751 2744 πρδς
772 2659 826 2742 μὲν
850 2657 903 2726 τὰς
923 2655 1114 2742 εὐφροσύνας
1136 2660 1205 2742 κλη-

96 2765 189 2830 θέντα
221 2765 269 2830 δεῖ
296 2771 449 2852 παρεῖναι,
480 2769 556 2852 πρὸς
585 2769 621 2832 δὲ
651 2768 705 2836 τὰς
733 2766 924 2851 περιστάσεις
953 2761 1140 2848 αὐτόκλητον
1160 2765 1211 2830 δεῖ

96 2877 307 2958 συμπαρεῖναι.
352 2876 464 2940 Autou.
486 2886 517 2940 et
538 2879 616 2940 Μεκ.
638 2898 668 2958 p.
692 2877 772 2950 70ος
794 2895 843 2956 op.
868 2872 963 2938 Orell.
984 2893 1011 2936 m
1026 2875 1095 2937 158.
1124 2875 1208 2938 Haec

94 2985 186 3046 verbo
200 2986 270 3063 Jure
291 2984 431 3048 videntur
446 2985 624 3047 Burchnrdo
647 2983 917 3046 circumlocutione
937 2981 1119 3062 amplificata
1140 3001 1208 3046 esse

95 3111 132 3154 ex
161 3091 298 3156 Chilonis
325 3091 471 3156 sententia
498 3113 546 3173 ep.
576 3092 662 3156 Stob.
682 3092 764 3154 Flor.
792 3092 841 3168 111,
868 3093 908 3154 79
930 3111 960 3170 p.
983 3089 1041 3152 θύα
1081 3083 1150 3152 Ἐπί
1171 3087 1209 3152 τὰ

95 3198 203 3262 δεῖπνα
236 3205 296 3262 τῶν
324 3201 422 3284 φίλων
453 3197 594 3286 βραδέως
622 3197 775 3283 πορεύου,
802 3197 851 3262 ἐπὶ
878 3197 913 3260 δὲ
940 3197 993 3266 τὰς
1015 3195 1142 3280 ἀτυχίας
1158 3217 1208 3260 τα·

95 3305 188 3392 χέως.
230 3310 307 3372 Loci
328 3309 410 3372 itlius
430 3327 547 3371 memor
568 3307 770 3372 tuitOrellius
786 3305 887 3369 adnot.
907 3307 945 3368 nd
965 3325 1071 3387 opusc.
1095 3306 1210 3369 Toml
1281 3339 1283 3342 ·

95 3437 124 3496 p.
145 3418 216 3494 501,
248 3416 299 3498 qui
320 3423 417 3479 tomen
440 3417 498 3480 hoc
526 3418 644 3500 dequo
665 3415 782 3497 egimus
802 3415 1000 3495 fragmentum
1023 3413 1210 3478 Democritei

96 3523 208 3604 ingenii
230 3525 343 3588 foetum
370 3545 437 3588 esse
460 3525 584 3605 putavit.
629 3523 691 3587 Sed
713 3541 833 3586 omnem
862 3521 1079 3585 dubitationem
1107 3521 1211 3586 eximit

94 3651 156 3694 vox
176 3631 359 3716 περίστασις.
411 3633 489 3695 Nem
517 3631 709 3716 περιστάσεις
731 3649 789 3712 pro
810 3627 899 3692 retur
919 3629 1055 3692 aduerrr’s
1073 3627 1209 3694 florentis

96 3739 201 3802 aetatis
223 3740 389 3820 scriptores
408 3759 470 3803 non
489 3739 637 3802 dixerunt.
681 3737 727 3802 Cf.
749 3737 882 3802 Lobeck.
902 3738 941 3800 od
959 3737 1070 3818 Phryu.
1088 3758 1120 3818 p.
1138 3739 1209 3800 377.

97 3851 200 3929 Quare
223 3848 415 3911 Democritus
440 3849 529 3926 huJus
551 3847 708 3928 fragmenti
730 3855 839 3910 euotor
857 3865 925 3910 esse
947 3845 1058 3928 nequit.

183 3957 232 4020 03.
277 3951 315 4018 Oi
346 3955 487 4038 ἀληθινοί
519 3955 605 4038 φίλοι
636 3955 688 4019 καὶ
713 3953 767 4022 τὰς
803 3953 905 4037 φιλίας
937 3951 1044 4036 ἡδείας
1080 3948 1131 4013 καλ
1158 3947 1212 4017 τὰς

97 4061 260 4149 συμφοράς
288 4060 499 4147 ἐλαφροτέρας
527 4065 676 4139 ποιοῦσιν,
707 4061 750 4124 ὧν
783 4061 837 4144 μὲν
863 4057 1137 4135 συναπολαύοντες,
1168 4055 1211 4118 ὧν

97 4169 133 4232 δὲ
156 4171 451 4257 μεταλαμβάνοντες.
492 4170 605 4234 Anton.
625 4175 656 4232 et
675 4171 755 4234 olax.
776 4189 806 4250 p.
817 4171 897 4243 70ος
919 4188 967 4250 op.
989 4163 1082 4229 Orell.
1098 4183 1127 4226 u.
1142 4165 1211 4226 150.

182 4281 232 4342 01.
276 4275 319 4343 Τδ
343 4280 384 4364 μὴ
409 4279 558 4342 δύνασθαι
583 4277 709 4362 βοηθεῖν
739 4279 802 4344 τοῖς
824 4275 936 4362 φίλοις,
957 4271 1097 4357 ἀπορίας,
1121 4271 1155 4334 τδ
1171 4269 1213 4348 Ιδὲ
