2984 4876
286 295 351 364 254
617 289 811 356 Quaestionum
839 287 1072 345 ῠιιιυετίισιτυιυ

207 467 342 550 patruo
373 463 470 530 τιλιίοι
508 460 687 545 σύγκλεισιν.
742 452 806 520 Τοῶ
840 453 898 540 γὰρ
931 451 1075 540 σταβλίυυ
1105 452 1184 518 κατὰ
1212 453 1316 536 καιρὸν
1347 453 1400 515 τθν

209 573 369 662 persepe
391 574 432 657 μὴ
460 569 686 655 λαμβάνοντος,
712 567 817 650 ῶσπερ
846 565 965 648 τινιγμιγῖ
986 561 1169 628 διόλλυνται.
1211 559 1275 626 Τοῦ
1299 560 1337 624 δὲ
1359 559 1401 623 οἶ-

290 705 345 748 ιιου
368 681 385 744 ί
409 681 562 764 μελισσῶν
590 674 677 759 ἐγγὺς
704 673 803 754 ἔσται,
831 671 883 738 ιιαλ
909 671 980 735 ὅταν
1012 669 1216 735 ἐκπετάσουσιν
1239 668 1402 753 ἀνοιγομέ-

209 795 279 865 538.
292 811 358 858 ναις
375 791 441 856 ταῖς
465 785 592 871 θυρίσιν,
615 783 771 867 ὑποθυμία
799 781 900 865 θύμου
931 803 964 844 τε
994 781 1046 844 καλ
1071 781 1219 864 ιινειίιρου.
1269 775 1319 862 Τῇ
1341 776 1402 860 γὰρ

289 899 372 982 ὀσμῇ
395 894 533 963 ἑλκύσειε
548 890 642 962 αὐτὸς
664 891 707 960 είς
724 891 775 954 τὸν
796 891 982 973 μελισσῶνα,
1000 887 1267 973 τεθεραπευμένος
1287 885 1404 969 ὀσμαῖς

288 1005 403 1070 ἀνθῶν.
452 999 558 1066 Ταῦτα
592 999 649 1084 γὰρ
686 999 804 1082 θυμιῶν
839 996 895 1061 οὐκ
923 996 1058 1066 οἰκούσας
1094 997 1271 1065 ιίσελιίσεις.
1321 994 1402 1060 Χαί-

289 1135 377 1200 ρουσι
403 1108 461 1196 γὰρ
484 1109 626 1194 μέλισσαι
652 1111 692 1191 τῇ
723 1105 840 1188 εὐωδίᾳ
870 1105 921 1168 καὶ
945 1103 1084 1181 ἄνθεσιν,
1113 1106 1156 1173 ῶς
1177 1103 1303 1175 εἰκότως
1321 1104 1404 1170 εἶναι

292 1221 413 1308 μίλιτος
435 1215 647 1302 δημιουργούς.
689 1216 829 1296 Geopon.
851 1213 904 1276 lib.
925 1214 990 1278 XV
1011 1234 1077 1294 usp.
1097 1213 1133 1292 ΙΙ,
1155 1214 1305 1278 21-38.

375 1363 421 1424 tn.
465 1357 654 1443 Δημόκριτος
674 1357 708 1420 δὲ
732 1354 909 1441 ἐρωτηθείς,
929 1359 995 1423 πῶς
1017 1352 1052 1418 ἂν
1075 1353 1183 1417 ἄνοσοι
1202 1353 1253 1416 καὶ
1274 1357 1402 1440 μακραί-

290 1490 367 1537 ωνες
388 1467 532 1549 γίγνοιντο
565 1465 594 1528 οἱ
621 1463 790 1549 ἅνθρωποι,
813 1461 907 1543 εἶπεν,
930 1459 968 1526 Ei
988 1463 1025 1526 ταλ
1050 1465 1104 1548 μὲν
1126 1461 1241 1533 ἔξωθεν
1264 1465 1319 1524 τοῦ
1344 1468 1402 1528 σῶ-

290 1597 385 1661 ματος
407 1573 514 1658 ἐλαίιμ,
536 1571 573 1637 τὰ
596 1573 631 1637 δὲ
655 1571 780 1636 ἔνδοθεν
803 1569 900 1655 μέλιτι
917 1572 1084 1657 χμίσαιντυ.
1120 1571 1259 1652 Geopon.
1270 1571 1323 1634 lib.
1337 1574 1404 1637 XV

289 1705 356 1766 cup.
377 1683 441 1759 Vll,
465 1683 493 1745 6.

377 1825 423 1888 13.
469 1819 544 1906 Περὶ
567 1822 707 1904 λαγωῶν.
751 1815 867 1884 “Ouo
901 1817 992 1888 αὐτὸς
1019 1819 1093 1882 ποτὲ
1118 1819 1173 1903 μὲν
1201 1819 1307 1904 ἅθριγν,
1326 1825 1405 1888 ποτὲ

291 1933 440 2017 δθθῇλυς
458 1931 581 2014 γίνεται,
604 1930 655 1992 καὶ
678 1929 864 2014 μεταβάλλει
892 1927 945 1996 τὰς
967 1927 1083 2013 φύσεις,
1111 1927 1162 1991 καὶ
1184 1929 1258 1992 τοτὲ
1282 1931 1338 2012 μὲν
1363 1935 1407 2001 ῶς

291 2041 385 2126 ἅῤῥην
407 2040 574 2122 γονοιτοιεῖ,
594 2037 669 2100 ποτὲ
698 2037 733 2100 δὲ
758 2040 801 2106 ῶς
823 2035 920 2119 θῆλυς
944 2035 1044 2101 τίκτει.
1086 2039 1225 2118 Geopon.
1246 2039 1298 2103 lib.
1322 2043 1406 2104 XIX

291 2170 356 2232 unp.
379 2149 431 2211 lv.

290 2453 460 2537 longiorem
489 2455 716 2518 conclusionem
744 2462 885 2518 mutetur.
937 2456 1065 2520 Stabulo
1093 2459 1172 2520 enirn
1207 2458 1238 2520 in
1265 2464 1405 2540 tempore

290 2569 392 2627 aerem
420 2584 482 2627 non
514 2565 691 2646 excipiente,
720 2565 802 2627 velut
839 2564 1036 2627 suffocatione
1062 2574 1200 2646 pereunt.
1243 2565 1406 2629 Caeterum

291 2691 389 2752 prope
409 2671 532 2735 domum
552 2672 591 2735 sit
612 2672 766 2752 apiarium,
796 2680 826 2736 et
855 2695 949 2756 quum
970 2674 1109 2736 fenestris
1134 2675 1245 2754 apertis
1267 2675 1405 2756 (volandi

292 2798 383 2841 ceusu
402 2779 480 2861 eles)
512 2780 726 2858 extenderunt,
756 2783 858 2844 suffito
889 2783 991 2863 thymo
1018 2788 1109 2863 utque
1132 2767 1254 2846 dneoro.
1299 2785 1406 2848 Odore

292 2888 371 2949 enim
397 2889 554 2968 pertrahes
580 2888 663 2969 ipsus
693 2888 724 2950 iu
755 2889 919 2970 apiarium,
948 2890 1071 2952 allectas
1109 2890 1256 2952 odoribus
1286 2892 1406 2955 florum.

293 2997 414 3077 Quippe
435 2997 481 3060 his
500 2997 650 3059 suffieudo
672 3015 735 3057 non
752 2996 858 3059 invitus
878 2996 957 3059 intro
977 2997 1124 3078 pullicies.
1166 2999 1307 3080 Namque
1330 3001 1407 3062 odo·

292 3102 334 3165 ris
357 3105 501 3168 suavitate
529 3113 559 3169 et
587 3103 715 3167 floribus
742 3103 875 3186 gaudent
902 3125 991 3188 apes,
1022 3112 1057 3168 ut
1084 3107 1191 3170 merito
1219 3105 1279 3169 sint
1306 3108 1406 3170 mellis

293 3209 428 3289 opifices.
1102 3209 1104 3214 ’

381 3352 429 3413 12.
471 3352 665 3415 Democritus
699 3352 919 3434 hrtenogntus,
961 3355 1117 3436 quomodo
1149 3354 1286 3417 homines
1320 3355 1405 3417 nulio

292 3457 400 3520 morbo
420 3459 517 3522 effoeti
542 3460 719 3542 longissime
740 3462 801 3525 vitu
821 3461 937 3543 pertrui
956 3469 1099 3541 possent:
1130 3463 1165 3526 Si
1195 3469 1344 3539 externae,
1364 3462 1406 3522 iu-

293 3566 366 3647 quit,
386 3567 526 3646 oorporis
545 3576 648 3648 portes
668 3569 747 3648 oleo,
772 3569 905 3632 internas
923 3569 1014 3633 melle
1034 3570 1192 3634 illinereut

380 3707 427 3770 13.
469 3710 518 3770 De
543 3709 710 3790 leporibus.
759 3710 842 3772 Idem
869 3709 958 3789 lepus
987 3709 1149 3792 aliquando
1183 3709 1305 3791 quidem
1333 3729 1404 3785 mus,

291 3813 453 3897 aliquando
485 3836 559 3879 vero
590 3818 700 3880 semina
730 3817 764 3878 fit
791 3823 822 3878 et
851 3823 974 3880 neturus
1002 3823 1174 3894 commutet,
1204 3823 1294 3899 etque
1316 3819 1404 3880 iuter-

293 3923 364 3984 dum
384 3931 419 3985 nt
438 3923 590 3986 musculus
607 3931 739 4003 generat,
759 3925 910 3988 interdum
930 3931 965 3988 ut
985 3925 1094 3988 iumine
1115 3925 1202 4006 perit
