2938 4864
356 309 439 366 Liber
458 308 509 372 lll.
535 307 607 364 Adn.
627 307 662 363 ad
683 307 761 366 lien.
780 324 824 380 op.
841 308 937 381 fragm.
1137 307 1201 372 315

289 475 340 532 Tm
366 476 394 530 δδ
413 476 475 532 ttae
497 471 605 548 ᾤκτειρε
625 473 759 548 ποδάρκης
778 471 833 534 δῖος
851 470 987 546 Ἀχιλλεὺς

291 554 343 611 Καί
358 577 400 628 μιν
420 557 543 630 φωνήσας
563 557 625 610 ἔπεα
644 555 783 628 πτερόεντα
803 554 947 628 πρυσήίιδα.

80 667 134 732 Cf.
157 669 190 732 ll.
211 669 267 746 Xl,
287 669 358 732 613.
401 667 479 730 lllud
503 675 602 730 autem
623 668 706 750 quod
727 666 920 730 Democritus
942 667 973 730 in
995 665 1199 747 locupletibus
1308 716 1317 738 ,

82 779 188 840 inesse
212 779 277 840 vult
304 778 342 839 de
377 775 561 858 pauperibus
595 779 672 838 bene
699 777 834 838 merendi
865 775 1016 852 studium,
1048 775 1200 838 veterrlrus

83 887 216 950 Graecis
236 907 297 950 non
324 887 417 949 luisse
435 885 582 966 ignotum,
609 903 672 946 non
694 891 740 946 est
762 884 846 967 quod
866 884 967 948 multis
989 885 1200 946 demonstrem.

82 995 171 1056 Nihil
190 996 268 1057 enim
288 995 424 1058 testatius
451 997 497 1055 est
523 992 658 1055 Gildonis
686 993 904 1070 munificentia,
936 993 974 1055 de
1004 1011 1064 1073 qua
1084 991 1201 1052 Plutar-

84 1104 163 1166 chus
182 1103 213 1165 in
236 1105 301 1182 ejus
322 1103 384 1164 vita
414 1123 440 1165 c.
463 1103 517 1164 10:
566 1097 660 1186 Αὐτῷ
683 1100 717 1163 δὲ
740 1101 892 1164 νεανίσκοι
908 1101 1093 1185 παρείποντο
1115 1096 1200 1182 συνή-

84 1209 155 1277 lima
180 1207 234 1273 δίο
264 1210 284 1294 ή
306 1213 386 1294 τρεῖς
413 1207 626 1294 ἀμπεχόμενοι
647 1211 765 1278 καλῶς·
793 1209 834 1271 ὧν
864 1207 1001 1286 ἕκαστος,
1023 1205 1116 1274 εἴτις
1136 1225 1201 1268 συν-

86 1315 178 1402 τίχοι
195 1314 240 1402 aqi
260 1315 379 1402 Κίμωνι
400 1323 460 1380 τῶν
481 1316 581 1380 ἀστῶν
611 1316 825 1401 πρεσβύτερος,
845 1314 1055 1402 ἠμφιεσμένος
1078 1312 1201 1386 ἐνδεῶς,

87 1424 264 1511 διημείβετο
273 1427 349 1510 πρὸς
363 1425 454 1490 αιίτδν
463 1425 500 1488 τά
514 1425 626 1508 ίμοίτια.
648 1421 710 1488 Καὶ
719 1425 751 1486 τὸ
759 1421 916 1508 γινόμενον
928 1421 1069 1508 ἐφαίνετο
1082 1418 1201 1504 σεμνόν.

88 1528 129 1596 Οἱ
150 1531 179 1594 δ’
196 1531 283 1595 αὐτοὶ
304 1535 354 1596 καὶ
376 1533 510 1618 νόμισμα
532 1532 707 1616 κομίζοντες
727 1530 875 1616 ἀφδονον,
900 1531 1120 1615 παριστάμενοι
1140 1533 1203 1595 τοῖς

87 1645 222 1726 κομψοῖς
244 1646 303 1705 τῶν
324 1642 463 1726 πενήτων
488 1641 519 1704 ἐν
545 1636 645 1724 ἀρορᾷ
676 1635 779 1723 σιωπή
800 1645 860 1702 τῶν
884 1638 1055 1722 κερματίων
1079 1637 1201 1724 ἐνέβαλ-

88 1751 145 1812 λον
167 1749 210 1817 είς
232 1748 286 1817 τὰς
303 1753 419 1834 χεῖρας.
467 1750 548 1830 Ergo
570 1768 669 1832 neque
697 1749 728 1810 in
749 1749 850 1812 verbis
872 1749 1035 1832 quidquam
1054 1767 1151 1832 neque
1172 1749 1202 1810 in

88 1857 182 1920 rebus
204 1863 258 1934 est,
279 1858 362 1938 quod
384 1857 475 1920 aliurn
498 1858 599 1938 potius
621 1876 712 1940 quam
731 1856 939 1920 Democritum
961 1856 1049 1936 liujus
1069 1865 1203 1920 caetero-

88 1985 219 2049 rumque
243 1986 320 2049 quae
342 1965 479 2046 proxime
500 1966 679 2029 antecedunt
699 1965 935 2046 fragmentorum
958 1971 1113 2028 auctorem
1135 1985 1202 2028 csse

90 2075 204 2137 iudicio
227 2073 274 2137 sit.

177 2195 248 2256 917.
292 2193 461 2272 Hesychius
491 2189 628 2274 ιλὶμύλος
652 2231 719 2240 -
749 2189 880 2268 ἀστεῖος,
917 2188 1048 2268 συνετός,
1081 2188 1150 2260 dilue
1172 2189 1203 2252 lu

91 2295 138 2385 aqi
161 2299 269 2381 λέγειν.

178 2421 249 2482 218.
293 2419 382 2482 Edidi
417 2415 552 2487 ἀπίξεται
582 2424 613 2480 et
647 2415 688 2478 ὧν
719 2435 777 2496 pro
807 2414 887 2496 vulg.
915 2413 1056 2500 ἀφίξεται
1086 2424 1117 2478 et
1139 2413 1203 2480 adu.

94 2527 253 2589 Praeterea
278 2527 428 2608 flagitante
457 2526 604 2589 sententia
627 2523 803 2604 scripsimus
828 2525 883 2585 τοῦ
908 2521 1073 2606 μέλλοντός
1097 2545 1130 2587 τε
1154 2525 1206 2588 καὶ

97 2632 225 2717 ἀδήλου.
275 2637 310 2698 ln
337 2642 420 2698 textu
444 2633 599 2698 Orelllano
628 2639 675 2695 est
695 2633 749 2694 τοῦ
772 2629 947 2714 μέλλοντος,
969 2630 996 2692 el
1019 2631 1054 2694 dt
1075 2631 1205 2716 ἀδήλου,

96 2763 235 2826 proquo
258 2745 358 2806 editor
379 2744 497 2806 exarari
511 2743 601 2821 jubet
621 2738 655 2803 εί
674 2761 706 2821 με
728 2738 857 2820 ἀδήλου,
877 2739 985 2802 saltem
1006 2741 1036 2802 ri
1052 2741 1206 2803 incertum

95 2853 145 2912 sit.
199 2853 349 2916 Neutrum
385 2853 445 2914 λου
471 2851 543 2914 loco
571 2848 696 2912 tolerari
723 2851 833 2928 potest
882 2847 943 2908 Alii
970 2847 1074 2928 legunt
1102 2850 1130 2912 el
1155 2850 1206 2912 καὶ

97 2957 225 3042 ἀδήλου,
256 2961 339 3042 quod
370 2979 466 3042 aeque
496 2957 636 3038 trigidum
664 2976 731 3020 esse
766 2956 869 3040 liquet
921 2957 1074 3020 Gesnerus
1104 2959 1206 3022 vertit:

91 3067 267 3150 perfectum
285 3069 385 3148 igitur
405 3065 517 3128 donum
529 3066 662 3147 saturo,
680 3067 864 3146 pracsertim
892 3067 1016 3143 incute,
1038 3073 1205 3147 praestan-

98 3177 159 3236 tiaa
177 3183 230 3238 cst.
271 3177 334 3240 Sed
359 3177 461 3238 lutura
487 3171 588 3237 omnia
614 3173 729 3236 incerta
756 3180 844 3246 suut;
881 3192 975 3254 quare
996 3193 1058 3238 non
1080 3177 1208 3258 quadrat

92 3287 284 3366 praesertim.
325 3283 519 3346 Burclrardus
535 3280 684 3344 existimat
703 3301 720 3343 c
738 3281 948 3362 superioribus
968 3283 1068 3346 verbis
1091 3281 1206 3367 ἀδήλου

100 3391 127 3454 el
149 3389 180 3460 ἐς
202 3395 298 3474 γήρας
315 3391 508 3454 librariorum
528 3390 722 3470 incogitantia
743 3391 903 3472 repetitum
924 3409 992 3454 esse
1014 3391 1050 3470 εἰ,
1072 3413 1208 3474 praeser-

100 3499 151 3564 tim
172 3521 266 3582 quum
286 3506 430 3583 sequatur
445 3497 574 3580 ἀδήλου.
619 3500 739 3581 Quodsi
760 3504 948 3581 expungatur
968 3497 1007 3578 ai,
1030 3500 1101 3562 lerri
1116 3521 1208 3582 posse

100 3609 275 3672 sententiam
298 3609 328 3670 in
351 3613 473 3689 promtu
494 3613 550 3682 est,
571 3611 627 3672 sed
650 3608 729 3671 idem
751 3607 843 3671 eflicit
864 3607 891 3670 al
912 3614 1057 3672 mutatum
1079 3609 1110 3672 in
1131 3631 1174 3672 τε.

184 3719 254 3780 atu.
297 3715 491 3780 Restituimus
520 3715 594 3776 πᾶσι
622 3713 721 3779 ἐνδέει
745 3736 803 3798 pro
835 3718 910 3779 πᾶσι
941 3713 1032 3778 ἐνδεῖ.
1082 3719 1209 3782 Dativns

101 3826 194 3888 verbo
217 3823 315 3888 ἐνδέει
334 3825 493 3905 adjunctus
515 3841 578 3886 non
600 3831 648 3888 est
668 3823 810 3890 insolens.
853 3825 970 3888 Pariter
993 3825 1144 3888 Lucienus
1166 3823 1209 3888 ἐν·

104 3931 152 3994 δεῖ
173 3930 217 4016 τῷ
247 3929 381 4017 ἀριθμῷ,
405 3933 487 3996 deest
514 3932 558 3995 ad
581 3934 700 4012 piatum
731 3953 904 3999 numerica.
960 3935 1014 4000 Sic
1047 3935 1108 3998 λου
1139 3935 1210 3998 loco

101 4042 174 4102 πᾶσι
196 4037 296 4102 ἐνδέει
317 4043 375 4104 erit
399 4041 482 4106 deest
505 4043 629 4124 alr'put'd
647 4041 692 4104 ad
710 4045 816 4106 ommia
837 4043 856 4106 i.
878 4063 904 4106 e.
927 4043 972 4106 ad
990 4045 1210 4124 amputatae,

102 4169 190 4242 quam
223 4151 418 4214 Barchardus
446 4151 677 4232 explicationem
706 4152 859 4234 proponit.
912 4153 1016 4218 Possis
1047 4151 1136 4215 etiam
1167 4151 1212 4215 sic

102 4255 301 4338 interpretari,
323 4263 356 4321 ut
376 4260 452 4322 πᾶσι
476 4257 574 4323 ἐνδέει
592 4260 631 4326 sit
652 4259 792 4326 amardus
813 4263 954 4346 (aliquid)
975 4263 1062 4326 deest.
1098 4261 1213 4326 Utrius-
