2956 4860
275 335 318 400 38
604 336 800 399 Quaestionum
830 333 1064 389 Democriteum

359 503 511 567 Natalium
530 503 694 585 splendore
716 502 914 582 conspicuum
935 501 1028 564 fuisse
1055 500 1268 583 philosophum
1287 501 1384 565 Abde·

277 611 406 676 ritanum
427 634 465 676 ex
494 613 613 676 indiciis
640 611 761 674 urinime
784 609 882 672 dubiis
901 609 1005 689 colligi
1028 615 1158 688 oportet
1199 616 1384 695 Quamquam

278 720 356 782 cuim
378 741 440 785 non
461 723 611 786 credimus
632 720 715 803 quod
746 719 777 781 in
798 718 951 781 subdititia
978 716 1189 780 Abderitarum
1212 719 1252 782 ad
1273 720 1385 801 llippo-

280 837 392 892 cratem
423 831 551 913 epistola
572 827 734 910 legib1r⁹)‚
765 825 973 888 Democritum
995 826 1134 889 llerculis
1159 847 1197 890 ex
1221 830 1312 890 fratre
1337 849 1385 890 ne

278 944 381 1017 potem
403 939 511 1017 luisse,
550 945 650 1000 amen
681 933 849 998 Democriti
876 941 993 1014 patrem
1023 934 1101 996 iuter
1130 934 1292 998 ditissimos
1322 937 1384 1015 ejus

279 1047 424 1126 temporis
442 1047 525 1110 viros
547 1043 699 1109 numerari
721 1041 793 1105 sotis
813 1047 939 1104 constat.
980 1041 1089 1124 Neque
1106 1043 1185 1104 enisu
1207 1044 1314 1106 multas
1338 1064 1388 1107 ex·
1470 1095 1471 1106 2

280 1159 415 1216 terarum
436 1161 532 1217 terras
553 1153 637 1216 obire
665 1171 701 1212 ac
731 1148 897 1212 diutissime
924 1151 1110 1230 peregrinari
1131 1155 1282 1230 potuisset
1301 1153 1387 1230 filius,
1470 1191 1471 1196 1

278 1261 336 1323 nisi
356 1263 465 1342 opibus
487 1261 614 1324 maxime
637 1259 798 1321 floruisset.
846 1259 929 1320 llaec
950 1257 1040 1338 igitur
1063 1258 1197 1322 omnium
1219 1279 1319 1322 rerum
1339 1282 1390 1324 cc-
1470 1235 1471 1312 l

279 1367 330 1448 pia
351 1370 460 1452 quibus
482 1367 675 1432 Democritea
693 1386 768 1447 gens
791 1365 1026 1441 circumfluebat,
1049 1365 1080 1427 in
1103 1386 1195 1430 causa
1213 1369 1277 1431 sine
1298 1369 1389 1433 dubio

281 1475 354 1552 tuit,
389 1497 445 1538 cur
475 1477 634 1540 mendaces
662 1481 803 1556 posterae
824 1474 929 1536 aetatis
957 1474 1093 1537 homines
1117 1475 1241 1556 epulum
1268 1480 1391 1540 commi-

279 1581 470 1646 niscereutur
489 1583 572 1666 quod
599 1583 768 1646 Democriti
787 1589 874 1663 pater
891 1581 1005 1644 Xerxis
1025 1583 1172 1647 exercitui
1194 1584 1390 1668 dedisset¹⁰).

280 1690 342 1753 Sed
368 1691 434 1773 quis
456 1711 557 1754 rerum
586 1691 665 1755 illius
686 1690 800 1754 saeculi
822 1690 968 1752 rationem
994 1697 1179 1771 temporum
1199 1702 1391 1774 perspectam

280 1797 378 1877 habet,
403 1807 437 1862 ut
460 1801 498 1862 ab
518 1799 605 1862 bosia
632 1799 684 1884 qui
712 1799 798 1864 nullo
821 1804 908 1861 antea
929 1807 1114 1879 provocatus
1133 1809 1214 1862 esset
1233 1800 1392 1880 beneflcio,
1470 1843 1471 1856 1

280 1906 340 1969 tale
362 1907 496 1970 officium
523 1909 555 1972 iu
582 1911 699 1972 bostem
724 1908 867 1971 collatum
894 1906 1058 1984 existimet,
1089 1907 1225 1988 quamvis
1248 1909 1394 1973 credibile

279 2015 326 2094 sit,
348 2013 508 2080 Abderitas
531 2017 646 2080 Xerxis
674 2017 841 2098 praesentis
870 2016 1034 2078 exercitum
1064 2014 1202 2078 timentes
1232 2017 1394 2082 amicitiam
1470 2025 1471 2106 i

280 2128 310 2184 et
327 2122 567 2187 benevolentiam
589 2125 753 2188 simulasse.
791 2123 908 2186 idcirco
937 2123 1051 2184 nullam
1074 2123 1215 2186 Valerius
1243 2127 1394 2190 blarimus
1470 2127 1471 2208 3

279 2228 331 2312 qui
349 2229 408 2292 hoc
426 2237 553 2311 enarrat,
572 2233 663 2296 iidem
682 2239 822 2309 meretur,
845 2230 876 2293 iu
901 2251 938 2294 co
962 2251 1084 2316 quoque
1108 2231 1287 2313 culpandus,
1309 2237 1395 2317 quod
1470 2233 1471 2302 Ξ

279 2359 317 2402 cx
338 2339 419 2402 facili
438 2339 606 2404 Democriti
626 2347 743 2421 patrem
764 2347 877 2404 1111111111
897 2340 1068 2405 convivium
1088 2360 1236 2420 apparare
1255 2343 1395 2421 potuisse

279 2447 336 2510 sibi
358 2449 516 2529 persuasit.
547 2448 588 2511 At
604 2449 778 2513 Herodotus
791 2451 797 2483 ¹
812 2451 841 2532 ¹)
863 2449 935 2514 nihil
953 2448 1011 2512 nisi
1029 2449 1088 2512 hoc
1108 2455 1242 2526 testatur,
1256 2449 1397 2514 Xerxem
1470 2499 1471 2548 1

279 2553 309 2618 in
332 2555 435 2619 Asiam
457 2565 657 2620 revertentem
678 2558 830 2621 Abderam
851 2559 970 2622 venisse
998 2563 1028 2620 et
1049 2557 1171 2636 hospitii
1194 2557 1303 2621 foedus
1325 2581 1399 2624 cum
1470 2561 1471 2566 ’

281 2665 390 2729 incolis
416 2667 569 2748 pepigisse
588 2672 678 2749 atque
699 2667 821 2729 acinace
847 2687 941 2730 aureo
972 2685 1026 2729 eos
1055 2685 1091 2727 ac
1114 2665 1189 2726 tiara
1209 2685 1285 2730 auro
1303 2667 1400 2731 inter-
1470 2715 1471 2740 t

279 2781 362 2837 texta
387 2775 525 2838 donasse.
589 2775 636 2837 De
666 2775 833 2838 Democriti
866 2783 951 2856 patre
983 2774 1057 2837 nihil
1087 2773 1251 2835 memoriae
1282 2775 1399 2856 prodit.

281 2883 400 2963 Quodsi
427 2883 581 2964 Diogenes
610 2885 746 2945 Laertius
763 2880 815 2963 ¹⁹)
840 2883 982 2961 affirinat,
1011 2883 1149 2944 Xerxem
1177 2901 1194 2942 a
1219 2881 1402 2965 philosophi

279 2991 375 3052 nostri
401 2997 487 3070 patre
515 2989 648 3072 hospitio
678 2997 839 3072 exceptum
873 3010 940 3054 esse
969 2991 1216 3071 llerodotumque
1238 2997 1403 3058 auctorem

281 3095 361 3172 citat,
375 3095 406 3158 in
428 3101 514 3180 cuius
536 3097 621 3161 libris
635 3099 750 3163 nullmn
771 3100 859 3178 hujus
879 3099 924 3162 rei
946 3098 1105 3180 vestigium
1120 3104 1173 3176 est,
1189 3098 1260 3176 jure
1273 3101 1404 3163 merito-

352 3297 374 3359 ⁹)
394 3311 453 3362 pag.
474 3294 540 3349 1274
562 3298 603 3349 ed.
624 3297 699 3349 Pecs.
720 3297 803 3360 (Tum.
821 3299 853 3349 111
875 3314 900 3362 p.
921 3295 973 3350 777
992 3297 1033 3350 sd.
1051 3297 1153 3362 11111111).

354 3397 391 3460 ¹⁰)
416 3397 536 3450 Valerius
556 3398 686 3450 Maximus
709 3398 754 3451 lib.
773 3395 833 3448 Vlll
863 3398 959 3464 cap.7
985 3400 1154 3451 Democritus
1186 3412 1271 3464 quum
1297 3398 1406 3452 divitiis

282 3481 386 3530 censeri
404 3481 504 3543 posset,
520 3491 589 3544 quoe
609 3483 699 3531 tantm
717 3481 831 3544 suerunt,
853 3486 884 3533 ut
900 3484 979 3548 pater
992 3482 1049 3546 eJus
1062 3480 1156 3532 Xerxis
1174 3481 1305 3532 exercitui
1325 3495 1408 3548 epu·-

282 3559 337 3610 lum
357 3561 422 3611 dare
442 3573 475 3612 ex
493 3558 561 3610 facili
581 3564 699 3624 potuerit
719 3565 768 3614 etc.

354 3652 391 3714 ¹¹)
410 3651 562 3704 Herodotus
587 3652 630 3703 lib.
650 3651 719 3718 vill,
739 3651 789 3706 tac
814 3652 930 3724 caluerat
957 3651 1005 3725 γὰρ
1031 3641 1127 3723 Elpia:
1154 3650 1180 3704 lv
1199 3655 1230 3725 τῇ
1251 3647 1338 3704 ὀπίσω
1357 3668 1410 3704 ao·

282 3731 342 3806 μιδῇ
363 3729 519 3801 ἀπικόμενος
537 3731 572 3791 σ1ς
585 3729 704 3804 Ἄβδηρα
721 3735 766 3787 καὶ
786 3732 878 3804 ξ11ν1ην
900 3733 928 3785 τέ
947 3749 992 3804 σφι
1006 3729 1162 3801 συνθέμενος
1179 3733 1225 3784 sal
1244 3731 1409 3804 δωρησάμε-

282 3831 327 3873 νος
352 3811 446 3872 abraba
474 3813 584 3886 datsdap
607 3831 634 3866 τε
658 3814 760 3887 χρυσέῳ
790 3815 834 3867 καὶ
860 3813 949 3885 τριήρῃ
972 3814 1154 3886 χρυσοπάστῳ,
1182 3811 1236 3873 καί,
1260 3812 1297 3870 ὡς
1325 3811 1412 3866 absol

282 3893 384 3965 λέγουσι
405 3892 575 3966 Ἀβδηρῖται.
600 3893 717 3965 λέγοντες
739 3895 829 3965 ἔμοιγε
848 3893 973 3964 οὐδαμῶς
992 3895 1079 3958 πιστά,
1096 3899 1199 3967 πρῶτον
1222 3891 1335 3946 ilduara
1355 3893 1410 3966 τὴν

283 3975 369 4046 ζώνην
389 3975 492 4048 ped-sumt
513 3975 540 4037 ἐξ
558 3972 694 4050 Ἀθηνέων
715 3975 807 4039 ὀπίσω,
826 3974 862 4034 ὡς
881 3975 907 4027 ἐν
927 3973 998 4046 ἀδείῃ
1020 3973 1081 4027 ἐών.

355 4071 392 4134 ¹²)
411 4071 485 4134 Diog.
501 4071 585 4120 Luert.
604 4067 646 4132 lli,
664 4066 698 4118 34
716 4096 744 4106 -
765 4067 842 4140 ἡνίκα
860 4063 975 4139 ἐξενώθη
997 4065 1020 4130 (ὁ
1041 4063 1154 4139 Χέρξης)
1173 4063 1236 4137 παρ’
1261 4061 1359 4126 αὺτοῦ,
1373 4091 1408 4103 -

281 4145 354 4202 aulici
382 4165 445 4220 φησι
464 4149 509 4200 καὶ
528 4145 679 4222 Ἡρόδοτος,
704 4149 748 4201 ubi
775 4151 884 4201 Rossius
909 4151 935 4200 in
957 4149 1233 4202 Commentationibus
1249 4149 1411 4198 Laertianis

281 4233 390 4292 (Romae
408 4245 431 4282 a.
453 4227 520 4281 1788
539 4232 626 4294 editis)
644 4227 707 4300 παρ’
739 4226 812 4299 αὐτῷ
836 4231 980 4293 tegendum
1003 4231 1125 4295 conjecit,
1150 4243 1231 4294 quam
1252 4231 1410 4294 coniectu-

283 4327 341 4366 ram
360 4325 446 4378 nuper
466 4310 625 4364 liucbnerus
646 4315 754 4378 practer
779 4313 967 4364 necessitatem
987 4311 1070 4363 textui
1087 4312 1206 4364 inscruit.
