2938 4864
357 315 442 372 uun
458 316 506 376 ru
541 317 612 374 ιιι.
630 319 665 374 ιι
686 317 763 376 oen.
782 335 826 392 op.
844 321 939 394 ungu.
1137 327 1200 393 stt
1227 303 1235 320 ’

90 485 212 568 gradus
229 483 366 563 hebetur,
387 483 470 567 qnod
490 485 588 550 miuus
619 487 795 568 spatiosum,
826 487 906 552 idem
926 489 1039 567 levium
1059 495 1106 558 sin
1125 514 1200 560 vero

89 593 217 657 ultorum
239 592 325 655 alteri
345 593 499 674 odingas,
518 594 582 656 sire
600 594 728 658 aiterum
750 595 936 662 adulterum
958 601 1072 664 referas
1093 601 1141 684 (ἔν
1164 623 1200 685 γι

89 703 153 769 τοῖς
175 703 303 784 μικταῖς)
322 698 419 762 levius
447 701 513 780 erit,
541 702 625 785 quod
644 704 725 784 pins,
743 703 873 785 gravius,
889 707 972 789 quod
994 709 1092 772 minus
1111 711 1201 774 habet

88 805 206 872 vacui.”
249 808 472 891 Philippsonins
493 809 568 872 haec
587 810 706 890 posuit:
727 810 754 872 ei
772 810 830 896 γὰρ
853 813 1007 897 διακριδὲν
1029 813 1117 878 hicet
1131 815 1199 880 έκα·

90 936 160 980 cros
186 913 337 981 καὶκατὰ
366 918 472 1000 σχῆμα
500 914 654 1001 διαφέροι,
683 917 817 1002 σταθμὸν
847 917 882 982 δν
912 918 962 982 ns
992 919 1116 1004 μεγέθει
1145 923 1199 1006 τὴν

89 1023 180 1109 φύσιν
205 1021 287 1110 έχιιν
306 1025 351 1087 sic
371 1024 585 1104 interpretans:
611 1025 658 1101 „si
676 1026 763 1104 enim,
786 1027 932 1110 quidquid
962 1029 1021 1092 situ
1041 1029 1201 1094 diremtum

88 1133 145 1208 sit,
183 1131 350 1196 secundum
376 1133 504 1195 sormam
534 1151 657 1215 quoque
684 1131 831 1210 differam
852 1143 908 1198 etc
961 1137 1199 1218 Pnpencordtius

88 1261 119 1322 p.
139 1243 179 1304 53
209 1241 307 1320 ejecto
336 1237 479 1324 διαφέροι
508 1240 680 1321 suspicatus
709 1247 755 1304 est
787 1243 1029 1324 Theophrastum
1059 1245 1090 1306 in
1119 1245 1198 1308 huuc

87 1347 213 1412 modum
238 1348 412 1429 scripsisse:
442 1347 470 1410 ei
497 1344 554 1432 γὰρ
583 1345 737 1432 διακριῦὲν
768 1347 815 1432 εἴη
850 1349 978 1414 ἕκαστον
1003 1391 1070 1404 --
1097 1352 1125 1414 ri
1148 1354 1199 1416 καὶ

86 1455 166 1520 κατὰ
186 1459 291 1542 σχῆμα
313 1453 465 1540 διαφέρει,
485 1495 553 1508 --
576 1453 710 1539 σταθμὸν
729 1456 917 1540 (erudiendi)
942 1454 978 1520 ἂν
1002 1455 1052 1521 ἐπὶ
1075 1458 1200 1543 μεγέθει

85 1563 251 1648 τὴνφύσιν
273 1562 366 1648 ἔχειν.
417 1565 474 1628 tlic
497 1562 631 1626 omnium
660 1564 773 1644 optime
794 1583 857 1626 rem
877 1566 947 1647 egit,
965 1565 1020 1628 sed
1039 1581 1138 1628 nmen
1161 1587 1200 1630 ne

86 1673 120 1734 in
142 1672 230 1752 hujus
251 1673 372 1756 quidem
402 1671 613 1735 emendatione
631 1673 885 1753 acquiescendum
906 1692 986 1738 reor.
1030 1675 1200 1738 Putaveriru

83 1786 196 1858 autem,
219 1781 461 1860 Theophrastum
478 1777 518 1842 ad
536 1799 605 1842 eum
629 1799 718 1862 quern
740 1781 805 1844 vult
819 1781 1059 1862 Papencordtius
1078 1801 1200 1846 sensum

83 1888 316 1969 exprimendum
338 1905 399 1948 non
420 1885 447 1948 st
472 1884 625 1971 διακριῦὲν
649 1885 707 1970 εἴη,
722 1889 777 1951 sed
798 1889 904 1952 suitem
925 1888 953 1951 si
971 1887 1200 1972 διακεκριμένον

83 1993 136 2078 εἴη
158 1995 310 2059 dicturum
334 1995 437 2071 inisse,
461 1993 533 2056 licet
560 1994 599 2056 ab
618 1994 684 2058 aliis
709 1995 859 2059 interdum
881 1995 1074 2077 participium
1096 1994 1201 2060 coristi

81 2101 132 2166 sic
151 2105 292 2184 usurpari
312 2103 413 2166 sciam.
457 2101 575 2165 Deinde
605 2101 763 2184 διακρίνειν
791 2103 1001 2184 accipiendum
1027 2102 1145 2166 videtur
1163 2105 1201 2166 de

81 2228 127 2274 eo
149 2211 232 2293 quod
256 2218 301 2274 est
327 2211 505 2286 dr'scerners,
533 2211 699 2289 separatim
727 2219 871 2289 mactare.
920 2211 1025 2294 ltaque
1043 2210 1074 2272 in
1097 2210 1201 2290 priore

80 2316 223 2381 membro
251 2320 344 2395 deest,
372 2317 455 2400 quod
485 2322 658 2398 opponatur
689 2319 752 2383 τοῖς
773 2319 896 2398 μικταῖς.
939 2321 1026 2398 Quae
1047 2335 1139 2399 quum
1162 2317 1203 2380 ita

81 2425 156 2505 sint,
177 2425 257 2488 edidi
283 2425 311 2487 ri
332 2423 390 2508 γὰρ
422 2423 591 2509 διακριδεέη
624 2422 657 2486 ἓν
681 2422 808 2486 ἕκαστον
830 2428 891 2486 τῶν
911 2422 1057 2508 ἀμίκτων.
1099 2423 1203 2486 Verba

84 2533 115 2596 εἰ
135 2532 283 2596 καὶκατὰ
303 2537 408 2617 σχῆμα
429 2530 570 2616 διαφέρει
590 2551 647 2614 per
660 2531 853 2612 parenthesin
874 2531 991 2612 adjecta
1013 2538 1083 2596 sunt
1103 2549 1202 2613 neque

82 2639 288 2718 sollicitando,
317 2637 461 2724 διαφέροι
485 2647 585 2702 eutem
617 2659 655 2702 ex
687 2639 897 2702 eruendatione
924 2645 1026 2703 ortum
1058 2659 1127 2702 cnm
1149 2639 1203 2702 Pa-

82 2747 268 2831 penoordtio
297 2748 438 2826 dixerim,
470 2749 510 2810 ita
540 2756 574 2810 nt
600 2748 730 2828 primum
758 2746 885 2827 margini
916 2747 1084 2828 ascriptum
1113 2752 1203 2827 atque

83 2857 160 2918 inde
178 2863 285 2935 postea
315 2857 343 2918 in
370 2863 484 2918 textum
513 2855 640 2919 relatum
666 2855 713 2918 sit.
756 2854 894 2937 Denique
922 2853 1060 2936 αιαδμοῦ
1082 2851 1204 2932 scripsi-

82 2983 156 3027 mus
178 2983 236 3044 pro
258 2960 405 3044 σταθμόν,
433 2963 516 3044 quod
546 2964 644 3026 mitius
672 2962 933 3026 accommodatum
962 2969 1015 3026 est
1065 2960 1204 3024 Philoso-

83 3075 167 3154 phus
185 3071 275 3153 igitur
303 3071 515 3150 Theophrasto
544 3080 670 3134 auctore
693 3071 774 3148 dicit,
797 3089 930 3151 corpora
949 3089 1020 3134 curn
1040 3067 1120 3131 inani
1140 3085 1203 3128 non

82 3180 258 3256 commixta,
280 3180 306 3242 si
327 3179 489 3260 separatim
510 3185 686 3260 spectentur
703 3198 760 3260 pro
780 3179 985 3260 magnitudine
1008 3175 1132 3260 pondus
1154 3174 1206 3237 ha-

81 3290 170 3364 bere,
192 3288 270 3350 inter
288 3306 324 3350 ea
346 3293 454 3364 autem,
479 3287 589 3368 quibus
619 3288 706 3351 inune
732 3285 897 3348 admixtum
917 3285 965 3364 sit,
988 3284 1107 3350 leviora
1126 3300 1205 3356 esso,

82 3415 168 3479 quaa
195 3395 350 3474 maj0rem,
378 3395 526 3474 graviore,
555 3415 632 3478 quae
660 3395 806 3458 minorem
835 3394 931 3458 innuis
961 3394 1082 3476 copiam
1110 3389 1206 3456 conti-

80 3510 188 3568 neant
232 3503 437 3566 Confirmatur
460 3503 535 3565 haec
556 3504 717 3584 explicatio
737 3501 857 3566 duobus
878 3501 1050 3565 Aristotelis
1070 3500 1148 3564 iocis
1169 3497 1207 3560 de

81 3631 157 3695 gen.
180 3618 211 3673 et
233 3631 312 3674 corr.
332 3613 354 3688 l,
375 3613 396 3674 8
419 3616 450 3672 et
473 3611 683 3686 decoel.1V,
705 3613 733 3672 2.
783 3609 890 3671 Priore
912 3608 983 3671 loco
1004 3609 1079 3672 haec
1100 3607 1207 3686 tegun-

85 3729 163 3784 tur:
185 3718 284 3780 καίτοι
313 3715 479 3801 βαρύτερόν
506 3717 639 3800 γεκατὰ
671 3718 724 3800 τὴν
747 3716 902 3800 ὑπεροχήν
934 3735 1025 3798 φησιν
1047 3711 1126 3777 εἶναι
1149 3711 1208 3794 Δη-

83 3824 233 3910 μόκριτος
254 3823 379 3888 ἕκαστον
398 3827 458 3887 τῶν
483 3823 675 3909 ἀδιαιρέτων,
697 3824 749 3886 nbi
778 3822 914 3908 ὑπεροχή
942 3842 1004 3884 nou
1030 3829 1091 3885 taru
1118 3839 1209 3880 crua-

77 3933 236 4016 percutr'a
258 3940 312 4011 est,
335 3953 424 4016 quam
442 3933 636 4014 magnitudo.
678 3932 852 3996 Posteriore
871 3931 1030 4012 Stagirites
1049 3925 1208 3992 Democri-

84 4051 156 4104 tum
179 4039 361 4122 respiciens:
387 4040 422 4102 τὸ
450 4041 538 4103 κενὸν
562 4037 907 4124 έμιτεριλαμβανέμενον
930 4037 967 4101 τὰ
991 4038 1120 4120 σώματα
1141 4053 1209 4096 κου·

86 4145 191 4232 φῖζειν
214 4147 299 4231 φασί,
321 4147 371 4211 καὶ
393 4151 491 4211 ποιεῖν
516 4145 595 4211 ἔστιν
625 4145 677 4210 ὅτε
700 4146 737 4210 τὰ
761 4146 856 4230 μείζω
880 4145 1072 4232 κουφότερα·
1103 4143 1210 4206 πλεῖον

83 4253 152 4336 γὰρ
175 4252 257 4340 ἔχειν
279 4253 378 4318 κενόν.
427 4256 510 4318 idern
541 4275 662 4320 censam
682 4276 737 4321 cur
757 4275 891 4338 corpora
908 4256 969 4320 iate
990 4273 1084 4336 snpra
1103 4267 1210 4336 aquam
