<?xml version="1.0" encoding="UTF-8"?>
<!DOCTYPE html PUBLIC "-//W3C//DTD XHTML 1.0 Transitional//EN"
    "http://www.w3.org/TR/xhtml1/DTD/xhtml1-transitional.dtd">
<html xmlns="http://www.w3.org/1999/xhtml" xml:lang="en" lang="en">
 <head>
  <title>
</title>
<meta http-equiv="Content-Type" content="text/html;charset=utf-8" />
  <meta name='ocr-system' content='tesseract 3.04.00' />
  <meta name='ocr-capabilities' content='ocr_page ocr_carea ocr_par ocr_line ocrx_word'/>
</head>
<body>
  <div class='ocr_page' id='page_1' title='image "./democritiabderi00mullgoog_0438.png"; bbox 0 0 2932 4862; ppageno 0'>
   <div class='ocr_carea' id='block_1_1' title="bbox 361 331 1181 404">
    <p class='ocr_par' dir='ltr' id='par_1_1' title="bbox 361 331 1181 404">
     <span class='ocr_line' id='line_1_1' title="bbox 361 331 1181 404; baseline 0.006 -16"><span class='ocrx_word' id='word_1_1' title='bbox 361 334 446 388; x_wconf 83' lang='lat' dir='ltr'><strong>Liber</strong></span> <span class='ocrx_word' id='word_1_2' title='bbox 464 331 510 388; x_wconf 81' lang='lat' dir='ltr'><strong>tv.</strong></span> <span class='ocrx_word' id='word_1_3' title='bbox 546 333 589 387; x_wconf 84' lang='lat' dir='ltr'><strong>lle</strong></span> <span class='ocrx_word' id='word_1_4' title='bbox 607 333 758 390; x_wconf 79' lang='lat' dir='ltr'><strong>Democriti</strong></span> <span class='ocrx_word' id='word_1_5' title='bbox 776 335 893 404; x_wconf 81' lang='lat' dir='ltr'><strong>placitis.</strong></span> <span class='ocrx_word' id='word_1_6' title='bbox 1119 337 1181 402; x_wconf 78' lang='grc'><strong>417</strong></span> 
     </span>
    </p>
   </div>
   <div class='ocr_carea' id='block_1_2' title="bbox 37 500 1180 3579">
    <p class='ocr_par' dir='ltr' id='par_1_2' title="bbox 47 500 1180 2828">
     <span class='ocr_line' id='line_1_2' title="bbox 77 500 1180 584; baseline 0.004 -18"><span class='ocrx_word' id='word_1_7' title='bbox 77 507 206 584; x_wconf 87' lang='lat' dir='ltr'><strong>ipsorum</strong></span> <span class='ocrx_word' id='word_1_8' title='bbox 219 503 341 582; x_wconf 87' lang='lat' dir='ltr'><strong>culpam</strong></span> <span class='ocrx_word' id='word_1_9' title='bbox 361 519 392 562; x_wconf 89' lang='lat' dir='ltr'><strong>rn</strong></span> <span class='ocrx_word' id='word_1_10' title='bbox 415 503 564 563; x_wconf 85' lang='lat' dir='ltr'><strong>tartunam</strong></span> <span class='ocrx_word' id='word_1_11' title='bbox 583 502 722 563; x_wconf 83' lang='lat' dir='ltr'><strong>conterre</strong></span> <span class='ocrx_word' id='word_1_12' title='bbox 742 500 849 566; x_wconf 78' lang='lat' dir='ltr'><strong>solent.</strong></span> <span class='ocrx_word' id='word_1_13' title='bbox 881 501 923 564; x_wconf 81' lang='lat' dir='ltr'><strong>At</strong></span> <span class='ocrx_word' id='word_1_14' title='bbox 940 523 1046 583; x_wconf 89' lang='lat' dir='ltr'><strong>parum</strong></span> <span class='ocrx_word' id='word_1_15' title='bbox 1068 505 1180 570; x_wconf 79' lang='lat' dir='ltr'><strong>resistit</strong></span> 
     </span>
     <span class='ocr_line' id='line_1_3' title="bbox 76 607 1178 690; baseline 0.004 -18"><span class='ocrx_word' id='word_1_16' title='bbox 76 611 248 690; x_wconf 75' lang='lat' dir='ltr'><strong>prudentiae</strong></span> <span class='ocrx_word' id='word_1_17' title='bbox 270 611 391 672; x_wconf 78' lang='lat' dir='ltr'><strong>fortuna</strong></span> <span class='ocrx_word' id='word_1_18' title='bbox 412 627 448 669; x_wconf 87' lang='lat' dir='ltr'><strong>ac</strong></span> <span class='ocrx_word' id='word_1_19' title='bbox 468 607 613 690; x_wconf 82' lang='lat' dir='ltr'><strong>pleraque</strong></span> <span class='ocrx_word' id='word_1_20' title='bbox 634 625 717 670; x_wconf 89' lang='lat' dir='ltr'><strong>mens</strong></span> <span class='ocrx_word' id='word_1_21' title='bbox 735 608 894 688; x_wconf 81' lang='lat' dir='ltr'><strong>perspicax</strong></span> <span class='ocrx_word' id='word_1_22' title='bbox 913 609 943 670; x_wconf 92' lang='lat' dir='ltr'><strong>in</strong></span> <span class='ocrx_word' id='word_1_23' title='bbox 963 612 1024 672; x_wconf 83' lang='lat' dir='ltr'><strong>vita</strong></span> <span class='ocrx_word' id='word_1_24' title='bbox 1043 613 1178 676; x_wconf 86' lang='lat' dir='ltr'><strong>modera-</strong></span> 
     </span>
     <span class='ocr_line' id='line_1_4' title="bbox 74 713 1177 799; baseline 0.003 -20"><span class='ocrx_word' id='word_1_25' title='bbox 74 726 120 780; x_wconf 87' lang='lat' dir='ltr'><strong>tur</strong></span> <span class='ocrx_word' id='word_1_26' title='bbox 138 713 220 798; x_wconf 61' lang='grc' dir='ltr'><strong>Μ).</strong></span> <span class='ocrx_word' id='word_1_27' title='bbox 262 717 361 779; x_wconf 89' lang='lat' dir='ltr'><strong>Porro</strong></span> <span class='ocrx_word' id='word_1_28' title='bbox 388 715 477 776; x_wconf 83' lang='lat' dir='ltr'><strong>animi</strong></span> <span class='ocrx_word' id='word_1_29' title='bbox 505 714 702 796; x_wconf 87' lang='lat' dir='ltr'><strong>tranquillitas</strong></span> <span class='ocrx_word' id='word_1_30' title='bbox 725 716 822 778; x_wconf 81' lang='lat' dir='ltr'><strong>orittn</strong></span> <span class='ocrx_word' id='word_1_31' title='bbox 849 717 1003 780; x_wconf 86' lang='lat' dir='ltr'><strong>emodica</strong></span> <span class='ocrx_word' id='word_1_32' title='bbox 1023 719 1177 799; x_wconf 79' lang='lat' dir='ltr'><strong>voluptate</strong></span> 
     </span>
     <span class='ocr_line' id='line_1_5' title="bbox 74 821 1176 905; baseline 0.002 -18"><span class='ocrx_word' id='word_1_33' title='bbox 74 835 102 888; x_wconf 90' lang='lat' dir='ltr'><strong>ot</strong></span> <span class='ocrx_word' id='word_1_34' title='bbox 119 826 179 886; x_wconf 82' lang='lat' dir='ltr'><strong>vita</strong></span> <span class='ocrx_word' id='word_1_35' title='bbox 201 822 365 905; x_wconf 86' lang='lat' dir='ltr'><strong>aequabili;</strong></span> <span class='ocrx_word' id='word_1_36' title='bbox 388 821 485 884; x_wconf 87' lang='lat' dir='ltr'><strong>omnis</strong></span> <span class='ocrx_word' id='word_1_37' title='bbox 511 829 611 884; x_wconf 86' lang='lat' dir='ltr'><strong>autam</strong></span> <span class='ocrx_word' id='word_1_38' title='bbox 633 829 694 884; x_wconf 84' lang='lat' dir='ltr'><strong>tana</strong></span> <span class='ocrx_word' id='word_1_39' title='bbox 714 822 817 902; x_wconf 89' lang='lat' dir='ltr'><strong>inopia</strong></span> <span class='ocrx_word' id='word_1_40' title='bbox 836 844 926 905; x_wconf 87' lang='lat' dir='ltr'><strong>quam</strong></span> <span class='ocrx_word' id='word_1_41' title='bbox 946 824 1128 888; x_wconf 87' lang='lat' dir='ltr'><strong>abundantia</strong></span> <span class='ocrx_word' id='word_1_42' title='bbox 1147 828 1176 888; x_wconf 92' lang='lat' dir='ltr'><strong>in</strong></span> 
     </span>
     <span class='ocr_line' id='line_1_6' title="bbox 73 929 1177 1011; baseline 0.004 -18"><span class='ocrx_word' id='word_1_43' title='bbox 73 931 201 994; x_wconf 90' lang='lat' dir='ltr'><strong>deterius</strong></span> <span class='ocrx_word' id='word_1_44' title='bbox 222 931 331 993; x_wconf 90' lang='lat' dir='ltr'><strong>mutari</strong></span> <span class='ocrx_word' id='word_1_45' title='bbox 351 948 536 1011; x_wconf 81' lang='lat' dir='ltr'><strong>magnosque</strong></span> <span class='ocrx_word' id='word_1_46' title='bbox 557 929 587 990; x_wconf 93' lang='lat' dir='ltr'><strong>in</strong></span> <span class='ocrx_word' id='word_1_47' title='bbox 605 929 705 992; x_wconf 89' lang='lat' dir='ltr'><strong>animo</strong></span> <span class='ocrx_word' id='word_1_48' title='bbox 726 936 826 994; x_wconf 86' lang='lat' dir='ltr'><strong>motus</strong></span> <span class='ocrx_word' id='word_1_49' title='bbox 848 931 1000 994; x_wconf 88' lang='lat' dir='ltr'><strong>concitare</strong></span> <span class='ocrx_word' id='word_1_50' title='bbox 1021 933 1108 997; x_wconf 85' lang='lat' dir='ltr'><strong>solet.</strong></span> <span class='ocrx_word' id='word_1_51' title='bbox 1135 937 1177 998; x_wconf 84' lang='lat' dir='ltr'><strong>At</strong></span> 
     </span>
     <span class='ocr_line' id='line_1_7' title="bbox 69 1036 1175 1120; baseline 0.003 -20"><span class='ocrx_word' id='word_1_52' title='bbox 69 1039 156 1100; x_wconf 88' lang='lat' dir='ltr'><strong>animi</strong></span> <span class='ocrx_word' id='word_1_53' title='bbox 177 1039 229 1120; x_wconf 87' lang='lat' dir='ltr'><strong>qni</strong></span> <span class='ocrx_word' id='word_1_54' title='bbox 251 1037 337 1118; x_wconf 88' lang='lat' dir='ltr'><strong>quasi</strong></span> <span class='ocrx_word' id='word_1_55' title='bbox 358 1036 432 1100; x_wconf 88' lang='lat' dir='ltr'><strong>sede</strong></span> <span class='ocrx_word' id='word_1_56' title='bbox 446 1055 501 1098; x_wconf 89' lang='lat' dir='ltr'><strong>sua</strong></span> <span class='ocrx_word' id='word_1_57' title='bbox 524 1037 642 1117; x_wconf 85' lang='lat' dir='ltr'><strong>expulsi</strong></span> <span class='ocrx_word' id='word_1_58' title='bbox 662 1039 777 1118; x_wconf 80' lang='lat' dir='ltr'><strong>magnis</strong></span> <span class='ocrx_word' id='word_1_59' title='bbox 796 1037 959 1101; x_wconf 84' lang='lat' dir='ltr'><strong>intervallis</strong></span> <span class='ocrx_word' id='word_1_60' title='bbox 981 1039 1063 1102; x_wconf 90' lang='lat' dir='ltr'><strong>ultro</strong></span> <span class='ocrx_word' id='word_1_61' title='bbox 1084 1041 1175 1103; x_wconf 92' lang='lat' dir='ltr'><strong>citro-</strong></span> 
     </span>
     <span class='ocr_line' id='line_1_8' title="bbox 69 1145 1174 1228; baseline 0 -20"><span class='ocrx_word' id='word_1_62' title='bbox 69 1165 125 1228; x_wconf 86' lang='lat' dir='ltr'><strong>que</strong></span> <span class='ocrx_word' id='word_1_63' title='bbox 146 1151 315 1220; x_wconf 88' lang='lat' dir='ltr'><strong>moventur,</strong></span> <span class='ocrx_word' id='word_1_64' title='bbox 339 1162 396 1205; x_wconf 87' lang='lat' dir='ltr'><strong>nac</strong></span> <span class='ocrx_word' id='word_1_65' title='bbox 416 1149 589 1208; x_wconf 76' lang='lat' dir='ltr'><strong>constantes</strong></span> <span class='ocrx_word' id='word_1_66' title='bbox 610 1150 680 1207; x_wconf 88' lang='lat' dir='ltr'><strong>sunt</strong></span> <span class='ocrx_word' id='word_1_67' title='bbox 701 1163 799 1226; x_wconf 85' lang='lat' dir='ltr'><strong>nequa</strong></span> <span class='ocrx_word' id='word_1_68' title='bbox 822 1145 983 1227; x_wconf 89' lang='lat' dir='ltr'><strong>tranquilli.</strong></span> <span class='ocrx_word' id='word_1_69' title='bbox 1020 1151 1122 1228; x_wconf 80' lang='lat' dir='ltr'><strong>Quare</strong></span> <span class='ocrx_word' id='word_1_70' title='bbox 1135 1149 1174 1210; x_wconf 91' lang='lat' dir='ltr'><strong>ad</strong></span> 
     </span>
     <span class='ocr_line' id='line_1_9' title="bbox 68 1250 1174 1334; baseline 0 -20"><span class='ocrx_word' id='word_1_71' title='bbox 68 1273 103 1316; x_wconf 86' lang='lat' dir='ltr'><strong>aa</strong></span> <span class='ocrx_word' id='word_1_72' title='bbox 120 1272 197 1334; x_wconf 88' lang='lat' dir='ltr'><strong>quae</strong></span> <span class='ocrx_word' id='word_1_73' title='bbox 215 1250 282 1313; x_wconf 87' lang='lat' dir='ltr'><strong>fieri</strong></span> <span class='ocrx_word' id='word_1_74' title='bbox 298 1257 427 1331; x_wconf 85' lang='lat' dir='ltr'><strong>possunt</strong></span> <span class='ocrx_word' id='word_1_75' title='bbox 440 1250 553 1312; x_wconf 88' lang='lat' dir='ltr'><strong>intendi</strong></span> <span class='ocrx_word' id='word_1_76' title='bbox 572 1251 702 1314; x_wconf 90' lang='lat' dir='ltr'><strong>animum</strong></span> <span class='ocrx_word' id='word_1_77' title='bbox 723 1272 759 1313; x_wconf 93' lang='lat' dir='ltr'><strong>ac</strong></span> <span class='ocrx_word' id='word_1_78' title='bbox 773 1253 981 1332; x_wconf 87' lang='lat' dir='ltr'><strong>praesentibus</strong></span> <span class='ocrx_word' id='word_1_79' title='bbox 1000 1259 1174 1316; x_wconf 89' lang='lat' dir='ltr'><strong>contentum</strong></span> 
     </span>
     <span class='ocr_line' id='line_1_10' title="bbox 67 1357 1171 1442; baseline 0 -22"><span class='ocrx_word' id='word_1_80' title='bbox 67 1381 132 1422; x_wconf 84' lang='lat' dir='ltr'><strong>essa</strong></span> <span class='ocrx_word' id='word_1_81' title='bbox 154 1361 251 1435; x_wconf 85' lang='lat' dir='ltr'><strong>dccet,</strong></span> <span class='ocrx_word' id='word_1_82' title='bbox 276 1376 383 1420; x_wconf 88' lang='lat' dir='ltr'><strong>eorum</strong></span> <span class='ocrx_word' id='word_1_83' title='bbox 403 1358 454 1442; x_wconf 90' lang='lat' dir='ltr'><strong>qni</strong></span> <span class='ocrx_word' id='word_1_84' title='bbox 477 1357 581 1421; x_wconf 79' lang='lat' dir='ltr'><strong>felices</strong></span> <span class='ocrx_word' id='word_1_85' title='bbox 594 1359 770 1437; x_wconf 90' lang='lat' dir='ltr'><strong>judicantur</strong></span> <span class='ocrx_word' id='word_1_86' title='bbox 789 1365 819 1422; x_wconf 88' lang='lat' dir='ltr'><strong>et</strong></span> <span class='ocrx_word' id='word_1_87' title='bbox 837 1360 868 1421; x_wconf 94' lang='lat' dir='ltr'><strong>in</strong></span> <span class='ocrx_word' id='word_1_88' title='bbox 887 1359 1082 1422; x_wconf 84' lang='lat' dir='ltr'><strong>admiratione</strong></span> <span class='ocrx_word' id='word_1_89' title='bbox 1094 1366 1171 1435; x_wconf 88' lang='lat' dir='ltr'><strong>sunt,</strong></span> 
     </span>
     <span class='ocr_line' id='line_1_11' title="bbox 65 1465 1171 1546; baseline -0.002 -16"><span class='ocrx_word' id='word_1_90' title='bbox 65 1487 125 1530; x_wconf 90' lang='lat' dir='ltr'><strong>non</strong></span> <span class='ocrx_word' id='word_1_91' title='bbox 148 1465 238 1529; x_wconf 89' lang='lat' dir='ltr'><strong>valde</strong></span> <span class='ocrx_word' id='word_1_92' title='bbox 266 1483 430 1528; x_wconf 86' lang='lat' dir='ltr'><strong>memorem</strong></span> <span class='ocrx_word' id='word_1_93' title='bbox 451 1483 550 1546; x_wconf 88' lang='lat' dir='ltr'><strong>neque</strong></span> <span class='ocrx_word' id='word_1_94' title='bbox 571 1485 625 1528; x_wconf 87' lang='lat' dir='ltr'><strong>eos</strong></span> <span class='ocrx_word' id='word_1_95' title='bbox 650 1474 811 1542; x_wconf 82' lang='lat' dir='ltr'><strong>curantem,</strong></span> <span class='ocrx_word' id='word_1_96' title='bbox 833 1467 889 1530; x_wconf 90' lang='lat' dir='ltr'><strong>sed</strong></span> <span class='ocrx_word' id='word_1_97' title='bbox 914 1467 1066 1530; x_wconf 88' lang='lat' dir='ltr'><strong>hominum</strong></span> <span class='ocrx_word' id='word_1_98' title='bbox 1084 1483 1171 1528; x_wconf 88' lang='lat' dir='ltr'><strong>aeru-</strong></span> 
     </span>
     <span class='ocr_line' id='line_1_12' title="bbox 64 1571 1171 1656; baseline -0.001 -21"><span class='ocrx_word' id='word_1_99' title='bbox 64 1593 242 1638; x_wconf 83' lang='lat' dir='ltr'><strong>mnosarum</strong></span> <span class='ocrx_word' id='word_1_100' title='bbox 256 1573 333 1636; x_wconf 82' lang='lat' dir='ltr'><strong>vitas</strong></span> <span class='ocrx_word' id='word_1_101' title='bbox 348 1571 458 1633; x_wconf 89' lang='lat' dir='ltr'><strong>intueri</strong></span> <span class='ocrx_word' id='word_1_102' title='bbox 471 1571 613 1633; x_wconf 88' lang='lat' dir='ltr'><strong>convenit</strong></span> <span class='ocrx_word' id='word_1_103' title='bbox 622 1579 817 1652; x_wconf 87' lang='lat' dir='ltr'><strong>reputantem,</strong></span> <span class='ocrx_word' id='word_1_104' title='bbox 828 1573 945 1656; x_wconf 90' lang='lat' dir='ltr'><strong>quantis</strong></span> <span class='ocrx_word' id='word_1_105' title='bbox 959 1572 1087 1634; x_wconf 90' lang='lat' dir='ltr'><strong>miseriis</strong></span> <span class='ocrx_word' id='word_1_106' title='bbox 1100 1592 1171 1634; x_wconf 92' lang='lat' dir='ltr'><strong>con-</strong></span> 
     </span>
     <span class='ocr_line' id='line_1_13' title="bbox 61 1679 1169 1761; baseline -0.001 -18"><span class='ocrx_word' id='word_1_107' title='bbox 61 1683 222 1758; x_wconf 86' lang='lat' dir='ltr'><strong>flictentur,</strong></span> <span class='ocrx_word' id='word_1_108' title='bbox 236 1688 270 1743; x_wconf 91' lang='lat' dir='ltr'><strong>ut</strong></span> <span class='ocrx_word' id='word_1_109' title='bbox 282 1685 334 1742; x_wconf 88' lang='lat' dir='ltr'><strong>tua</strong></span> <span class='ocrx_word' id='word_1_110' title='bbox 349 1698 399 1742; x_wconf 86' lang='lat' dir='ltr'><strong>res</strong></span> <span class='ocrx_word' id='word_1_111' title='bbox 414 1687 524 1761; x_wconf 89' lang='lat' dir='ltr'><strong>tuaque</strong></span> <span class='ocrx_word' id='word_1_112' title='bbox 546 1679 666 1742; x_wconf 79' lang='lat' dir='ltr'><strong>fortuna</strong></span> <span class='ocrx_word' id='word_1_113' title='bbox 678 1699 785 1761; x_wconf 80' lang='lat' dir='ltr'><strong>magna</strong></span> <span class='ocrx_word' id='word_1_114' title='bbox 801 1681 855 1745; x_wconf 88' lang='lat' dir='ltr'><strong>tibi</strong></span> <span class='ocrx_word' id='word_1_115' title='bbox 877 1689 908 1743; x_wconf 92' lang='lat' dir='ltr'><strong>et</strong></span> <span class='ocrx_word' id='word_1_116' title='bbox 925 1679 1007 1742; x_wconf 86' lang='lat' dir='ltr'><strong>lauta</strong></span> <span class='ocrx_word' id='word_1_117' title='bbox 1024 1680 1169 1758; x_wconf 87' lang='lat' dir='ltr'><strong>videatur,</strong></span> 
     </span>
     <span class='ocr_line' id='line_1_14' title="bbox 61 1785 1171 1870; baseline 0 -20"><span class='ocrx_word' id='word_1_118' title='bbox 61 1809 137 1852; x_wconf 85' lang='lat' dir='ltr'><strong>neve</strong></span> <span class='ocrx_word' id='word_1_119' title='bbox 152 1789 280 1870; x_wconf 88' lang='lat' dir='ltr'><strong>posthac</strong></span> <span class='ocrx_word' id='word_1_120' title='bbox 292 1785 382 1866; x_wconf 89' lang='lat' dir='ltr'><strong>plura</strong></span> <span class='ocrx_word' id='word_1_121' title='bbox 395 1786 528 1865; x_wconf 90' lang='lat' dir='ltr'><strong>cupienti</strong></span> <span class='ocrx_word' id='word_1_122' title='bbox 540 1787 666 1863; x_wconf 83' lang='lat' dir='ltr'><strong>accidat,</strong></span> <span class='ocrx_word' id='word_1_123' title='bbox 686 1794 721 1849; x_wconf 88' lang='lat' dir='ltr'><strong>ut</strong></span> <span class='ocrx_word' id='word_1_124' title='bbox 741 1787 840 1851; x_wconf 89' lang='lat' dir='ltr'><strong>animo</strong></span> <span class='ocrx_word' id='word_1_125' title='bbox 856 1788 1047 1851; x_wconf 81' lang='lat' dir='ltr'><strong>excruciaris.</strong></span> <span class='ocrx_word' id='word_1_126' title='bbox 1090 1787 1171 1850; x_wconf 89' lang='lat' dir='ltr'><strong>Nam</strong></span> 
     </span>
     <span class='ocr_line' id='line_1_15' title="bbox 60 1892 1171 1979; baseline -0.002 -21"><span class='ocrx_word' id='word_1_127' title='bbox 60 1897 112 1979; x_wconf 92' lang='lat' dir='ltr'><strong>qni</strong></span> <span class='ocrx_word' id='word_1_128' title='bbox 127 1916 198 1958; x_wconf 91' lang='lat' dir='ltr'><strong>cum</strong></span> <span class='ocrx_word' id='word_1_129' title='bbox 214 1894 310 1956; x_wconf 85' lang='lat' dir='ltr'><strong>livore</strong></span> <span class='ocrx_word' id='word_1_130' title='bbox 326 1892 452 1974; x_wconf 88' lang='lat' dir='ltr'><strong>suspicit</strong></span> <span class='ocrx_word' id='word_1_131' title='bbox 464 1913 518 1956; x_wconf 89' lang='lat' dir='ltr'><strong>eos</strong></span> <span class='ocrx_word' id='word_1_132' title='bbox 531 1894 582 1975; x_wconf 93' lang='lat' dir='ltr'><strong>qui</strong></span> <span class='ocrx_word' id='word_1_133' title='bbox 595 1894 702 1956; x_wconf 82' lang='lat' dir='ltr'><strong>divites</strong></span> <span class='ocrx_word' id='word_1_134' title='bbox 717 1901 747 1956; x_wconf 93' lang='lat' dir='ltr'><strong>et</strong></span> <span class='ocrx_word' id='word_1_135' title='bbox 766 1893 846 1957; x_wconf 89' lang='lat' dir='ltr'><strong>beati</strong></span> <span class='ocrx_word' id='word_1_136' title='bbox 859 1903 1013 1971; x_wconf 88' lang='lat' dir='ltr'><strong>vocantur,</strong></span> <span class='ocrx_word' id='word_1_137' title='bbox 1024 1895 1171 1975; x_wconf 88' lang='lat' dir='ltr'><strong>cupidita·</strong></span> 
     </span>
     <span class='ocr_line' id='line_1_16' title="bbox 58 1999 1170 2084; baseline 0.001 -22"><span class='ocrx_word' id='word_1_138' title='bbox 58 2003 141 2064; x_wconf 88' lang='lat' dir='ltr'><strong>tibus</strong></span> <span class='ocrx_word' id='word_1_139' title='bbox 162 2001 226 2064; x_wconf 91' lang='lat' dir='ltr'><strong>suis</strong></span> <span class='ocrx_word' id='word_1_140' title='bbox 249 2000 288 2061; x_wconf 91' lang='lat' dir='ltr'><strong>ad</strong></span> <span class='ocrx_word' id='word_1_141' title='bbox 307 1999 387 2062; x_wconf 87' lang='lat' dir='ltr'><strong>mala</strong></span> <span class='ocrx_word' id='word_1_142' title='bbox 408 2001 544 2062; x_wconf 79' lang='lat' dir='ltr'><strong>facinora</strong></span> <span class='ocrx_word' id='word_1_143' title='bbox 557 2001 758 2082; x_wconf 85' lang='lat' dir='ltr'><strong>perpetranda</strong></span> <span class='ocrx_word' id='word_1_144' title='bbox 778 2002 950 2084; x_wconf 86' lang='lat' dir='ltr'><strong>impellitur.</strong></span> <span class='ocrx_word' id='word_1_145' title='bbox 974 2005 1170 2084; x_wconf 83' lang='lat' dir='ltr'><strong>Quapropter</strong></span> 
     </span>
     <span class='ocr_line' id='line_1_17' title="bbox 56 2107 1169 2190; baseline -0.001 -19"><span class='ocrx_word' id='word_1_146' title='bbox 56 2128 153 2171; x_wconf 90' lang='lat' dir='ltr'><strong>unum</strong></span> <span class='ocrx_word' id='word_1_147' title='bbox 175 2127 324 2190; x_wconf 85' lang='lat' dir='ltr'><strong>quemque</strong></span> <span class='ocrx_word' id='word_1_148' title='bbox 356 2109 444 2172; x_wconf 84' lang='lat' dir='ltr'><strong>decet</strong></span> <span class='ocrx_word' id='word_1_149' title='bbox 464 2107 561 2170; x_wconf 87' lang='lat' dir='ltr'><strong>aliena</strong></span> <span class='ocrx_word' id='word_1_150' title='bbox 587 2125 649 2170; x_wconf 92' lang='lat' dir='ltr'><strong>non</strong></span> <span class='ocrx_word' id='word_1_151' title='bbox 671 2115 823 2188; x_wconf 86' lang='lat' dir='ltr'><strong>appetere,</strong></span> <span class='ocrx_word' id='word_1_152' title='bbox 840 2111 902 2172; x_wconf 90' lang='lat' dir='ltr'><strong>suis</strong></span> <span class='ocrx_word' id='word_1_153' title='bbox 923 2115 1022 2172; x_wconf 88' lang='lat' dir='ltr'><strong>autem</strong></span> <span class='ocrx_word' id='word_1_154' title='bbox 1048 2109 1169 2190; x_wconf 70' lang='lat' dir='ltr'><strong>acquic</strong></span> 
     </span>
     <span class='ocr_line' id='line_1_18' title="bbox 53 2213 1167 2296; baseline -0.002 -18"><span class='ocrx_word' id='word_1_155' title='bbox 53 2235 154 2287; x_wconf 87' lang='lat' dir='ltr'><strong>scere,</strong></span> <span class='ocrx_word' id='word_1_156' title='bbox 178 2221 402 2293; x_wconf 87' lang='lat' dir='ltr'><strong>comparantem</strong></span> <span class='ocrx_word' id='word_1_157' title='bbox 424 2233 509 2276; x_wconf 90' lang='lat' dir='ltr'><strong>snam</strong></span> <span class='ocrx_word' id='word_1_158' title='bbox 524 2215 619 2294; x_wconf 88' lang='lat' dir='ltr'><strong>ipsius</strong></span> <span class='ocrx_word' id='word_1_159' title='bbox 640 2215 730 2278; x_wconf 85' lang='lat' dir='ltr'><strong>vitam</strong></span> <span class='ocrx_word' id='word_1_160' title='bbox 746 2235 815 2278; x_wconf 89' lang='lat' dir='ltr'><strong>cum</strong></span> <span class='ocrx_word' id='word_1_161' title='bbox 839 2234 944 2278; x_wconf 88' lang='lat' dir='ltr'><strong>eorum</strong></span> <span class='ocrx_word' id='word_1_162' title='bbox 965 2215 1025 2276; x_wconf 89' lang='lat' dir='ltr'><strong>vita</strong></span> <span class='ocrx_word' id='word_1_163' title='bbox 1046 2215 1098 2296; x_wconf 93' lang='lat' dir='ltr'><strong>qui</strong></span> <span class='ocrx_word' id='word_1_164' title='bbox 1119 2213 1167 2276; x_wconf 77' lang='lat' dir='ltr'><strong>de</strong></span> 
     </span>
     <span class='ocr_line' id='line_1_19' title="bbox 52 2318 1168 2402; baseline -0.004 -16"><span class='ocrx_word' id='word_1_165' title='bbox 52 2324 171 2386; x_wconf 87' lang='lat' dir='ltr'><strong>teriora</strong></span> <span class='ocrx_word' id='word_1_166' title='bbox 182 2325 252 2381; x_wconf 90' lang='lat' dir='ltr'><strong>sunt</strong></span> <span class='ocrx_word' id='word_1_167' title='bbox 261 2318 443 2396; x_wconf 86' lang='lat' dir='ltr'><strong>conditione,</strong></span> <span class='ocrx_word' id='word_1_168' title='bbox 454 2326 485 2382; x_wconf 90' lang='lat' dir='ltr'><strong>et</strong></span> <span class='ocrx_word' id='word_1_169' title='bbox 496 2339 529 2382; x_wconf 88' lang='lat' dir='ltr'><strong>se</strong></span> <span class='ocrx_word' id='word_1_170' title='bbox 541 2319 640 2401; x_wconf 88' lang='lat' dir='ltr'><strong>ipsum</strong></span> <span class='ocrx_word' id='word_1_171' title='bbox 650 2321 771 2384; x_wconf 87' lang='lat' dir='ltr'><strong>beatum</strong></span> <span class='ocrx_word' id='word_1_172' title='bbox 784 2323 969 2402; x_wconf 87' lang='lat' dir='ltr'><strong>praedicare,</strong></span> <span class='ocrx_word' id='word_1_173' title='bbox 981 2326 1168 2400; x_wconf 88' lang='lat' dir='ltr'><strong>reputantem</strong></span> 
     </span>
     <span class='ocr_line' id='line_1_20' title="bbox 49 2423 1169 2510; baseline -0.004 -18"><span class='ocrx_word' id='word_1_174' title='bbox 49 2447 170 2503; x_wconf 87' lang='lat' dir='ltr'><strong>secum,</strong></span> <span class='ocrx_word' id='word_1_175' title='bbox 194 2444 272 2507; x_wconf 90' lang='lat' dir='ltr'><strong>quae</strong></span> <span class='ocrx_word' id='word_1_176' title='bbox 299 2423 344 2487; x_wconf 91' lang='lat' dir='ltr'><strong>illi</strong></span> <span class='ocrx_word' id='word_1_177' title='bbox 372 2425 531 2506; x_wconf 87' lang='lat' dir='ltr'><strong>patiantur,</strong></span> <span class='ocrx_word' id='word_1_178' title='bbox 558 2435 592 2490; x_wconf 92' lang='lat' dir='ltr'><strong>nt</strong></span> <span class='ocrx_word' id='word_1_179' title='bbox 617 2427 743 2490; x_wconf 90' lang='lat' dir='ltr'><strong>meliore</strong></span> <span class='ocrx_word' id='word_1_180' title='bbox 767 2449 857 2510; x_wconf 89' lang='lat' dir='ltr'><strong>quam</strong></span> <span class='ocrx_word' id='word_1_181' title='bbox 887 2428 936 2490; x_wconf 90' lang='lat' dir='ltr'><strong>isti</strong></span> <span class='ocrx_word' id='word_1_182' title='bbox 957 2433 1040 2491; x_wconf 89' lang='lat' dir='ltr'><strong>sorte</strong></span> <span class='ocrx_word' id='word_1_183' title='bbox 1060 2433 1090 2489; x_wconf 86' lang='lat' dir='ltr'><strong>et</strong></span> <span class='ocrx_word' id='word_1_184' title='bbox 1108 2426 1169 2488; x_wconf 83' lang='lat' dir='ltr'><strong>vita</strong></span> 
     </span>
     <span class='ocr_line' id='line_1_21' title="bbox 49 2531 1169 2616; baseline -0.004 -17"><span class='ocrx_word' id='word_1_185' title='bbox 49 2541 184 2599; x_wconf 85' lang='lat' dir='ltr'><strong>truatur.</strong></span> <span class='ocrx_word' id='word_1_186' title='bbox 228 2533 313 2594; x_wconf 91' lang='lat' dir='ltr'><strong>llanc</strong></span> <span class='ocrx_word' id='word_1_187' title='bbox 337 2531 389 2612; x_wconf 90' lang='lat' dir='ltr'><strong>qui</strong></span> <span class='ocrx_word' id='word_1_188' title='bbox 408 2531 600 2612; x_wconf 87' lang='lat' dir='ltr'><strong>amplectitur</strong></span> <span class='ocrx_word' id='word_1_189' title='bbox 625 2536 802 2598; x_wconf 84' lang='lat' dir='ltr'><strong>sententiam</strong></span> <span class='ocrx_word' id='word_1_190' title='bbox 830 2535 938 2598; x_wconf 89' lang='lat' dir='ltr'><strong>laetius</strong></span> <span class='ocrx_word' id='word_1_191' title='bbox 959 2553 1048 2616; x_wconf 91' lang='lat' dir='ltr'><strong>quam</strong></span> <span class='ocrx_word' id='word_1_192' title='bbox 1068 2533 1119 2595; x_wconf 87' lang='lat' dir='ltr'><strong>alii</strong></span> <span class='ocrx_word' id='word_1_193' title='bbox 1138 2539 1169 2594; x_wconf 90' lang='lat' dir='ltr'><strong>et</strong></span> 
     </span>
     <span class='ocr_line' id='line_1_22' title="bbox 47 2638 1168 2724; baseline -0.004 -18"><span class='ocrx_word' id='word_1_194' title='bbox 47 2638 250 2724; x_wconf 88' lang='lat' dir='ltr'><strong>tranquillius</strong></span> <span class='ocrx_word' id='word_1_195' title='bbox 271 2638 352 2717; x_wconf 83' lang='lat' dir='ltr'><strong>vivit,</strong></span> <span class='ocrx_word' id='word_1_196' title='bbox 366 2659 463 2722; x_wconf 91' lang='lat' dir='ltr'><strong>neque</strong></span> <span class='ocrx_word' id='word_1_197' title='bbox 482 2659 594 2720; x_wconf 88' lang='lat' dir='ltr'><strong>paucas</strong></span> <span class='ocrx_word' id='word_1_198' title='bbox 617 2642 696 2704; x_wconf 86' lang='lat' dir='ltr'><strong>vitae</strong></span> <span class='ocrx_word' id='word_1_199' title='bbox 718 2643 865 2705; x_wconf 88' lang='lat' dir='ltr'><strong>humanae</strong></span> <span class='ocrx_word' id='word_1_200' title='bbox 886 2645 996 2720; x_wconf 86' lang='lat' dir='ltr'><strong>pestes,</strong></span> <span class='ocrx_word' id='word_1_201' title='bbox 1016 2639 1168 2716; x_wconf 82' lang='lat' dir='ltr'><strong>invidiam,</strong></span> 
     </span>
     <span class='ocr_line' id='line_1_23' title="bbox 48 2746 695 2828; baseline -0.005 -15"><span class='ocrx_word' id='word_1_202' title='bbox 48 2746 298 2823; x_wconf 82' lang='lat' dir='ltr'><strong>aerrrulationern,</strong></span> <span class='ocrx_word' id='word_1_203' title='bbox 320 2746 424 2810; x_wconf 91' lang='lat' dir='ltr'><strong>odium</strong></span> <span class='ocrx_word' id='word_1_204' title='bbox 445 2747 695 2828; x_wconf 83' lang='lat' dir='ltr'><strong>propulsat¹⁶⁰).</strong></span> 
     </span>
    </p>

    <p class='ocr_par' dir='ltr' id='par_1_3' title="bbox 37 2853 1168 3579">
     <span class='ocr_line' id='line_1_24' title="bbox 136 2853 1167 2936; baseline -0.001 -19"><span class='ocrx_word' id='word_1_205' title='bbox 136 2857 303 2918; x_wconf 87' lang='lat' dir='ltr'><strong>Praeterea</strong></span> <span class='ocrx_word' id='word_1_206' title='bbox 327 2854 417 2917; x_wconf 88' lang='lat' dir='ltr'><strong>animi</strong></span> <span class='ocrx_word' id='word_1_207' title='bbox 444 2853 686 2935; x_wconf 88' lang='lat' dir='ltr'><strong>tranquillitatem</strong></span> <span class='ocrx_word' id='word_1_208' title='bbox 715 2863 833 2920; x_wconf 88' lang='lat' dir='ltr'><strong>tuemur</strong></span> <span class='ocrx_word' id='word_1_209' title='bbox 856 2873 1005 2936; x_wconf 87' lang='lat' dir='ltr'><strong>prospera</strong></span> <span class='ocrx_word' id='word_1_210' title='bbox 1027 2854 1167 2934; x_wconf 90' lang='lat' dir='ltr'><strong>corporis</strong></span> 
     </span>
     <span class='ocr_line' id='line_1_25' title="bbox 45 2959 1168 3044; baseline -0.007 -16"><span class='ocrx_word' id='word_1_211' title='bbox 45 2961 238 3028; x_wconf 84' lang='lat' dir='ltr'><strong>valetudine.</strong></span> <span class='ocrx_word' id='word_1_212' title='bbox 281 2962 476 3042; x_wconf 80' lang='lat' dir='ltr'><strong>spernendae</strong></span> <span class='ocrx_word' id='word_1_213' title='bbox 495 2962 574 3024; x_wconf 86' lang='lat' dir='ltr'><strong>enirn</strong></span> <span class='ocrx_word' id='word_1_214' title='bbox 594 2973 664 3026; x_wconf 88' lang='lat' dir='ltr'><strong>sunt</strong></span> <span class='ocrx_word' id='word_1_215' title='bbox 686 2963 826 3044; x_wconf 93' lang='lat' dir='ltr'><strong>corporis</strong></span> <span class='ocrx_word' id='word_1_216' title='bbox 847 2959 1026 3042; x_wconf 85' lang='lat' dir='ltr'><strong>voluptates,</strong></span> <span class='ocrx_word' id='word_1_217' title='bbox 1048 2979 1097 3022; x_wconf 89' lang='lat' dir='ltr'><strong>res</strong></span> <span class='ocrx_word' id='word_1_218' title='bbox 1118 2979 1168 3021; x_wconf 87' lang='lat' dir='ltr'><strong>ve-</strong></span> 
     </span>
     <span class='ocr_line' id='line_1_26' title="bbox 43 3064 1168 3151; baseline -0.008 -17"><span class='ocrx_word' id='word_1_219' title='bbox 43 3091 172 3145; x_wconf 84' lang='lat' dir='ltr'><strong>nareae,</strong></span> <span class='ocrx_word' id='word_1_220' title='bbox 195 3067 294 3130; x_wconf 82' lang='lat' dir='ltr'><strong>camis</strong></span> <span class='ocrx_word' id='word_1_221' title='bbox 317 3067 446 3151; x_wconf 89' lang='lat' dir='ltr'><strong>denique</strong></span> <span class='ocrx_word' id='word_1_222' title='bbox 467 3070 639 3150; x_wconf 90' lang='lat' dir='ltr'><strong>perniciosa</strong></span> <span class='ocrx_word' id='word_1_223' title='bbox 658 3070 767 3132; x_wconf 80' lang='lat' dir='ltr'><strong>libido·</strong></span> <span class='ocrx_word' id='word_1_224' title='bbox 780 3067 838 3146; x_wconf 82' lang='lat'><strong>⁶¹).</strong></span> <span class='ocrx_word' id='word_1_225' title='bbox 868 3067 987 3130; x_wconf 89' lang='lat' dir='ltr'><strong>Deinde</strong></span> <span class='ocrx_word' id='word_1_226' title='bbox 1005 3064 1168 3144; x_wconf 78' lang='lat' dir='ltr'><strong>chicicnda</strong></span> 
     </span>
     <span class='ocr_line' id='line_1_27' title="bbox 41 3173 1168 3256; baseline -0.009 -14"><span class='ocrx_word' id='word_1_227' title='bbox 41 3185 117 3242; x_wconf 89' lang='lat' dir='ltr'><strong>sunt</strong></span> <span class='ocrx_word' id='word_1_228' title='bbox 142 3182 175 3238; x_wconf 88' lang='lat' dir='ltr'><strong>et</strong></span> <span class='ocrx_word' id='word_1_229' title='bbox 198 3173 319 3236; x_wconf 86' lang='lat' dir='ltr'><strong>vitanda</strong></span> <span class='ocrx_word' id='word_1_230' title='bbox 339 3175 441 3237; x_wconf 90' lang='lat' dir='ltr'><strong>omnia</strong></span> <span class='ocrx_word' id='word_1_231' title='bbox 456 3193 532 3256; x_wconf 87' lang='lat' dir='ltr'><strong>quae</strong></span> <span class='ocrx_word' id='word_1_232' title='bbox 552 3175 682 3237; x_wconf 82' lang='lat' dir='ltr'><strong>animum</strong></span> <span class='ocrx_word' id='word_1_233' title='bbox 698 3175 827 3252; x_wconf 90' lang='lat' dir='ltr'><strong>turbant,</strong></span> <span class='ocrx_word' id='word_1_234' title='bbox 846 3173 953 3236; x_wconf 85' lang='lat' dir='ltr'><strong>mortis</strong></span> <span class='ocrx_word' id='word_1_235' title='bbox 973 3179 1079 3248; x_wconf 88' lang='lat' dir='ltr'><strong>metus,</strong></span> <span class='ocrx_word' id='word_1_236' title='bbox 1100 3193 1168 3233; x_wconf 89' lang='lat' dir='ltr'><strong>ava-</strong></span> 
     </span>
     <span class='ocr_line' id='line_1_28' title="bbox 41 3278 1167 3363; baseline -0.004 -17"><span class='ocrx_word' id='word_1_237' title='bbox 41 3287 123 3362; x_wconf 87' lang='lat' dir='ltr'><strong>ritia,</strong></span> <span class='ocrx_word' id='word_1_238' title='bbox 151 3279 389 3363; x_wconf 58' lang='lat' dir='ltr'><strong>marcianam).</strong></span> <span class='ocrx_word' id='word_1_239' title='bbox 431 3283 464 3344; x_wconf 92' lang='lat' dir='ltr'><strong>ln</strong></span> <span class='ocrx_word' id='word_1_240' title='bbox 485 3280 576 3344; x_wconf 90' lang='lat' dir='ltr'><strong>rebus</strong></span> <span class='ocrx_word' id='word_1_241' title='bbox 597 3281 731 3344; x_wconf 87' lang='lat' dir='ltr'><strong>adversis</strong></span> <span class='ocrx_word' id='word_1_242' title='bbox 753 3282 912 3362; x_wconf 89' lang='lat' dir='ltr'><strong>prudentia</strong></span> <span class='ocrx_word' id='word_1_243' title='bbox 932 3301 1011 3362; x_wconf 93' lang='lat' dir='ltr'><strong>opus</strong></span> <span class='ocrx_word' id='word_1_244' title='bbox 1034 3279 1093 3342; x_wconf 88' lang='lat' dir='ltr'><strong>est&#39;</strong></span> <span class='ocrx_word' id='word_1_245' title='bbox 1106 3278 1167 3360; x_wconf 83' lang='lat'><strong>⁶³).</strong></span> 
     </span>
     <span class='ocr_line' id='line_1_29' title="bbox 37 3387 1167 3466; baseline -0.008 -9"><span class='ocrx_word' id='word_1_246' title='bbox 37 3391 184 3456; x_wconf 86' lang='lat' dir='ltr'><strong>Sedandi</strong></span> <span class='ocrx_word' id='word_1_247' title='bbox 216 3387 306 3450; x_wconf 87' lang='lat' dir='ltr'><strong>etiam</strong></span> <span class='ocrx_word' id='word_1_248' title='bbox 336 3387 451 3449; x_wconf 89' lang='lat' dir='ltr'><strong>ratione</strong></span> <span class='ocrx_word' id='word_1_249' title='bbox 493 3387 626 3465; x_wconf 87' lang='lat' dir='ltr'><strong>dolores,</strong></span> <span class='ocrx_word' id='word_1_250' title='bbox 654 3389 815 3451; x_wconf 88' lang='lat' dir='ltr'><strong>minuenda</strong></span> <span class='ocrx_word' id='word_1_251' title='bbox 835 3387 993 3466; x_wconf 88' lang='lat' dir='ltr'><strong>desideria,</strong></span> <span class='ocrx_word' id='word_1_252' title='bbox 1014 3389 1167 3452; x_wconf 79' lang='lat' dir='ltr'><strong>refrenan-</strong></span> 
     </span>
     <span class='ocr_line' id='line_1_30' title="bbox 37 3493 1166 3579; baseline -0.01 -14"><span class='ocrx_word' id='word_1_253' title='bbox 37 3503 98 3564; x_wconf 89' lang='lat' dir='ltr'><strong>dnc</strong></span> <span class='ocrx_word' id='word_1_254' title='bbox 123 3495 325 3578; x_wconf 87' lang='lat' dir='ltr'><strong>cupiditates,</strong></span> <span class='ocrx_word' id='word_1_255' title='bbox 347 3493 495 3556; x_wconf 86' lang='lat' dir='ltr'><strong>vincenda</strong></span> <span class='ocrx_word' id='word_1_256' title='bbox 516 3494 561 3556; x_wconf 90' lang='lat' dir='ltr'><strong>ira</strong></span> <span class='ocrx_word' id='word_1_257' title='bbox 574 3494 581 3528; x_wconf 85' lang='lat'><strong>¹</strong></span> <span class='ocrx_word' id='word_1_258' title='bbox 594 3493 655 3577; x_wconf 74' lang='lat'><strong>⁶⁸).</strong></span> <span class='ocrx_word' id='word_1_259' title='bbox 698 3496 786 3558; x_wconf 80' lang='lat' dir='ltr'><strong>Adde</strong></span> <span class='ocrx_word' id='word_1_260' title='bbox 805 3498 889 3579; x_wconf 88' lang='lat' dir='ltr'><strong>quod</strong></span> <span class='ocrx_word' id='word_1_261' title='bbox 910 3495 1032 3559; x_wconf 88' lang='lat' dir='ltr'><strong>labores</strong></span> <span class='ocrx_word' id='word_1_262' title='bbox 1046 3494 1084 3556; x_wconf 87' lang='lat' dir='ltr'><strong>ad</strong></span> <span class='ocrx_word' id='word_1_263' title='bbox 1103 3493 1166 3556; x_wconf 92' lang='lat' dir='ltr'><strong>aui·</strong></span> 
     </span>
    </p>
   </div>
   <div class='ocr_carea' id='block_1_3' title="bbox 36 3649 257 3666">
    <p class='ocr_par' dir='ltr' id='par_1_4' title="bbox 36 3649 257 3666">
     <span class='ocr_line' id='line_1_31' title="bbox 36 3649 257 3666; baseline 0.009 0"><span class='ocrx_word' id='word_1_264' title='bbox 36 3649 257 3666; x_wconf 76' lang='lat'><strong>—--—-—·-</strong></span> 
     </span>
    </p>
   </div>
   <div class='ocr_carea' id='block_1_4' title="bbox 111 3725 1165 3976">
    <p class='ocr_par' dir='ltr' id='par_1_5' title="bbox 111 3725 1165 3976">
     <span class='ocr_line' id='line_1_32' title="bbox 116 3725 540 3796; baseline -0.012 -14"><span class='ocrx_word' id='word_1_265' title='bbox 116 3734 177 3796; x_wconf 75' lang='lat'><strong>¹⁵⁹)</strong></span> <span class='ocrx_word' id='word_1_266' title='bbox 199 3730 304 3792; x_wconf 81' lang='lat' dir='ltr'><strong>Fragrn.</strong></span> <span class='ocrx_word' id='word_1_267' title='bbox 325 3727 416 3778; x_wconf 87' lang='lat' dir='ltr'><strong>moral.</strong></span> <span class='ocrx_word' id='word_1_268' title='bbox 440 3725 540 3778; x_wconf 79' lang='lat'>1-18.</span> 
     </span>
     <span class='ocr_line' id='line_1_33' title="bbox 111 3814 479 3886; baseline -0.014 -12"><span class='ocrx_word' id='word_1_269' title='bbox 111 3825 174 3886; x_wconf 82' lang='lat'>¹⁸⁰)</span> <span class='ocrx_word' id='word_1_270' title='bbox 196 3821 304 3882; x_wconf 73' lang='lat' dir='ltr'><strong>Fragm.</strong></span> <span class='ocrx_word' id='word_1_271' title='bbox 325 3819 417 3868; x_wconf 86' lang='lat' dir='ltr'><strong>morat.</strong></span> <span class='ocrx_word' id='word_1_272' title='bbox 438 3814 479 3869; x_wconf 79' lang='lat' dir='ltr'><strong>n).</strong></span> 
     </span>
     <span class='ocr_line' id='line_1_34' title="bbox 111 3903 1165 3976; baseline -0.009 -12"><span class='ocrx_word' id='word_1_273' title='bbox 111 3915 175 3976; x_wconf 79' lang='lat'>¹⁸¹)</span> <span class='ocrx_word' id='word_1_274' title='bbox 195 3913 302 3972; x_wconf 77' lang='lat' dir='ltr'><strong>Frngm.</strong></span> <span class='ocrx_word' id='word_1_275' title='bbox 325 3909 416 3959; x_wconf 87' lang='lat' dir='ltr'><strong>morat.</strong></span> <span class='ocrx_word' id='word_1_276' title='bbox 437 3903 540 3957; x_wconf 72' lang='lat'>46-50</span> <span class='ocrx_word' id='word_1_277' title='bbox 560 3912 587 3960; x_wconf 88' lang='lat' dir='ltr'><strong>et</strong></span> <span class='ocrx_word' id='word_1_278' title='bbox 606 3909 735 3962; x_wconf 79' lang='lat' dir='ltr'><strong>Plutarch.</strong></span> <span class='ocrx_word' id='word_1_279' title='bbox 758 3912 792 3962; x_wconf 90' lang='lat' dir='ltr'><strong>da</strong></span> <span class='ocrx_word' id='word_1_280' title='bbox 812 3913 890 3962; x_wconf 85' lang='lat' dir='ltr'><strong>onim.</strong></span> <span class='ocrx_word' id='word_1_281' title='bbox 911 3913 928 3970; x_wconf 90' lang='lat' dir='ltr'><strong>l,</strong></span> <span class='ocrx_word' id='word_1_282' title='bbox 948 3907 971 3968; x_wconf 68' lang='lat'><strong>⁸2,</strong></span> <span class='ocrx_word' id='word_1_283' title='bbox 987 3923 1012 3972; x_wconf 94' lang='lat' dir='ltr'><strong>p.</strong></span> <span class='ocrx_word' id='word_1_284' title='bbox 1026 3905 1084 3966; x_wconf 77' lang='lat' dir='ltr'><strong>lot,</strong></span> <span class='ocrx_word' id='word_1_285' title='bbox 1104 3911 1165 3954; x_wconf 78' lang='lat' dir='ltr'><strong>urm.</strong></span> 
     </span>
    </p>
   </div>
   <div class='ocr_carea' id='block_1_5' title="bbox 31 3987 559 4150">
    <p class='ocr_par' dir='ltr' id='par_1_6' title="bbox 31 3987 559 4150">
     <span class='ocr_line' id='line_1_35' title="bbox 31 3987 376 4056; baseline 0.02 -24"><span class='ocrx_word' id='word_1_286' title='bbox 31 4002 54 4050; x_wconf 82' lang='lat' dir='ltr'>v</span> <span class='ocrx_word' id='word_1_287' title='bbox 75 3999 121 4051; x_wconf 55' lang='grc' dir='ltr'><strong>θα,</strong></span> <span class='ocrx_word' id='word_1_288' title='bbox 146 3994 218 4056; x_wconf 71' lang='lat' dir='ltr'><strong>maj.</strong></span> <span class='ocrx_word' id='word_1_289' title='bbox 240 3987 376 4052; x_wconf 78' lang='lat' dir='ltr'><strong>Wyllcnb.</strong></span> 
     </span>
     <span class='ocr_line' id='line_1_36' title="bbox 108 4075 559 4150; baseline 0.002 -22"><span class='ocrx_word' id='word_1_290' title='bbox 108 4087 173 4150; x_wconf 64' lang='grc' dir='ltr'><strong>Ιι’)</strong></span> <span class='ocrx_word' id='word_1_291' title='bbox 196 4083 304 4143; x_wconf 76' lang='lat' dir='ltr'><strong>Fragm.</strong></span> <span class='ocrx_word' id='word_1_292' title='bbox 324 4079 416 4130; x_wconf 88' lang='lat' dir='ltr'><strong>moral.</strong></span> <span class='ocrx_word' id='word_1_293' title='bbox 436 4075 559 4132; x_wconf 80' lang='lat'>53-70.</span> 
     </span>
    </p>
   </div>
   <div class='ocr_carea' id='block_1_6' title="bbox 107 4165 558 4330">
    <p class='ocr_par' dir='ltr' id='par_1_7' title="bbox 107 4165 558 4330">
     <span class='ocr_line' id='line_1_37' title="bbox 107 4165 474 4241; baseline 0 -23"><span class='ocrx_word' id='word_1_294' title='bbox 107 4177 172 4241; x_wconf 79' lang='lat'><strong>¹⁸³)</strong></span> <span class='ocrx_word' id='word_1_295' title='bbox 196 4173 304 4236; x_wconf 75' lang='lat' dir='ltr'><strong>Fragm.</strong></span> <span class='ocrx_word' id='word_1_296' title='bbox 323 4171 415 4220; x_wconf 88' lang='lat' dir='ltr'><strong>morat.</strong></span> <span class='ocrx_word' id='word_1_297' title='bbox 434 4165 474 4220; x_wconf 79' lang='lat'><strong>7³.</strong></span> 
     </span>
     <span class='ocr_line' id='line_1_38' title="bbox 108 4254 558 4330; baseline -0.004 -18"><span class='ocrx_word' id='word_1_298' title='bbox 108 4269 173 4330; x_wconf 79' lang='lat'>¹⁸⁴)</span> <span class='ocrx_word' id='word_1_299' title='bbox 197 4265 306 4326; x_wconf 73' lang='lat' dir='ltr'><strong>Fragor.</strong></span> <span class='ocrx_word' id='word_1_300' title='bbox 325 4261 417 4313; x_wconf 90' lang='lat' dir='ltr'><strong>morat.</strong></span> <span class='ocrx_word' id='word_1_301' title='bbox 437 4254 558 4310; x_wconf 71' lang='lat'>74-83.</span> 
     </span>
    </p>
   </div>
   <div class='ocr_carea' id='block_1_7' title="bbox 0 0 1470 4862">
    <p class='ocr_par' dir='ltr' id='par_1_8' title="bbox 0 0 1470 4862">
     <span class='ocr_line' id='line_1_39' title="bbox 0 0 1470 4862; baseline 0 8"><span class='ocrx_word' id='word_1_302' title='bbox 0 0 1470 4862; x_wconf 95' lang='lat' dir='ltr'><strong> </strong></span> 
     </span>
    </p>
   </div>
  </div>
 </body>
</html>
