2956 4860
269 301 313 366 63
596 296 791 360 Quaestionum
820 295 1060 350 Deterritcamar.

277 469 423 548 originem
453 463 603 538 uoluisse,
632 463 687 524 sed
717 461 799 544 vulgi
828 461 988 541 opiniones
1009 469 1144 524 secutum
1166 480 1238 524 esse.
1278 460 1387 542 Atque,

277 581 350 638 haec
372 575 560 656 potissimum
583 591 674 632 carisa
696 577 750 648 cst,
771 591 825 633 cur
844 590 905 633 non
925 571 1052 650 probem
1073 571 1229 631 doctorum
1249 587 1363 650 quorun-

277 686 344 746 dam
361 680 539 744 recentioris
562 676 709 756 aetatis⁸)
735 679 871 740 virorum
891 677 1076 755 sententiam,
1100 678 1152 760 qui
1173 677 1230 740 hoc
1250 697 1305 738 uno
1324 675 1364 736 Gi-

278 791 399 854 ceronis
417 791 489 851 loco
519 786 626 850 corrsrsi
651 787 861 848 Democritum
883 805 986 848 senem
1008 786 1159 848 ocecutire
1178 785 1308 865 coepisse
1325 802 1364 843 er-

278 899 377 962 bitrati
393 904 470 960 sunt.
502 895 619 957 Etenim
632 894 706 956 nilril
719 903 773 972 est,
785 894 868 977 qnod
886 915 944 956 nos
958 901 1055 974 cogat,
1069 903 1102 956 ut
1114 894 1222 957 anilem
1243 890 1364 954 labellum

279 1027 369 1091 qnam
392 1006 429 1066 de
452 1003 628 1066 Democrito
652 1002 749 1066 oculis
771 1009 861 1082 capto
882 1001 960 1064 mele
981 1002 1087 1064 sedula
1113 1001 1307 1081 lucifugorum
1323 1001 1364 1060 he

278 1115 391 1176 adrium
420 1111 508 1174 turba
538 1111 609 1174 olim
639 1109 835 1190 excogitavit,
857 1109 962 1190 pronis
989 1109 1079 1170 hodie
1108 1110 1231 1172 auribus
1257 1107 1368 1188 accipia-

279 1243 354 1286 mus·
397 1223 451 1284 llis
475 1219 614 1280 omnibns
642 1219 786 1298 expositis
804 1217 933 1279 libenter
957 1217 1036 1280 addo
1062 1218 1230 1299 gravissimi
1253 1213 1368 1278 auctoris

279 1327 433 1393 Plutarchi
463 1325 677 1401 testimoninm,
710 1325 761 1406 qni
785 1325 816 1386 in
843 1325 922 1387 libro
949 1325 1018 1407 περὶ
1049 1320 1367 1408 πολυπραγμοσύνης”)

279 1438 448 1518 praefracte
468 1439 567 1512 regin,
597 1451 700 1494 veram
729 1452 796 1494 esse
825 1432 975 1512 vulgatam
1008 1433 1046 1494 de
1071 1433 1248 1495 Democrito
1270 1432 1368 1502 lamam,

280 1563 340 1624 qua
355 1543 404 1604 nic
426 1540 473 1604 vir
499 1539 736 1621 sapientissimus
760 1539 893 1602 adhibito
920 1539 1109 1622 speculo¹⁰)
1131 1541 1262 1603 caustico
1281 1536 1369 1600 oculo

279 1669 347 1712 rum
364 1649 460 1711 aciem
484 1649 558 1710 solis
579 1647 733 1710 radiorum
757 1665 940 1728 repercussu
961 1649 1192 1728 praestrinxisse
1213 1645 1369 1729 perhibeba-

279 1762 338 1818 tur.
380 1756 482 1816 Verba
503 1757 568 1834 ojus
591 1755 665 1816 lraec
686 1761 768 1817 sarrit:
806 1753 904 1816 ἐκεῖνο
926 1753 980 1836 μὲν
1002 1755 1118 1837 ψεῦδός
1141 1756 1212 1835 ἐστι,
1232 1755 1263 1818 εδ
1285 1749 1369 1834 Δημό-

279 1881 378 1944 κριτον
406 1861 555 1928 ἑκουσίως
584 1859 692 1944 σβέσαι
713 1859 767 1929 τὰς
795 1859 889 1945 ὄψεις,
919 1860 1161 1946 ἀπερεισάμενον
1192 1864 1234 1931 εἰς
1256 1859 1370 1940 ἔσοπτρα

278 1966 470 2050 πυρωθέντα,
491 1967 613 2049 καλιὴν
644 1965 700 2030 ἀπ’
731 1965 831 2031 αὐτῶν
854 1967 1018 2031 ἀνάκλασιν
1040 1969 1216 2052 δεξάμενον,
1245 1963 1368 2046 decepi

279 2073 440 2158 παρέχωσι
461 2073 604 2158 θόρυβον,
630 2075 683 2158 rip
714 2076 848 2138 διάνοιαν
876 2073 935 2144 ἔξω
964 2079 1115 2138 καλοῦσαι
1143 2078 1293 2151 πολλάκις,
1312 2066 1368 2134 ἀλλ’

282 2180 371 2245 ἐῶσιν
393 2179 481 2244 ἔνδον
510 2181 660 2264 οἰκουρεῖν
692 2183 744 2245 καλ
768 2183 929 2270 διατρίβειν
953 2185 1029 2267 πρὸς
1050 2187 1113 2252 τοῖς
1134 2188 1262 2267 νοητοῖς,
1284 2181 1369 2257 ὥσπερ

281 2288 426 2370 παρόδιοι
449 2287 570 2372 θυρίδες
588 2288 806 2374 ἐμφραγεῖσαι.
834 2292 997 2373 Quomodo
1024 2293 1075 2354 alli
1089 2298 1197 2356 nostra
1215 2298 1371 2374 patrumque

279 2395 426 2458 memorie
447 2403 477 2458 et
500 2396 586 2476 prius
606 2397 694 2458 etiam
715 2397 753 2459 de
774 2399 833 2460 λου
855 2405 1030 2478 argumento
1039 2400 1214 2478 judicarint,
1232 2397 1300 2460 nolo
1313 2394 1371 2456 ube

280 2505 343 2566 rius
364 2503 515 2584 persequi.
561 2503 649 2580 Vide,
675 2503 701 2565 si
726 2505 800 2564 tanti
819 2511 874 2580 est,
903 2507 1019 2586 Menag.
1045 2509 1188 2588 Origines
1210 2507 1294 2568 italic.
1315 2521 1371 2562 roo.

279 2609 470 2674 oiboa'nore.
503 2611 663 2690 Gundling.
685 2612 782 2674 Otior.
805 2613 940 2692 partili
963 2633 1027 2694 cap.
1053 2617 1067 2676 1
1093 2636 1124 2694 p.
1138 2619 1177 2678 51
1191 2635 1272 2696 seqq.
1305 2611 1372 2672 lleu-

279 2718 380 2780 manni
400 2725 467 2780 ecta
490 2719 599 2798 philos
618 2717 704 2780 roll
723 2739 752 2798 p.
775 2723 845 2783 671.
884 2721 1030 2782 Brackeri
1053 2721 1121 2783 hist.
1141 2724 1206 2784 crit.
1228 2721 1275 2801 pli.
1292 2713 1372 2778 νολλ

279 2848 310 2906 p.
332 2829 420 2888 1180.
461 2826 558 2888 Baelii
583 2825 672 2888 lexic.
700 2826 767 2888 hist.
795 2833 824 2888 et
853 2827 917 2889 orii.
940 2847 966 2890 v.
989 2823 1162 2890 Democrito
1185 2831 1252 2890 adn.
1274 2829 1299 2888 li
1320 2824 1372 2901 (L)-

280 2933 475 2994 'liedemanni
496 2933 582 2995 Geist
605 2933 659 2994 der
681 2932 886 3013 speculativae
904 2935 1099 3016 Plrilosoplrie
1122 2937 1243 3000 Tomi
1263 2959 1291 3018 p.
1312 2933 1373 2995 265.

278 3035 366 3098 Adde
388 3059 442 3102 eos
468 3059 546 3122 quos
567 3039 670 3102 laudat
691 3041 864 3102 Bruckerus
882 3041 902 3104 l.
920 3063 945 3105 c.

346 3146 445 3209 Venio
459 3167 540 3209 rrunc
551 3149 589 3210 ad
604 3147 692 3210 aliam
705 3148 836 3210 fabulam
854 3168 939 3229 quae,
949 3150 1006 3212 nisi
1020 3151 1116 3229 lallor,
1132 3152 1240 3214 iisdem
1253 3149 1373 3214 mnitimr

278 3251 487 3316 fundamentis
509 3257 581 3318 Non
595 3255 685 3334 pauci
699 3255 864 3336 scriptores
878 3263 938 3316 tam
954 3257 1062 3319 Graeci
1080 3242 1302 3341 q'uamltomani
1315 3253 1372 3316 inde

278 3357 316 3418 ab
334 3359 490 3420 Octaviani
506 3359 636 3439 Augusti
656 3363 719 3424 lere
743 3363 930 3443 temporibus
953 3365 1035 3442 ajunt
1058 3367 1265 3430 Democritum
1285 3365 1373 3426 risisse

278 3485 383 3526 omnes
399 3485 448 3527 res
463 3467 607 3529 humanas
623 3466 670 3528 vel
685 3475 717 3530 ut
729 3468 779 3529 alii
792 3471 905 3546 volunt,
918 3491 1069 3552 rrrrnqnam
1084 3473 1148 3534 sine
1166 3475 1229 3536 risu
1244 3475 1274 3534 in
1288 3466 1373 3552 publi·

279 3592 347 3633 cum
368 3571 528 3652 prodiisse.
568 3575 629 3634 Sed
651 3584 685 3636 ut
705 3585 867 3656 perpetuas
890 3579 1035 3641 lleracliti
1056 3580 1203 3657 lacrimas,
1233 3583 1272 3643 ita
1291 3580 1373 3641 risum

278 3679 503 3742 Democriteum
520 3682 805 3763 nequcllristoteles
820 3694 945 3748 noverat
958 3705 1057 3768 neque
1077 3689 1233 3770 quisquam
1253 3695 1373 3750 vetemur
1420 3739 1423 3748 .

343 3973 366 4036 ⁸)
386 3973 535 4025 lleumanni
554 3980 604 4027 act.
619 3977 713 4040 philos.
731 3977 782 4026 rol.
803 3971 813 4028 l
834 3991 859 4040 p.
878 3971 935 4026 ⁶71.
973 3979 1072 4032 Harles.
1093 3981 1126 4032 ad
1146 3981 1246 4032 Fabric.
1265 3979 1324 4030 Bibl.
1341 3989 1373 4039 gr.
1451 4005 1452 4048 ρ

275 4049 536 4118 ΜΗρΜ..

342 4145 364 4207 ’)
382 4146 539 4198 Plutarchus
561 4145 618 4216 περὶ
635 4142 799 4215 πολυπραγμ.
821 4161 846 4210 p.
868 4145 925 4201 521.
940 4149 968 4199 D.
989 4151 1022 4214 (p.
1040 4164 1073 4201 m.
1093 4147 1160 4214 mo.)

341 4236 379 4300 ¹⁰)
397 4238 526 4290 Laberius
543 4251 592 4303 pro
613 4234 717 4304 speculo
739 4238 803 4288 dixit
822 4235 945 4304 clypeum,
964 4245 994 4292 nt
1012 4243 1135 4295 vidimus.
