2938 4864
270 279 283 302 ο
304 309 370 374 348
524 311 528 316 “
642 304 839 371 donationum
866 305 1098 364 ὓειοετίιοιτιι

305 483 406 540 natent
425 498 444 540 ε
465 477 641 541 Democrito
668 476 713 538 sio
738 475 919 538 enuntiatam
946 476 1038 537 refert
1064 475 1103 536 de
1122 475 1206 537 coelo
1225 475 1272 538 lib.
1287 476 1329 548 n‘,
1347 477 1371 536 o:

307 585 423 654 ἐκεῖνος
445 585 477 666 (ὁ
502 583 706 667 Δημόκριτος)
736 584 793 667 γάρ
823 605 899 668 φησι
917 581 956 646 τὰ
984 581 1048 646 ἄνω
1081 580 1231 665 φερόμενα
1249 580 1333 663 dsppd
1350 579 1373 640 ἐι

305 697 361 756 τοῦ
385 692 496 760 ὕδατος
522 690 731 774 ἀνακωχεύειν
756 690 793 752 rd
815 689 933 752 πλατέα
954 695 1015 752 τῶν
1037 687 1169 773 δχδνταν
1191 690 1285 773 βάρος,
1303 687 1374 748 τὰδὲ

308 797 397 862 ατενδ
415 799 599 862 διαπίπτειν·
621 797 710 880 ὀλίγα
731 796 788 881 γὰρ
806 795 883 859 εἶναι
902 794 940 859 τὰ
960 795 1173 880 ἀντικρούοντα
1194 795 1296 863 αὐτοῖς.

392 910 442 970 2⁸2.
480 909 514 969 ln
541 905 673 971 editione
702 907 879 970 Gernotiana
910 912 941 968 et
959 905 989 968 in
1008 903 1085 968 cod
1107 905 1261 967 parisiensi
1280 904 1375 984 legitur:

305 1012 409 1077 καὶτὸ
433 1015 549 1095 μᾶλλον
573 1013 608 1076 n
629 1015 679 1076 ναὶ
698 1013 787 1096 ἧττον
813 1013 864 1076 καὶ
885 1013 1015 1096 μάλιστα
1034 1011 1228 1094 κατὰλόγον,
1252 1010 1377 1091 inquibus

305 1121 406 1183 verbis
430 1122 655 1204 Philippsonins
683 1127 765 1184 reete
791 1121 916 1183 mutavit
945 1119 980 1182 n
999 1121 1030 1182 in
1052 1141 1096 1196 τε,
1116 1129 1236 1201 praeter
1252 1119 1377 1181 uenustu-

305 1235 364 1290 tem
385 1229 477 1292 soriti
497 1232 659 1295 voluerunlt
682 1207 886 1292 Burohardns'
899 1228 951 1290 aaut
980 1227 1014 1290 τδ
1038 1229 1155 1310 μᾶλλον
1178 1228 1227 1290 καὶ
1245 1227 1331 1309 ἧτταν,
1345 1225 1378 1284 ni

307 1337 436 1420 μάλιστα
458 1338 508 1400 ναὶ
532 1339 641 1423 ἥκιστα
667 1338 754 1401 κενὸν
775 1335 848 1420 ἔχον
868 1343 899 1398 et
918 1335 1157 1416 Papenoordtius
1179 1358 1208 1417 p.
1229 1339 1281 1400 5t:
1300 1334 1340 1396 rai
1357 1333 1378 1394 ai

306 1445 423 1526 μᾶλλον
447 1445 498 1509 καὶ
518 1443 619 1530 ἠπον,
640 1445 691 1508 καὶ
719 1445 850 1526 μάλιστα
878 1443 928 1506 καὶ
950 1443 1057 1526 ἥκιστα
1077 1443 1156 1506 κατὰ
1176 1441 1273 1524 λόγον.
1310 1444 1379 1504 Porro

305 1549 461 1634 διαφέρειν
483 1551 517 1614 δέ
538 1575 566 1616 τι
595 1553 821 1617 aSotmeidero
842 1552 919 1613 bene
944 1570 1126 1614 conversum
1149 1557 1196 1614 est
1213 1551 1242 1611 in
1259 1547 1379 1632 διαφέρειν

305 1656 338 1720 δ’
362 1655 416 1736 ἔτι,
436 1657 631 1747 δναττδλειψιν
657 1662 715 1742 ipsi
744 1659 967 1724 emendavimus
987 1659 1015 1720 in
1037 1655 1238 1742 ἐναπόλῃψιν,
1256 1656 1380 1719 mentun

303 1773 373 1828 anto
393 1763 506 1851 βαρέος
533 1769 584 1831 καὶ
611 1767 730 1852 κούφου
758 1767 874 1830 addidit
901 1765 1143 1846 Philippsonius‚
1171 1787 1229 1846 pro
1253 1787 1309 1848 qno
1328 1763 1381 1826 uule

304 1873 469 1955 scripserat
493 1876 697 1940 Solnreiderus
728 1875 879 1958 καθάπερ.
932 1878 965 1936 tn
991 1873 1189 1956 sequentibus
1215 1874 1283 1935 olim
1303 1874 1339 1934 sio
1353 1869 1381 1928 di·

305 1982 528 2062 stinguebatur:
552 1965 635 2047 ἔνιαι
660 1984 767 2052 ἁπλῶς
787 1983 822 2045 δὲ
844 2005 871 2043 ιι.
885 2003 910 2043 τ.
925 1982 952 2044 λ.
997 1980 1204 2046 Soluneiderus
1226 1981 1340 2060 conjecit
1355 1977 1382 2038 tu·

303 2091 434 2170 gendum
456 2111 523 2154 esse
545 2092 595 2154 καὶ
614 2089 690 2153 κατὰ
711 2089 766 2172 μὲν
789 2089 869 2152 ἄλλα
888 2089 1117 2166 πεπυκνῶσθαι,
1135 2090 1225 2151 κενὸν
1244 2087 1313 2151 κατὰ
1330 2083 1382 2148 ἔνια.

303 2199 358 2260 sed
380 2198 436 2260 hae
458 2202 634 2278 conjectura
654 2199 726 2261 nituit
750 2217 828 2278 opus
850 2204 905 2262 est
949 2199 982 2258 tu
1003 2197 1103 2258 verbis
1123 2194 1203 2258 κατὰ
1224 2200 1281 2258 πᾶν
1299 2193 1383 2276 ὁμοίως

305 2302 400 2387 μανόν
420 2315 574 2386 postrema
594 2327 654 2369 vox
676 2313 758 2370 reete
785 2307 901 2385 adjecta
926 2310 973 2367 est
992 2325 1010 2366 a
1030 2303 1250 2383 Philippsouio.
1290 2299 1382 2366 Schmi-

304 2413 394 2476 derus
417 2433 508 2476 sensu
527 2434 590 2477 non
619 2421 782 2496 perspecto
809 2412 922 2475 πυκνόν
945 2413 1017 2494 poni
1037 2411 1137 2491 jussit
1184 2412 1285 2474 Verba
1305 2405 1381 2470 rotat

305 2517 421 2602 μᾶλλόν
443 2541 477 2582 τε
505 2521 556 2583 καὶ
584 2521 674 2605 ἧττον
697 2521 748 2583 καὶ
770 2521 901 2603 μάλιστα
921 2519 999 2608 κατὰ
1025 2518 1114 2600 λόγον
1136 2519 1188 2580 vix
1210 2519 1346 2581 intellecta
1359 2511 1382 2572 ad

301 2627 431 2690 litteram
456 2629 606 2708 expressit
631 2630 873 2710 Ptuilippsonius:
901 2649 940 2691 αα
963 2627 1037 2708 plus
1065 2629 1206 2689 minusve
1232 2635 1262 2690 et
1281 2625 1383 2688 ananan

301 2737 468 2798 :eamdam
484 2741 647 2801 ratromm.

386 2843 436 2905 23.
479 2844 567 2907 Initio
596 2841 649 2908 adr
680 2847 807 2908 inseruit
832 2844 1035 2908 Sohrreiderus
1055 2853 1126 2923 post
1146 2844 1218 2926 περὶ
1239 2841 1305 2926 pem
1329 2839 1383 2898 iden

303 2947 346 3015 εἰς
364 2947 466 3032 μακρὰ
492 2950 747 3036 διανενεμημένον
774 2953 908 3016 eorrexit
934 2953 964 3012 in
994 2951 1037 3018 εἰς
1060 2949 1151 3032 μικρὰ
1172 2951 1200 3012 δ.
1246 2949 1342 3014 Peneis
1357 2944 1383 3002 in·

300 3057 433 3135 tea-jectis
455 3059 488 3120 τὸ
520 3059 561 3142 μὴ
588 3059 683 3122 ταύτὰ
711 3065 785 3124 πᾶσι
812 3060 906 3122 edidit
932 3079 990 3138 pro
1020 3058 1141 3138 vulgato
1170 3055 1218 3142 τῷ
1245 3059 1284 3142 μὴ
1306 3049 1384 3120 ταύτὰ,

300 3165 386 3240 eujus
408 3166 478 3228 tooo
502 3168 531 3229 in
563 3169 695 3230 editione
720 3169 896 3231 Camotiana
918 3173 1013 3228 exstat
1037 3163 1082 3250 τῷ
1104 3165 1144 3248 μὴ
1167 3169 1274 3228 ταῦτα.
1314 3159 1384 3225 Paula

300 3271 423 3334 inferius
442 3273 471 3333 iu
495 3275 627 3338 editione
641 3276 816 3338 Gamotiaua
834 3282 865 3336 et
885 3275 916 3336 in
936 3275 1015 3336 God.
1035 3275 1186 3336 Vossiano
1210 3283 1257 3336 est
1281 3263 1383 3352 erupuit

299 3382 557 3464 prosopopaeia,
599 3403 778 3465 quamquam
812 3382 842 3443 in
877 3381 992 3444 codicis
1023 3381 1155 3460 margine
1188 3382 1330 3461 seriptum
1354 3383 1384 3434 est

301 3484 460 3568 στρυφνόν.
502 3491 634 3553 Omnino
646 3491 807 3554 verisimile
823 3497 869 3554 est
884 3489 1032 3552 exstitisse
1044 3489 1115 3550 otim
1128 3491 1256 3551 sormam
1272 3479 1383 3568 erupuit·

300 3612 393 3675 quum
414 3597 538 3658 verbum
565 3597 671 3681 ατύφω
699 3601 771 3662 satis
801 3599 942 3662 usitatum
963 3597 1010 3672 sit,
1036 3596 1106 3658 lieet
1127 3598 1311 3675 posteriores
1329 3609 1382 3652 sen·

299 3721 356 3780 por
374 3702 504 3766 dixerint
526 3705 684 3789 στρυφνός.
735 3707 873 3788 Deuique
900 3705 992 3766 verba
1009 3699 1052 3764 ἔτι
1075 3701 1104 3763 δ’
1128 3702 1240 3771 αὐτοὺς
1262 3696 1382 3786 μεταβαλ-

300 3809 363 3871 asu
381 3809 422 3894 τῇ
442 3812 548 3894 κράτει
568 3813 618 3875 καὶ
639 3812 676 3876 τὰ
698 3815 783 3896 πάθη
804 3813 854 3876 καὶ
876 3812 929 3880 τὰς
946 3811 1074 3894 ἡλικίας,
1097 3811 1126 3872 in
1145 3811 1254 3893 quibus
1277 3807 1382 3884 Philipp·

299 3919 405 3980 sonins
430 3921 503 3982 uituil
524 3921 649 3983 mutavit
669 3929 805 3984 vertens:
834 3942 890 3982 nor
908 3923 1002 3981 etiam
1020 3921 1100 3998 apros
1120 3922 1242 3979 mutari
1260 3915 1383 3978 suntne

298 4029 329 4082 et
353 4026 520 4088 secundum
543 4031 702 4109 patrimus
727 4039 757 4091 et
782 4029 948 4092 seeundum
977 4035 1104 4102 aetates,
1133 4047 1194 4105 qua
1220 4049 1255 4086 re
1275 4016 1382 4102 coeperit

299 4130 523 4207 desperationem
552 4157 678 4198 causam
708 4139 897 4216 phantasiae
925 4157 985 4198 erre
1010 4143 1130 4215 putent,
1159 4135 1264 4196 morito
1292 4121 1380 4192 autui-

301 4233 397 4298 dootis
417 4238 447 4297 in
468 4240 691 4321 depravationis
707 4246 911 4334 suspicionem
930 4251 1036 4308 vocata
1049 4249 1125 4307 sunt.
1169 4244 1270 4322 ltaque
1283 4227 1379 4302 Schnei-
