2892 4872
347 329 431 386 Liber
443 329 478 385 ll.
515 329 558 384 De
577 329 729 386 Democriti
747 332 865 403 scriptia.
1120 336 1162 400 97

67 499 148 583 Atqui
165 501 191 563 si
219 501 325 564 eodem
343 501 483 579 Diogene
496 495 528 578 ⁴)
550 503 675 560 auctore
695 497 841 576 nonnulli,
862 499 892 561 in
914 500 1023 583 quibus
1044 501 1162 566 Aristo-

65 609 166 688 phanes
186 609 394 691 grammaticus
416 605 481 680 luit,
503 605 640 686 dialogos
658 605 832 668 Platonicos
854 627 991 688 megaram
1009 610 1161 693 partcm⁵)

65 715 240 797 intrilogias
268 705 494 797 descripserunt
522 733 541 774 a
566 713 724 794 republica
746 715 931 794 incipientes
953 737 991 778 cx
1014 737 1073 799 qua
1094 739 1161 782 cum

64 824 175 886 Timaeo
205 815 235 885 et
264 825 358 887 Critia
387 824 484 904 prima
512 820 618 883 classis
645 827 811 898 constaret,
836 822 886 884 alii
912 829 1019 886 contra
1046 833 1161 890 mutato

62 931 157 993 ordine
174 953 210 994 ao
231 931 441 994 diversissimis
468 929 634 991 rationibus
654 949 780 1010 operum
804 929 1029 993 Platonicorum
1051 932 1163 996 classes

61 1031 277 1116 constituerunt,
304 1040 363 1101 hoo
392 1039 471 1100 inter
490 1042 628 1100 caeteros
658 1041 688 1098 et
707 1037 900 1116 Thrasyllum
920 1038 1066 1102 interesse
1083 1041 1163 1119 judi·

60 1147 176 1208 candum
199 1155 254 1225 est,
277 1147 361 1228 quod
383 1145 496 1208 caeteri
516 1143 639 1228 quidem
658 1163 716 1224 pro
736 1143 870 1205 lubidine
896 1143 984 1206 aliter
1000 1153 1090 1229 atque
1111 1148 1163 1210 ali-

60 1261 100 1314 ter
118 1235 167 1316 vel
192 1254 289 1334 ipsius
319 1254 471 1328 materiae,
499 1252 548 1314 vel
577 1270 677 1314 rerum
707 1252 902 1330 tractationis,
931 1252 981 1315 vel
1012 1254 1164 1317 scribendi

60 1361 166 1440 gennis
191 1363 295 1425 habita
323 1363 439 1424 ratione
463 1359 599 1423 Platonis
624 1359 738 1440 scripta
766 1359 975 1436 distibuerunt,
998 1363 1046 1424 hic
1065 1370 1163 1427 autem

59 1468 172 1548 siugulis
207 1491 285 1552 quas
319 1468 493 1532 condidisse
530 1469 626 1531 fertur
658 1467 818 1553 elassibus,
835 1473 978 1550 quattuor
1008 1471 1163 1550 assignans

59 1575 184 1656 dialogos
213 1578 375 1659 ipsumque
400 1575 557 1638 Platonem
583 1595 678 1656 opere
707 1595 764 1637 sua
789 1574 866 1638 nord
890 1577 1086 1660 τετραλογίαν
1107 1599 1163 1659 pu-

58 1679 174 1747 blicasse
196 1686 392 1762 contendens,
424 1704 487 1746 non
505 1690 566 1746 tum
588 1683 660 1746 novi
688 1682 763 1764 quid
784 1684 904 1760 invenit,
926 1704 1016 1766 quam
1041 1686 1124 1766 quod
1145 1707 1184 1748 a·

58 1792 196 1856 teterrime
218 1799 381 1873 acceperat
402 1791 545 1852 intactum
565 1790 694 1872 reliquit.
732 1789 841 1871 Neque
864 1791 943 1852 enim
965 1791 1088 1854 dubium
1108 1798 1163 1868 est,

58 1899 120 1977 quin
147 1901 235 1964 multi
269 1900 319 1961 alii
352 1899 477 1961 eandem
505 1897 735 1960 dividendorum
764 1898 898 1961 Platonis
930 1919 1058 1980 operum
1084 1899 1163 1962 viani

59 2005 255 2092 rationemque
283 2005 448 2085 probarint.
494 2005 574 2066 Nam
599 2005 715 2066 etiamsi
735 2005 890 2086 Diogenes
901 2006 931 2086 ⁶)
953 2008 1001 2082 uit,
1029 2008 1164 2068 aTlrra-

58 2112 126 2190 syllo
146 2116 278 2195 primam
292 2113 333 2175 ob
355 2113 524 2194 argumenti
545 2111 770 2175 similitudinem
784 2133 850 2175 corn
871 2116 945 2194 poni
967 2114 1162 2195 tetralogiam,

58 2241 109 2300 quo
127 2224 289 2286 ostendere
307 2221 395 2298 velit,
425 2220 521 2303 qualis
551 2219 726 2300 philosophi
753 2221 815 2283 vitu
841 2240 909 2283 esse
931 2222 1046 2300 debeat,
1071 2229 1161 2303 atque

60 2325 161 2391 idcirco
189 2328 371 2410 Thrasyllus
400 2328 495 2389 videri
525 2331 628 2408 potest
654 2345 716 2390 non
735 2346 872 2390 servasse
892 2335 1047 2410 receptum
1071 2329 1165 2391 dialo

60 2453 155 2514 gorum
180 2437 332 2513 ordinem,
362 2437 417 2498 sed
442 2434 668 2516 quodammodo
692 2442 832 2513 mutasse,
856 2442 986 2497 attamen
1012 2455 1030 2496 e
1054 2435 1164 2511 verbiS,

61 2560 128 2622 quae
144 2545 194 2608 lib.
216 2545 269 2622 111,
296 2547 335 2606 61
365 2544 456 2606 indici
484 2542 631 2606 librorum
659 2541 885 2606 Platonicorum
908 2542 947 2603 ad
975 2541 1166 2620 Thrasyllum

59 2657 201 2714 auctorem
224 2651 322 2712 relato
344 2651 506 2731 subjungit,
536 2651 586 2712 καὶ
610 2647 698 2718 οὗτος
720 2649 774 2733 μὲν
798 2648 878 2710 οὕτω
904 2649 1022 2732 διαιρεῖ,
1050 2647 1105 2708 καί
1125 2669 1163 2708 τι-

60 2773 102 2824 νες
117 2767 207 2840 utque
237 2761 266 2820 ir
294 2757 416 2838 qua'dem
443 2761 488 2820 sic
510 2759 623 2821 diuidit
641 2766 670 2820 et
697 2758 775 2838 (alii)
798 2757 949 2819 nonnulli
971 2755 1052 2835 (pari
1072 2755 1165 2817 modo

60 2863 266 2946 distribuunt),
298 2865 367 2946 cogi
391 2872 527 2945 oportet,
561 2870 683 2945 praeter
717 2863 911 2943 Thrasyllum
939 2862 1015 2924 alios
1043 2881 1165 2945 quoque

60 2972 158 3034 eodem
180 2974 276 3037 rnodo
294 2973 391 3036 libros
412 2973 588 3036 Platonicos
612 2971 776 3034 ordinasse.
825 2972 893 3033 lluo
915 2970 1033 3033 accedit
1054 2969 1166 3049 gravis-

60 3079 127 3143 sima
145 3082 296 3146 Varronis
316 3079 489 3156 auctoritas,
512 3079 563 3161 qui
595 3079 633 3139 de
654 3078 725 3158 ling.
750 3077 799 3140 lut.
821 3076 888 3140 libr.
912 3079 976 3154 Vll,
999 3077 1038 3140 37
1072 3077 1166 3138 Phae-

60 3185 160 3250 donem
190 3189 360 3270 respiciens
386 3189 457 3252 citat
484 3185 639 3252 Platonem
666 3185 697 3248 iu
726 3193 834 3268 quarto
851 3184 890 3270 ⁷).
937 3185 992 3247 Est
1014 3190 1113 3247 autern
1135 3184 1166 3246 in

60 3337 251 3358 *nun-.—

121 3439 142 3500 ⁴)
160 3439 204 3490 lib.
224 3439 265 3498 lll,
281 3434 330 3488 61:
351 3434 414 3488 ίνιοι
433 3433 471 3496 δέ,
490 3433 527 3488 ὧν
546 3433 598 3488 ἐστι
616 3435 661 3488 atel
679 3429 869 3506 Ἀριστοφάνης
887 3431 901 3487 ὁ
920 3431 1109 3507 γραμματικός,
1129 3431 1165 3493 είς

60 3513 177 3586 τριλογίας
199 3517 304 3569 ἕλκουσι
319 3515 378 3574 τοὺς
398 3514 532 3586 διαλόγους
554 3534 580 3568 κ.
598 3534 622 3568 τ.
642 3514 667 3568 λ.

123 3611 144 3672 ”)
159 3611 217 3662 Νοο
237 3623 332 3660 omnes
350 3609 467 3660 Platonis
485 3609 567 3659 libros
585 3609 636 3660 huc
656 3609 712 3673 lege
733 3608 889 3668 diuiserunt,
910 3607 958 3658 sed
979 3621 1061 3672 quum
1083 3611 1167 3672 quin-

60 3685 138 3740 decim
159 3693 215 3754 ejus
233 3690 369 3740 volumina
391 3691 509 3755 quinque
535 3690 645 3752 trilogiis
665 3689 796 3753 complexi
818 3691 916 3750 esseut,
942 3688 1044 3754 reliqua
1064 3689 1166 3752 scripta

59 3767 109 3818 siue
128 3771 221 3821 ordino
240 3763 397 3834 posueruut.

121 3861 143 3924 ⁸)
164 3861 206 3912 lib.
225 3863 268 3924 lll,
289 3859 336 3912 57:
360 3859 467 3930 πρώτην
491 3858 538 3928 μὶν
565 3858 611 3912 οὖν
635 3857 800 3930 τετραλογίαν
820 3853 906 3926 τίθησι
925 3855 972 3928 τὴν
993 3857 1083 3927 κοινὴν
1105 3853 1165 3908 het-

59 3929 121 3988 θεοιν
141 3939 268 4013 ἔχουσαν·
295 3939 448 4017 παραριῖξαι
467 3939 515 4012 γὰρ
541 3937 669 4009 βούλεται,
694 3936 783 3996 ὁποῖος
808 3935 839 3989 ἂν
861 3935 899 4006 εἴη
920 3934 934 3989 h
952 3941 999 3990 coia
1020 3935 1165 4009 φιλοσόφον

59 4033 116 4078 plut.

123 4111 145 4173 ⁷)
165 4111 262 4176 Optimi
283 4113 362 4164 codd.
383 4113 470 4164 lucrum
492 4114 531 4164 sic
556 4109 695 4162 exhibent:
730 4107 806 4158 Plato
823 4107 851 4158 in
864 4115 957 4175 quarto
975 4108 1006 4158 de
1024 4106 1167 4173 straminibus

59 4188 236 4254 amatunam
256 4193 403 4259 ponerint,
428 4192 459 4241 de
484 4191 522 4242 hia
541 4207 618 4242 anuto
642 4191 779 4240 Turturum
797 4187 928 4256 appella,-
959 4204 1040 4254 poure
1060 4188 1169 4240 Tartari

59 4267 124 4334 oripo
142 4288 246 4337 praeeo.
285 4275 314 4324 ln
333 4273 466 4326 nonnullis
487 4273 596 4336 legitur:
625 4269 701 4321 Pluto
721 4269 749 4320 in
768 4269 821 4322 llll
840 4271 870 4320 da
889 4271 915 4335 fl·
935 4275 986 4324 eto.
1023 4271 1165 4322 Muellerus

898 4367 915 4425 7
