2892 4872
419 317 551 378 ursaru.
587 321 631 376 ns
649 319 800 376 nemaeus
819 321 940 394 scapua
1172 323 1234 390 125

117 512 209 576 ραοι.
242 488 318 573 Quis
333 487 424 552 luerit
444 487 659 566 hichcicarns,
675 487 799 553 dubium
819 493 874 550 ast.
899 487 1059 556 Reinesius
1068 491 1235 575 Aegyptic

117 621 190 662 rum
210 617 312 678 regem
333 615 401 660 esse
423 596 548 677 putavit,
571 596 622 679 qui
641 597 680 658 ah
704 595 770 658 aliis
792 593 913 675 haurio,
935 598 973 660 ab
991 598 1056 662 aliis
1075 602 1233 664 hoenche-

117 728 171 770 res
195 707 372 768 nominatur.
421 705 552 768 Videtur
578 711 678 767 annm
705 699 894 786 Ἀχαΐκαρος
917 704 1116 796 Bosporanug
1144 731 1235 792 quem

117 815 234 878 Strabo
253 812 304 875 lih.
330 813 370 874 16
397 833 428 893 p.
450 815 512 877 762
540 812 618 874 iuter
643 812 727 874 viros
752 811 989 892 sapientissimos
1013 813 1123 893 laudat,
1156 817 1234 880 male

119 921 269 986 conlundi
291 940 310 982 a
329 919 474 984 Fabricio
495 920 574 983 Bibl.
593 919 645 983 Gr.
668 918 729 982 vol.
750 920 778 982 11
798 940 828 1000 p.
849 921 912 984 640
933 927 964 983 et
981 923 1042 985 vol.
1061 924 1109 984 ΠΙ.
1129 943 1159 1003 p.
1172 926 1234 986 445

119 1030 170 1092 ed
200 1027 283 1090 llarl.
308 1048 379 1089 cum
411 1049 449 1092 eo
482 1030 570 1108 cujus
599 1025 770 1089 columnam
798 1028 992 1092 Democritus
1020 1029 1234 1109 interpretatus

118 1156 192 1200 esse
217 1137 320 1199 lerhrr.
376 1137 444 1198 lluc
473 1134 550 1197 adde
571 1134 654 1217 quod
678 1133 772 1195 'etiam
802 1155 820 1197 a
848 1136 987 1214 Diogene
1009 1137 1130 1198 Laertio
1157 1138 1236 1200 inter

120 1243 326 1322 Theophrasti
348 1242 463 1323 scripta
481 1241 530 1305 lib.
554 1244 592 1320 V,
604 1243 644 1304 50
666 1241 808 1305 volumen
829 1243 946 1320 citatum,
964 1245 1053 1322 cujus
1078 1244 1235 1326 inscriptio

119 1355 191 1414 erat
208 1347 383 1434 Ἀκίχαρος.
420 1349 491 1431 lpsa
511 1368 561 1411 res
578 1348 666 1411 valde
688 1350 819 1414 obscura
839 1356 892 1412 est
932 1349 1041 1432 Neque
1063 1351 1142 1413 enim
1160 1352 1236 1414 rnul-

118 1465 190 1520 tum
211 1456 288 1520 lucis
309 1459 379 1521 huic
400 1458 541 1520 materiae
559 1457 723 1520 attuleruut
743 1456 902 1519 Reiuesius
924 1476 986 1520 var.
1006 1457 1076 1521 lect.
1096 1478 1126 1538 p.
1143 1461 1184 1522 97
1206 1465 1237 1522 at

120 1567 186 1630 381
213 1587 248 1627 ac
278 1565 450 1646 Stephanus
487 1566 651 1628 Lemonius
686 1565 833 1627 animadv.
866 1566 905 1627 ad
932 1565 1016 1632 varia
1048 1582 1137 1628 sacra
1167 1585 1236 1646 pag.

120 1675 189 1738 346
205 1692 286 1756 seqq.
336 1673 496 1736 Reinesius
518 1672 706 1753 Babylonem
733 1674 820 1750 cujus
840 1672 889 1734 hic
921 1672 1034 1736 mentio
1056 1674 1099 1750 fit,
1120 1674 1158 1736 de
1178 1675 1237 1736 Ba-

120 1783 237 1863 hyloue
267 1781 401 1862 Aegypti
435 1779 551 1861 oppido
586 1783 822 1842 commemorato
858 1780 939 1860 apud
973 1780 1153 1844 Strabonem
1183 1781 1235 1846 lib.

119 1891 215 1952 XVII
236 1909 304 1970 pag.
326 1891 388 1952 807
408 1887 528 1967 accipit,
559 1906 629 1949 cum
652 1887 722 1969 quia
745 1884 812 1970 ἱερὰ
835 1886 999 1969 γράμματα
1020 1887 1051 1950 in
1079 1889 1153 1951 solis
1178 1887 1238 1952 he-

83 2007 86 2012 ’
119 1996 298 2078 gyptiorum
316 1996 408 2058 rebus
429 1994 631 2070 nominentur,
650 2001 712 2057 tnm
733 1994 805 2076 quia
821 1999 966 2076 sequatur
984 1996 1066 2075 apud
1086 1996 1238 2059 Laertium

119 2103 273 2186 replerit
305 2101 338 2164 ἐν
368 2099 477 2186 Μερόῃ
502 2101 591 2184 ἱερῶν
613 2100 811 2184 γραμμάτων.
856 2101 890 2164 Si
916 2099 982 2184 ἱερὰ
1001 2101 1165 2186 γράμματα
1183 2123 1239 2166 noe

121 2221 174 2274 tae
195 2217 265 2274 sunt
289 2209 544 2290 hieroglyphicae,
571 2227 647 2290 quae
675 2207 853 2288 significatio
872 2209 942 2272 usui
963 2210 1151 2272 Graecorum
1176 2230 1238 2273 non

120 2324 271 2400 repugnat
293 2318 347 2397 (cl.
370 2316 597 2378 Dindortiauam
620 2315 767 2378 Thesauri
786 2317 960 2398 stephanici
982 2315 1143 2379 editionem
1164 2336 1188 2379 s.
1210 2337 1238 2382 v.

120 2426 251 2512 γράμμα
271 2445 302 2506 p.
321 2424 384 2487 753
404 2425 458 2504 D.)
477 2423 656 2502 praesertim
676 2443 769 2505 quum
791 2424 955 2506 γράμματα
976 2423 1096 2504 saepius
1116 2423 1176 2487 sint
1196 2424 1239 2486 in-

122 2533 316 2614 scriptiones,
329 2530 523 2612 oogitaudum
545 2531 603 2592 erit
624 2531 662 2592 de
685 2531 780 2593 titulis
799 2531 908 2612 quibus
931 2532 1112 2611 pyramideS,
1128 2532 1240 2612 templa

121 2637 1136 2724 aliaqueaediliciaBabylone‚Aegyptiorumoppido,ornataerant
1159 2643 1241 2721 Qua-

121 2755 251 2830 propter
271 2747 337 2812 fieri
359 2747 466 2828 potuit,
488 2751 523 2809 ut
541 2745 734 2809 Damocritus
753 2746 784 2807 in
805 2745 933 2829 quadam
956 2745 1239 2808 commentariorum

121 2857 291 2920 ethicorum
299 2862 385 2936 parte
395 2875 464 2917 aum
472 2855 530 2917 alia
540 2853 779 2936 quaeBabylone
788 2855 942 2917 invenerat
950 2853 1239 2916 sacrissaoerdotum

119 2963 232 3026 litteris
244 2963 366 3043 scripta,
374 2981 478 3045 quaea
489 2961 614 3024 Philone
621 2961 733 3040 Byblio
746 2961 827 3043 apud
833 2961 945 3024 Enseb.
953 2981 1057 3042 praep.
1074 2980 1177 3042 evang.
1188 2961 1239 3024 lib.

120 3072 197 3146 Χ,4
211 3067 376 3152 ἀπόκρυφοι
395 3065 598 3150 Ἀρμουνέων
621 3067 787 3151 γράμματα
806 3075 962 3146 vocantur,
975 3070 1157 3150 ingraecnru
1178 3087 1241 3130 ser-

121 3196 246 3240 monem
266 3177 450 3251 transferret,
470 3182 532 3236 tum
551 3174 722 3237 columnam
745 3176 783 3238 ab
796 3175 923 3240 Acicare
945 3176 1075 3256 positam
1096 3177 1242 3255 iuterpre-

125 3289 249 3346 taretur.
280 3283 399 3363 Quodsi
421 3289 543 3358 statuas,
557 3283 651 3344 verba
672 3283 717 3344 illi
740 3283 898 3346 columnae
918 3282 1064 3364 inscripta
1084 3284 1122 3346 ad
1143 3302 1243 3346 mora·

121 3391 185 3452 lem
202 3389 369 3452 doctrinam
388 3389 578 3470 pertinuisse,
599 3389 707 3452 merito
726 3389 756 3451 in
779 3391 884 3453 ethicis
903 3391 1072 3454 Democriti
1093 3410 1244 3454 commen·

123 3497 209 3558 teriia
228 3497 332 3559 locum
350 3497 507 3558 tenuerint
547 3498 692 3560 Fortasse
715 3497 803 3559 etiam
834 3499 1035 3579 Theophrasti
1062 3497 1140 3560 liber
1160 3495 1241 3560 Ἀκί-

123 3623 223 3687 χαρος
244 3602 334 3666 ethici
356 3604 522 3683 argumenti
543 3604 606 3680 luit,
629 3603 711 3685 qnod
731 3602 828 3666 voluit
840 3605 960 3668 Fabric.
974 3605 1052 3669 Bibl.
1066 3606 1119 3668 Gr.
1134 3606 1244 3669 vohlll

122 3731 194 3792 pag.
216 3711 278 3772 445
308 3710 355 3772 ed.
384 3711 466 3772 llarl.
520 3710 630 3792 Neque
660 3711 769 3790 injuria
797 3731 835 3774 ex
865 3712 1029 3776 Clementis
1062 3719 1093 3775 et
1119 3713 1243 3776 Eusebii

121 3817 227 3880 verbis
248 3837 342 3897 supra
364 3816 499 3898 allegatis
528 3817 680 3898 conjicias,
710 3820 770 3881 hoc
789 3819 956 3882 Democriti
985 3839 1065 3902 opus
1093 3819 1243 3902 περὶτῶν

123 3921 159 3986 ἐν
176 3919 346 4008 Βαβυλῶνι
369 3923 459 4005 ἱερῶν
486 3925 672 4007 γραμμάτων
693 3925 731 3988 ab
754 3925 822 3988 aliis
844 3925 1029 4007 appellatum
1052 3947 1120 3991 esse
1142 3923 1244 4011 Βαβυ-

123 4029 256 4097 λωνίους
274 4027 392 4112 λάρους,
405 4031 486 4094 unde
498 4032 586 4095 nohis
608 4033 744 4110 suspicio
763 4038 834 4094 nata
849 4038 904 4110 est,
926 4052 982 4096 eos
1003 4035 1055 4116 qui
1076 4041 1245 4118 sequuntur

121 4137 246 4200 hhellos
273 4133 451 4200 Χαλδαϊκὸν
474 4136 564 4220 λόγον
586 4147 616 4202 et
638 4137 771 4222 Φρύγιον
805 4136 896 4221 λόγον
930 4158 968 4203 ex
1004 4141 1042 4204 iis
1072 4143 1166 4206 tuisse
1191 4143 1244 4226 qui

122 4245 230 4310 itidern
258 4243 404 4308 moralem
435 4245 644 4329 philosophiae
672 4253 789 4330 partem
818 4247 1013 4331 atthrgereut,
1049 4250 1090 4314 ita
1121 4251 1185 4314 lere
1211 4257 1246 4314 nt
