2984 4876
389 236 473 292 Liiscr
489 237 538 293 ΙΙΙ.
569 235 719 290 Democriti
739 249 848 306 operum
867 235 1028 306 stagneum
1200 241 1263 306 205

149 399 201 467 Ἐν
224 405 259 467 δὲ
276 407 339 472 τοῖς
367 399 602 487 Κρατοντηρίοις
629 401 738 485 καίτερ
767 399 980 485 ὑπεσχημένος
1008 407 1072 471 ταῖς
1102 405 1264 491 αἰσθήσεσι

152 512 185 574 τὸ
207 511 318 595 κράτος
339 515 393 595 τῆς
421 512 551 578 πίστεως
577 509 746 586 ἀναθεῖναι,
772 505 861 570 οὐδὲν
888 505 978 591 ἧττον
1009 509 1178 594 εὑρίσκεται
1196 518 1262 582 τοί·

152 639 212 680 τιιιν
233 618 454 690 καταδικάζειν.
494 618 577 701 Φησὶ
594 617 668 701 γάρ·
685 613 830 699 Ἧρέες
851 614 892 678 δὲ
910 619 964 700 τῷ
985 618 1053 701 μὲν
1074 618 1182 685 ἐόντι
1204 625 1262 689 σθ·

153 725 215 788 ccv
236 725 397 810 ἀτρεκὲς
420 726 612 810 ξυνίεμεν,
636 725 873 809 ρετατῖατον
895 723 937 785 δὲ
957 727 1057 790 κατά
1080 750 1119 790 τε
1140 733 1261 816 σώμα-

153 855 217 902 τος
238 835 440 918 διαθιγήν,
471 834 536 897 καὶ
564 837 637 896 τῶν
668 829 945 908 ἐπεισιόντων,
977 834 1042 896 καί
1072 840 1143 899 τῶν
1168 839 1263 904 άντι-

153 941 433 1026 στηριζὸντων.
478 938 539 1020 Καὶ
563 941 653 1004 πάλιν
674 939 875 1024 φησίέτεῇ
896 939 962 1023 μέν
992 963 1067 1022 νυν,
1097 942 1154 1006 ὅτι
1177 947 1261 1012 οἷον

153 1047 321 1112 ἕκαστόν
345 1049 462 1126 ἐστιν,
492 1049 511 1132 ἦ
543 1048 613 1112 οὐκ
639 1045 754 1126 ἔστιν,
785 1046 828 1110 οὐ
858 1046 1048 1131 ξυνίεμεν,
1078 1054 1260 1140 πολλαχῆ

153 1157 393 1239 δεδήλωται
444 1153 497 1220 Ἐν
528 1157 562 1219 δὲ
582 1160 627 1242 τῷ
652 1157 722 1240 περὶ
753 1154 853 1232 ἰδεῶν,
885 1156 1088 1236 γινώσκειν
1109 1181 1149 1223 τε
1176 1165 1262 1248 χρή,

153 1288 239 1350 φησι,
263 1265 475 1348 ἄνθρωπον
502 1262 602 1350 τῷδε
629 1263 683 1350 τῷ
707 1260 855 1340 κανόνι,
875 1261 933 1324 ὅτι
954 1260 1067 1349 ἐτεῇς
1086 1264 1262 1351 ἀπήλλα-

152 1397 249 1437 κται.
291 1369 353 1437 Καὶ
372 1373 484 1436 πάλιν·
521 1371 650 1455 Anici
686 1371 752 1454 ρὲν
787 1371 831 1454 δὴ
861 1370 923 1433 καὶ
952 1369 1105 1440 οὔτοςό
1132 1375 1262 1458 λόγος,

154 1482 211 1545 θτι
236 1482 325 1567 ἐτεῇ
346 1477 459 1542 οὐδὲν
483 1478 695 1562 ίθμενττερί
717 1477 898 1548 οὐδενός·
917 1476 1001 1542 ἀλλ’
1026 1477 1260 1568 ἑτιῤῥυσρίῃ

154 1587 401 1668 ἑκάστοισιή
426 1585 544 1657 nome.
588 1582 650 1648 Καὶ
674 1583 733 1649 ἔτι·
762 1585 895 1650 καίτοι
920 1587 1042 1670 δῆλον
1063 1585 1180 1668 ἔσται,
1204 1590 1263 1654 θτι

154 1679 248 1782 ἐτεῇ
269 1697 355 1759 οἷον
379 1695 555 1782 ἕκαστον,
584 1696 802 1776 γινώσκειν,
835 1691 872 1756 ἐν
900 1693 1040 1780 ἀπίριρ
1063 1694 1157 1760 ἐστί.
1201 1695 1263 1764 Καὶ

154 1807 190 1889 δὴ
215 1805 246 1868 ἐν
278 1805 332 1888 μὲν
360 1802 478 1871 τούτοις
509 1807 610 1866 πᾶσαν
644 1803 754 1887 σχεδον
784 1803 863 1864 κινεῖ
889 1803 1068 1887 κατάληψιν,
1098 1805 1149 1867 καί
1171 1806 1262 1890 ρίνον

155 1913 316 1996 ἐξαιρέτως
336 1911 524 1974 καθάπτεται
544 1917 603 1974 τῶν
629 1911 814 1993 αἰσθήσεων.
852 1905 904 1973 Ἐν
928 1911 963 1972 δὲ
986 1915 1049 1980 τοῖς
1069 1909 1187 1976 Κανώσι
1207 1914 1262 1979 iio

155 2021 244 2106 ριγσὶν
271 2019 349 2082 εἶναι
371 2021 508 2101 γνώσεις,
530 2021 583 2102 τὴν
610 2021 663 2103 μὲν
689 2017 740 2080 διὰ
768 2021 827 2080 τῶν
856 2017 1042 2102 αἰσθήσεων,
1072 2019 1125 2103 τὴν
1157 2020 1193 2084 δὲ
1213 2021 1264 2084 διὰ

153 2133 205 2211 τῆς
232 2127 382 2197 διανοίας·
413 2128 454 2189 ὧν
487 2127 540 2211 τὴν
564 2127 618 2210 μὲν
647 2126 696 2190 διὰ
718 2128 771 2208 τῆς
793 2125 929 2194 διανοίας
949 2126 1109 2210 γνησίιγν
1128 2129 1263 2211 κατάγει,

154 2239 395 2322 προσμαρτυρῶν
418 2231 498 2320 αὐτῇ
517 2236 551 2299 τὸ
570 2236 674 2298 πιστὸν
699 2233 742 2302 εἰς
762 2232 911 2317 ἀληθείας
933 2233 1043 2318 κρίσιν·
1072 2235 1125 2320 rip
1153 2235 1187 2298 δὲ
1212 2235 1263 2300 διὰ

28 2505 32 2534 ,
152 2465 227 2519 suut
245 2453 410 2519 indiuidua
431 2463 462 2518 et
481 2457 585 2519 ιἰιαιιε.
622 2457 660 2518 Iu
673 2451 779 2517 Libris
793 2451 965 2542 probationi
985 2455 1099 2532 itislem,
1123 2457 1264 2536 quumvis

147 2566 318 2646 pollicitus,
343 2583 374 2625 se
400 2563 535 2626 semibus
560 2565 623 2626 ινιίιι
649 2563 889 2626 conciliaturum
909 2562 1068 2643 fidemque
1078 2562 1262 2644 saeuorum,

151 2673 355 2734 utissiomsuus
372 2673 532 2734 iuvenitur
550 2692 598 2734 eos
617 2671 828 2734 condemnare.
869 2669 921 2732 Ais
943 2669 1035 2732 enim:
1060 2671 1123 2732 Nos
1142 2689 1176 2730 re
1195 2673 1264 2750 s'psa

151 2781 274 2860 quidem
294 2779 378 2840 nz'oil
396 2781 464 2842 ueri
477 2781 690 2861 intelligimus,
701 2781 755 2841 sed
774 2779 809 2840 id
829 2785 953 2840 tanum
966 2777 1165 2857 percepimus,
1183 2777 1267 2856 quod

28 2917 29 2924 ι
150 2895 296 2950 ικαίαίιιν
317 2905 379 2966 pro
403 2889 550 2966 positura
577 2890 712 2970 corporis
736 2905 899 2966 eorumqsu
919 2905 997 2963 quoe
1016 2883 1102 2946 uois&
1120 2885 1266 2946 sisuiiuut

150 3003 183 3056 et
198 2993 357 3058 obsistunt.
387 2995 426 3058 Et
445 2994 516 3058 alibi
534 2996 590 3058 ait:
611 2998 674 3060 Ii'os
693 3015 762 3057 uere
783 2996 903 3074 quidem
924 2992 1025 3072 qualis
1044 2994 1085 3054 sit
1104 3013 1263 3072 unaqueu-

152 3125 209 3182 qsu
232 3123 291 3180 res,
311 3103 362 3165 oei
379 3123 444 3166 uon
465 3105 516 3179 sit,
536 3125 731 3184 nequaquem
753 3105 934 3182 intelligere,
955 3101 1105 3181 plurimis
1124 3102 1198 3162 lons
1220 3107 1265 3162 est

153 3211 355 3274 declaratum.
402 3213 437 3272 111
456 3211 536 3273 libro
556 3219 655 3275 eutem
675 3215 712 3276 de
732 3211 911 3292 imaginibus
930 3209 987 3270 oit:
1017 3209 1145 3288 Oportet
1165 3207 1262 3269 iomi-

151 3337 221 3378 ucm
244 3317 304 3380 Ιιιισ
325 3317 437 3397 regula
462 3321 557 3396 seue,
578 3340 609 3380 se
634 3340 745 3382 assero
767 3322 858 3402 louge
884 3317 988 3381 obesse.
1036 3316 1075 3378 Et
1095 3315 1156 3376 aiio
1174 3315 1263 3377 loco:

154 3425 297 3487 Ostendit
316 3427 436 3505 quidem
460 3425 534 3488 hoec
556 3447 674 3508 quoque
692 3431 784 3504 ratio,
806 3429 843 3490 dc
863 3429 955 3489 nullu
969 3445 1004 3485 rc
1022 3423 1189 3504 quidquam
1209 3443 1264 3485 uos

152 3551 222 3594 vere
241 3535 327 3610 scire
345 3533 399 3594 sed
418 3553 478 3596 esse
503 3536 636 3615 coagulo
664 3539 846 3616 opiuimsem,
861 3542 963 3615 prout
980 3551 1126 3613 qsumquc
1143 3551 1191 3592 res
1211 3552 1264 3592 cu-

153 3641 304 3700 triusecus
320 3641 420 3702 allata
442 3641 593 3722 offecerit.
623 3644 663 3706 Et
685 3644 745 3706 elio
768 3645 857 3707 etiam
874 3643 963 3704 loco:
988 3643 1183 3720 Quamquam
1204 3641 1268 3700 mi

153 3746 284 3822 cnidum,
303 3745 429 3808 dubium
458 3771 525 3827 esse,
554 3771 640 3828 uum,
669 3753 760 3833 quale
786 3753 829 3812 sit
853 3748 1093 3827 unumquidque,
1123 3749 1264 3808 sciamus.

152 3852 254 3936 Atque
274 3855 305 3916 in
335 3855 381 3919 his
410 3857 530 3939 quidem
552 3879 672 3920 omnem
702 3861 765 3922 iere
783 3859 881 3936 rejicit
899 3853 1206 3935 comprehensionem,
1229 3852 1265 3914 li-

155 3971 203 4024 eet
223 3963 316 4025 modo
341 3983 447 4027 sensus
472 3966 638 4046 praecipue
661 3973 751 4029 testes
771 3965 917 4028 adhibeat.
966 3964 1000 4025 ln
1019 3960 1142 4040 Regniis
1164 3967 1264 4022 nutem

155 4067 228 4132 duas
259 4071 397 4150 perhibet
427 4093 494 4136 esse
524 4073 728 4154 cognitiones,
760 4073 883 4134 aiteram
910 4089 1111 4154 persensus,
1141 4069 1263 4131 nites-om

155 4194 209 4252 per
231 4178 458 4259 cogitationem:
487 4201 524 4244 cx
553 4183 662 4264 quibus
695 4181 898 4262 cognitionem
928 4203 1005 4264 qnae
1031 4197 1087 4262 per
1108 4177 1265 4258 cogitatio-
