2984 4876
29 850 37 1300 l

29 1337 32 1380 l

29 1415 30 1461 l

29 1748 33 1803 l

32 2194 35 2291 l

31 2302 35 2395 l

32 2474 34 2561 l

344 306 429 363 Liber
447 308 497 368 lll.
530 309 681 366 Democriti
701 327 811 384 opernm
827 312 990 386 ragnoara.
1158 313 1222 381 169

116 472 285 557 θωυμάζων
315 471 386 543 τούς
412 471 540 560 ἔχοντας
567 476 619 540 καὶ
653 476 916 561 μακαριζομίνους
940 480 998 545 ὑπὸ
1029 485 1089 547 τῶν
1115 479 1218 548 ἄλλων

116 579 292 664 ἀνθρώπων,
304 582 355 646 καὶ
375 580 415 667 τῇ
435 583 539 667 μνήμη
559 587 659 648 πᾶσαν
679 585 763 668 ὥρην
783 585 1005 670 προςεδρεύων,
1028 589 1088 654 αἰεὶ
1106 588 1219 656 ἐπικαι-

114 686 262 772 νουργέειν
291 687 493 774 ἀναγκάζεται
518 690 570 754 καί
592 689 821 776 ἐπιβάλλεσθαι,
848 690 889 754 δι’
923 693 1084 781 ἐπιθυμίην
1108 701 1163 761 τοῦ
1190 721 1218 761 τι

114 795 254 878 πρήσσειν
286 794 453 881 ἀνήκεστον
482 796 499 860 θ
524 795 613 882 νόμοι
634 797 799 862 κωλύουσι.
844 798 958 886 Διόπερ
977 801 1014 866 τό
1035 805 1089 888 μὲν
1112 807 1153 889 μὴ
1177 806 1217 869 θί·

114 900 221 983 ζησθαι
241 907 356 989 χρεών,
377 904 427 969 ἐπὶ
453 909 533 969 τοῖσι
551 905 586 968 δὲ
615 902 826 989 εύθυμέεσθαι
845 909 957 992 χρεών,
979 911 1217 996 παραβάλλοντα

112 1008 157 1071 τόν
188 1011 310 1076 ἑωυτοῦ
340 1013 405 1099 βίον
432 1013 509 1098 πρός
537 1012 588 1076 τόν
620 1015 680 1076 τῶν
709 1011 899 1098 φαυλότερον
925 1015 1138 1101 πρησσόντων,
1166 1021 1217 1084 καὶ

112 1117 282 1204 μακαρίζειν
312 1118 445 1199 έωυτόν,
472 1118 698 1205 ἐνθυμεύμενον
727 1118 764 1183 τό
792 1121 961 1206 πάσχουσι,
991 1122 1072 1194 όκως
1098 1123 1216 1190 αὐτέων

112 1225 225 1309 βέλτιον
246 1227 369 1312 πρήσοη
392 1229 495 1292 τεκαὶ
520 1228 621 1310 διάγη.
665 1223 785 1310 Ταύτης
810 1226 867 1310 γὰρ
893 1227 1042 1314 ἐχόμενος
1067 1235 1120 1316 τῆς
1141 1235 1215 1316 γνόι-

112 1355 165 1414 μης
185 1331 395 1420 εύθυμότερόν
423 1357 457 1398 τε
481 1334 599 1413 διάξεις,
626 1333 678 1398 καὶ
708 1333 765 1397 οὐκ
795 1333 899 1416 ὀλίγας
922 1341 1017 1422 κῆρας
1038 1337 1070 1402 ἐν
1091 1337 1138 1428 aqi
1158 1341 1216 1428 βίιρ

30 1463 31 1472 ’
112 1439 243 1520 desinent,
266 1441 382 1528 φθόνον
401 1443 453 1507 καλ
474 1444 566 1526 ζῆλον
588 1441 640 1506 καί
659 1441 832 1526 θυσμενίην.
874 1445 959 1509 Stob.
978 1446 1062 1511 Flor.
1084 1451 1107 1542 1,
1130 1451 1180 1512 tu.

188 1579 239 1640 dl.
284 1571 327 1636 ‘H
360 1577 415 1637 τοῦ
443 1573 573 1644 πλέονος
604 1571 748 1656 ἐπιθυμίη
780 1573 815 1638 τό
847 1576 961 1658 παρεὸν
995 1575 1217 1666 ἀπόλλυσητῇ

111 1681 247 1768 Αίσωπίη
270 1680 336 1746 κυνὶ
359 1679 443 1765 ἰκέλη
470 1680 625 1766 γινομένη.
668 1682 754 1746 Stob.
775 1683 802 1746 F
802 1683 859 1746 lor.
879 1684 922 1762 X,
944 1685 994 1748 69.

186 1816 237 1878 22.
282 1809 353 1878 Τῶν
373 1813 408 1877 τό
433 1809 542 1896 σκῆνυς
571 1807 689 1896 χρῄζει,
712 1813 788 1873 πᾶσι
809 1813 935 1898 πάρεστι
958 1813 1120 1898 εὐμαρέως
1144 1813 1216 1900 όίτερ

112 1919 226 2007 μόχθου
254 1920 308 1984 καὶ
334 1921 558 2005 ταλαιπωρίης·
594 1916 692 1982 όκόσα
715 1919 750 1981 δὲ
778 1918 899 2005 μόχθου
927 1923 977 1984 καί
1011 1923 1219 2007 ταλαιπωρίης

112 2029 212 2113 χρῄζει
233 2027 288 2094 καὶ
310 2029 375 2114 βίον
405 2027 535 2111 ἀλγύνει,
556 2026 672 2090 τούτων
696 2025 752 2089 oda
774 2025 921 2110 ἱμείρεται
945 2030 979 2091 τό
1005 2033 1121 2114 σκηνος,
1144 2028 1214 2092 ἀλλ’

110 2135 194 2221 {prio
214 2138 342 2221 γνώμης
361 2133 526 2221 κακοφυίη.
568 2134 654 2198 Stob.
676 2133 760 2198 Flor.
780 2133 824 2212 X,
848 2137 898 2199 όό.

32 2410 33 2420 ¹
113 2369 225 2450 aoeidm,
247 2376 285 2432 nt
305 2370 405 2432 animo
427 2365 619 2432 exorueieris
662 2366 741 2429 Nem
761 2367 813 2448 qui
835 2367 962 2448 suspicit
984 2388 1046 2448 eos,
1068 2369 1119 2451 qui
1140 2388 1217 2450 opes

113 2475 211 2543 labent
236 2477 346 2562 etqui
371 2477 451 2541 beati
479 2473 685 2538 existimantur
709 2475 747 2538 eb
773 2474 840 2539 aliis
863 2476 1034 2540 hominibus
1062 2475 1149 2556 eique
1170 2495 1218 2539 re-

32 2638 33 2655 ,
114 2586 273 2650 cordationi
288 2583 416 2667 singulis
436 2585 520 2648 horis
544 2583 728 2661 immoratur,
752 2602 873 2664 semper
893 2584 966 2646 novi
984 2583 1098 2667 aliquid
1116 2581 1217 2645 moliri

32 2746 34 2786 γ
113 2699 139 2756 et
153 2695 275 2778 aggredi
295 2693 415 2774 cogitur
429 2699 558 2775 propter
575 2690 769 2772 cupiditatem
785 2691 923 2773 patrandi
938 2689 1049 2774 aliquid
1070 2690 1218 2752 nefarium
1303 2763 1305 2768 Ι

114 2804 185 2880 quod
203 2803 325 2885 legibus
345 2800 536 2864 interdictum
557 2799 605 2864 sit
651 2803 847 2881 Quapropter
876 2818 969 2862 unum
998 2816 1147 2882 quemque
1167 2798 1219 2860 de-

115 2914 156 2971 eet
171 2910 228 2972 alia
248 2911 283 2990 (i.
307 2929 334 2971 e.
355 2909 467 2988 aliena)
489 2926 551 2970 non
573 2911 726 2988 appetere,
749 2905 816 2969 aliis
842 2906 874 2985 (i
898 2924 923 2968 e.
949 2905 1027 2986 suis)
1047 2911 1148 2969 autem
1168 2925 1218 2967 ao·

115 3015 273 3094 quiescere,
304 3023 530 3094 comparantem
559 3034 644 3078 suam
673 3012 769 3093 ipsius
798 3015 890 3076 vitam
916 3033 986 3076 eum
1019 3031 1127 3076 eorum
1147 3013 1218 3089 vita,

116 3123 159 3201 qui
178 3123 329 3187 deteriore
348 3129 418 3184 suut
445 3122 633 3200 conditione,
656 3128 747 3184 etse
768 3119 868 3200 ipsum
889 3121 1012 3184 beatum
1032 3121 1218 3202 praedicere,

116 3235 291 3308 reputantem
310 3249 421 3305 secum,
450 3248 528 3309 quae
548 3228 593 3291 illi
612 3229 829 3310 perpetiantur,
859 3236 893 3292 ut
914 3228 1041 3291 meliore
1056 3249 1147 3312 quam
1169 3229 1218 3296 isti

116 3343 187 3398 sorte
207 3345 238 3400 et
258 3337 321 3400 vita
342 3336 469 3400 fruatur.
513 3339 598 3399 llano
626 3336 706 3400 enim
730 3336 888 3418 amplexus
916 3336 1093 3400 seutentiam
1111 3338 1218 3402 laetius

31 3479 33 3490 .
117 3447 141 3502 et
161 3443 349 3528 tranquillius
371 3445 463 3523 vives,
482 3465 582 3529 neque
601 3464 714 3526 paucas
731 3445 811 3507 vitae
830 3445 1006 3526 (humanae)
1025 3452 1126 3524 pestes
1147 3465 1219 3526 pro·

117 3549 248 3630 pulsabis,
270 3551 422 3632 invidiam,
445 3553 685 3630 aemulationem,
705 3553 816 3616 odium.

189 3685 238 3746 ut.
282 3683 404 3764 Cupido
426 3683 516 3764 plura
542 3683 730 3766 adipiscendi
757 3682 892 3767 Aesopei
913 3685 997 3749 oanis
1019 3684 1114 3746 instar
1131 3701 1219 3763 prae·

117 3787 200 3848 εειιιίι
222 3790 337 3852 amittit.

191 3921 240 3984 22.
284 3928 425 4006 Quorum
446 3941 559 4004 eorpus
579 3923 700 4005 indiget,
726 3942 762 3987 ea
784 3924 872 3986 facile
892 3923 1033 3986 omnibus
1055 3922 1219 3985 obveniunt

121 4023 175 4086 aine
195 4027 300 4094 labore
317 4037 348 4094 et
365 4050 523 4094 aerumna:
546 4051 742 4116 quaecuuque
756 4051 830 4095 vero
846 4030 984 4094 laborem
1005 4036 1035 4091 et
1046 4049 1219 4092 aerumnam

120 4127 239 4213 Quot
260 4139 411 4221 vitemque
433 4139 548 4202 tristem
570 4139 700 4203 reddunt
721 4145 751 4202 et
771 4139 934 4218 insuavem,
965 4159 1001 4202 ea
1020 4155 1082 4202 non
1104 4157 1219 4219 eorpus

121 4236 268 4325 desiderat,
292 4246 347 4310 sed
367 4245 479 4328 ingenii
503 4252 533 4309 et
552 4247 702 4330 opinionis
722 4246 912 4330 perversitas.
