2938 4864
295 318 381 374 Liber
399 315 448 372 lll.
481 315 551 374 Arlr.
569 317 604 373 arl
625 317 703 373 Dan.
721 335 764 390 op.
784 319 879 392 lragrn.
1101 321 1166 390 323

41 487 174 549 mentio.
217 485 421 550 Posteriorem
450 485 579 567 denique
598 487 733 565 jejonnm
755 495 845 550 vocnt
870 495 900 551 et
921 491 1097 557 Democrito
1118 496 1164 558 in-

41 595 186 678 dignam,
212 615 289 678 qnae
308 595 408 657 omnia
428 612 618 678 nequaquem
639 593 711 656 mibi
732 595 907 676 probantur.

134 707 205 767 247.
248 705 332 768 llenc
361 711 483 786 quoque
509 703 685 764 sententiam
710 703 811 784 inepte
837 705 1031 771 Burclrardus
1056 731 1161 775 corru-

40 821 130 895 ptam
153 832 221 876 esse
243 812 385 894 opinatur
405 833 422 874 e
444 811 529 875 Stob.
551 809 637 872 Flor.
657 811 768 889 XLVI,
785 811 839 874 78:
862 805 1009 884 Κάτωνος
1029 819 1158 904 πρεσβυ.

40 921 150 1006 re'pou.
196 917 347 984 Koimorcu
378 916 466 1001 ἔλεγε
493 919 543 981 ebe
573 917 708 1004 ἄρχοντα
734 915 812 980 εἶναι
839 919 889 982 τδν
916 918 1022 1007 ἄρχειν
1044 923 1158 992 ἑαυτοῦ

42 1029 88 1115 μὴ
114 1030 295 1113 δυνάμενον,
314 1029 444 1112 ideoque
464 1045 527 1090 non
550 1045 617 1090 esse
641 1027 864 1090 Democriteum
885 1029 1021 1096 alerent

132 1141 204 1203 ele.
247 1136 443 1200 Burclrardus
474 1135 505 1196 in
533 1134 579 1198 bis
605 1133 706 1198 verbis
732 1137 869 1216 corrupti
896 1139 1006 1200 senarii
1032 1141 1159 1224 vestigia

36 1245 281 1328 ,deprehendisse
302 1245 359 1308 sibi
380 1245 462 1308 visus
484 1245 680 1324 fragmentum
700 1244 759 1306 boc
779 1263 796 1307 e
818 1245 1082 1310 Democriteorum
1104 1269 1159 1313 nu-

42 1375 132 1420 mero
158 1353 312 1436 expunxit.
356 1353 448 1436 Quod
466 1370 528 1414 non
550 1353 686 1414 tacturus
706 1359 778 1429 erat,
800 1351 826 1414 si
845 1353 1037 1432 meminisset,
1059 1375 1092 1418 se
1114 1357 1159 1420 in-

44 1473 93 1527 ter
137 1460 300 1528 sententias
344 1459 686 1524 Pseudodemocratioas
730 1459 988 1542 quadragesimam
1029 1483 1156 1528 nonam:

38 1569 211 1655 ‘Apnprirpe
234 1569 312 1652 αἰτίη
334 1567 354 1652 ἡ
377 1567 495 1652 ἀμαδίη
518 1571 572 1630 τοῦ
590 1563 810 1649 episcorum
834 1590 893 1651 qun
914 1577 943 1633 et
962 1571 1028 1652 ipsa
1047 1573 1157 1635 senarii

46 1679 188 1763 reliquias
217 1678 340 1742 odorari
366 1677 473 1760 uliquis
500 1675 614 1757 possit,
644 1693 818 1754 germanum
847 1680 1014 1742 Democriti
1044 1681 1157 1744 dictum

40 1789 204 1870 judicasse.
255 1781 378 1870 Quippe
401 1792 432 1847 et
458 1783 567 1864 integri
590 1801 697 1846 versus
720 1791 750 1846 et
770 1803 913 1850 versuum
932 1795 1034 1868 partes
1060 1789 1155 1850 omni-

45 1897 103 1960 bus
125 1895 241 1958 solutce
261 1893 406 1956 orationis
428 1889 629 1973 scriptoribus
651 1891 801 1955 interdum
822 1894 906 1957 aliud
923 1895 1081 1977 egentibus
1104 1917 1155 1959 ex·

45 2006 191 2070 ciderunt.
235 2001 327 2084 Quod
348 1999 496 2083 reliquum
518 2005 573 2078 est,
602 2019 671 2063 cum
692 2000 768 2064 con
787 2001 879 2066 Pelat.
899 1999 1039 2088 ioppipp
1061 2005 1156 2070 edidi-

43 2133 112 2177 mus
132 2130 190 2193 pro
212 2105 365 2193 συμφέρῃ.

129 2220 198 2281 249.
242 2216 416 2280 llolsteuius
439 2223 535 2279 notet:
563 2217 711 2298 „Egregie
733 2215 871 2280 Plotinus
891 2218 1024 2281 Enuend.
1043 2219 1083 2283 lll
1101 2221 1152 2286 lib.

41 2330 70 2393 ll
92 2347 156 2409 cap.
181 2329 228 2389 15.
279 2327 422 2387 Ceterum
448 2323 585 2406 πάροδος
610 2343 672 2386 vox
701 2343 719 2386 e
743 2324 860 2388 theatro
887 2329 918 2386 et
943 2325 1041 2388 medie
1062 2345 1154 2391 scena

42 2437 150 2520 petita3
178 2441 283 2516 estque
313 2431 428 2514 primus
456 2431 543 2494 ebori
575 2431 729 2512 ingressus
765 2431 796 2493 in
826 2452 947 2496 scenam
976 2433 1152 2518 primusque

42 2549 178 2608 ostentus
196 2548 272 2604 teste
293 2540 420 2604 Polluce
443 2539 508 2620 (lib.
527 2539 571 2602 lv
593 2535 622 2624 §-
645 2539 685 2602 33
708 2547 738 2602 et
757 2542 831 2620 118)
854 2546 885 2603 et
903 2541 1151 2623 Hephaestione.”

42 2659 144 2736 Quare
175 2649 266 2712 verbo
302 2647 319 2710 δ
353 2647 418 2733 βίος
451 2646 587 2732 πάροδος
616 2649 692 2710 verti
722 2653 867 2730 possunt:
905 2651 972 2712 uita
998 2651 1151 2730 procern'o

39 2765 77 2824 in
99 2777 228 2822 scenam.
271 2757 335 2820 Sed
354 2775 392 2818 ne
411 2755 458 2819 bis
482 2763 648 2837 poneretur
667 2775 776 2819 scenae
796 2755 986 2835 vocabulum,
1008 2757 1039 2818 in
1062 2757 1151 2820 inter·

39 2865 208 2952 pretatione
239 2883 305 2927 eam
334 2863 435 2946 graeci
467 2863 598 2926 nominis
631 2863 729 2928 secuti
756 2881 860 2926 sumus
892 2863 1149 2946 significationem,

39 2995 118 3060 qrrae
139 2993 200 3036 non
221 2971 320 3034 nrirrns
343 2971 469 3053 quadret
495 2993 584 3054 quam
613 2971 714 3035 sltera.
752 2972 947 3034 Bnrcbardus
968 2971 1017 3050 eit,
1037 2975 1150 3035 Demo-

38 3083 148 3148 critum
178 3081 268 3158 hujus
300 3078 561 3160 apophthegmatis
595 3099 657 3142 non
692 3097 759 3141 esse
798 3087 967 3155 auctorem,
1008 3079 1149 3160 quoniam

38 3189 176 3274 quamvis
194 3187 295 3268 lepide
316 3186 438 3262 dixerit,
464 3186 601 3270 quisquis
628 3187 717 3264 dixit,
746 3193 845 3249 tamen
869 3185 984 3250 edulii
1010 3187 1148 3250 Caesaris

36 3297 139 3361 verbis
157 3295 217 3357 illis
240 3295 318 3372 veni,
340 3293 415 3370 nidi,
435 3297 500 3357 ciri
521 3301 673 3358 mutuatus
695 3295 742 3358 sit
793 3293 866 3357 Non
891 3297 1060 3377 refragarer
1081 3295 1147 3359 viro

36 3403 228 3481 doctissimo,
253 3402 311 3465 nisi
337 3401 455 3478 scirem,
483 3403 578 3466 cuivis
605 3409 673 3466 ante
703 3405 864 3466 Caesarem
887 3405 1012 3468 eandem
1030 3411 1146 3468 sentcn-

34 3517 117 3591 tinm,
138 3512 315 3593 praesertim
344 3510 373 3571 in
402 3529 503 3572 rerum
523 3511 719 3575 bumanorum
742 3532 809 3575 cum
831 3511 905 3574 ludo
923 3514 1045 3576 scenico
1066 3533 1147 3576 com-

34 3621 203 3706 paratione,
227 3619 257 3680 in
284 3623 413 3682 mentem
443 3617 545 3680 venire
572 3619 716 3700 potuisse.
768 3619 951 3705 Caeteroqni
977 3641 1035 3704 pro
1065 3622 1145 3702 vulg.

35 3731 110 3808 ἴδες,
135 3727 217 3810 quod
238 3726 371 3788 Orellius
401 3733 432 3788 et
456 3727 652 3791 Burclnrdus
679 3735 814 3807 tuentur,
849 3750 919 3792 cunr
949 3729 1025 3794 Cod.
1054 3729 1145 3792 Pelat

33 3835 213 3918 scripsimus
240 3831 328 3901 εἶδες.
376 3833 456 3896 Nom
488 3831 552 3896 ἴδον
580 3855 638 3915 pro
664 3833 746 3898 εἶδον
770 3837 851 3918 apud
873 3838 1038 3918 llomerum
1059 3836 1146 3900 metri

33 3943 260 4009 excusationem
291 3943 388 4018 babet,
420 3941 500 4022 apud
533 3941 609 4006 alios
639 3943 832 4009 librariorum
864 3947 1031 4030 scriptume
1063 3963 1146 4006 men·

32 4055 185 4117 domest.

120 4161 191 4224 250.
235 4159 418 4222 lllutnvimus
441 4161 494 4219 νοῦ
517 4159 547 4219 in
569 4156 653 4219 νόου.
695 4158 797 4240 Vulgo
818 4157 930 4240 legitur
948 4161 981 4224 rb
1005 4159 1064 4238 ciel,
1087 4179 1145 4242 pro

34 4288 96 4354 qno
115 4267 192 4332 God.
217 4267 308 4330 Pelet.
330 4265 419 4328 bobet
440 4263 473 4326 τδ
499 4264 559 4326 niel
580 4263 624 4327 τό.

863 4378 901 4438 ⁸21
924 4375 945 4418 δ’
