2956 4860
290 305 333 372 Ξ
615 305 810 370 Quaestionum
836 305 1078 363 Democritearum.

290 493 367 538 esse.
408 475 456 539 Ac
481 475 508 537 si
532 475 611 538 forte
631 479 702 554 post
729 473 803 537 illud
825 481 944 554 tempus
965 473 997 535 iu
1017 473 1081 535 dies
1102 491 1267 554 augescens
1289 471 1394 534 Socra·
1461 485 1462 520 1

290 583 330 644 tis
350 581 569 664 discipulorum
588 581 707 644 claritas
727 580 890 643 luminibus
916 582 982 660 ejus
1000 582 1083 662 apud
1100 581 1235 662 reliquos
1260 579 1394 643 Graecos

291 691 415 754 officere
437 691 547 772 coepit,
578 697 680 754 umen
707 708 775 751 eum
805 689 837 751 iu
860 688 959 769 patria
978 688 1054 752 urbe
1076 689 1221 769 integram
1241 688 1394 750 iHibatarn-

291 819 350 880 que
380 799 489 861 famam
520 819 605 862 suam
636 817 788 876 servasse,
821 795 993 860 testimonio
1021 795 1098 858 illud
1125 803 1184 874 est,
1210 795 1294 878 quod
1315 795 1395 857 Anti-
1462 873 1463 890 ἵ

290 908 412 968 sthenes
432 908 515 988 apud
532 909 701 988 Diogenem
713 903 766 987 ¹³)
793 905 956 968 memoriae
977 903 1120 986 prodidit,
1148 925 1218 968 eum
1242 926 1262 967 a
1281 903 1395 966 civibus

291 1015 355 1077 suis
384 1034 446 1077 nou
470 1014 570 1078 solum
590 1013 692 1076 vivum
725 1013 826 1076 aeneis
862 1013 967 1076 statuis
994 1013 1188 1090 honoratum,
1220 1013 1275 1074 sed
1310 1013 1395 1076 etiam

290 1131 443 1187 mortuum
460 1123 591 1204 publicis
616 1121 764 1185 sumtibus
784 1123 951 1184 lionoritiee
971 1121 1080 1184 elatum
1103 1139 1179 1184 esse.

374 1231 422 1293 Ex
442 1231 488 1294 his
508 1251 585 1314 quae
608 1231 825 1312 disputavimus
844 1229 982 1307 efficitur,
1010 1229 1169 1292 commoda
1190 1228 1306 1291 ratione
1328 1229 1398 1310 Hip·
1463 1245 1464 1256 ¹

290 1345 446 1420 poenatem
478 1339 556 1402 inter
582 1339 750 1402 Democriti
773 1337 927 1400 auditores
954 1337 1062 1400 reterri
1086 1355 1194 1417 posse,
1222 1358 1314 1419 quam
1337 1359 1396 1400 rem
1463 1371 1464 1382 κ

291 1446 425 1528 plurium
448 1447 640 1530 antiquorum
663 1447 841 1512 auctoritate
866 1446 935 1525 uiti,
971 1446 1164 1510 observatum
1183 1451 1237 1508 est
1276 1447 1397 1528 Quippe

292 1558 323 1615 et
343 1553 544 1634 Hippocrates
570 1553 651 1618 circa
672 1555 744 1618 belli
763 1555 978 1635 Peloponnesii
1002 1561 1139 1636 tempora
1158 1553 1258 1617 clarus
1279 1555 1345 1633 luit,
1368 1561 1396 1616 ut

291 1661 435 1738 vidimus,
467 1661 634 1744 eodemque
661 1683 723 1745 quc
752 1662 947 1725 Democritus
971 1681 1051 1726 auno
1087 1669 1174 1726 natus
1204 1667 1235 1724 et
1261 1669 1395 1724 mortuus

291 1786 359 1830 esse
379 1767 549 1849 fertur-²⁴).
594 1771 658 1834 Sed
684 1772 741 1834 etsi
769 1772 800 1836 iu
829 1771 1023 1851 Hippocratis
1045 1771 1191 1852 operibus
1217 1789 1281 1832 non
1306 1770 1396 1832 multa

290 1875 483 1955 reperiuntur
510 1897 587 1958 quae
620 1877 814 1960 philosophia
846 1879 997 1942 eruditum
1031 1880 1158 1943 deceant
1187 1883 1287 1940 umen
1316 1877 1396 1939 locu-

291 1981 357 2064 ples
377 1989 424 2046 est
450 1990 557 2047 auctor
580 1985 668 2049 Plato
700 1986 731 2048 in
756 1986 969 2070 Phaedro¹⁵),
995 1989 1169 2050 arbitratum
1193 2005 1261 2049 esse
1284 1987 1396 2066 Hippc

292 2096 404 2154 cratem
432 2091 581 2154 neminem
607 2093 638 2156 iu
665 2100 802 2158 trahirmn
828 2097 967 2178 eorporis
991 2097 1057 2158 siue
1083 2095 1241 2158 maiversac
1275 2101 1396 2156 naturae

292 2198 464 2278 cognitione
481 2207 564 2262 reete
586 2223 677 2283 posse
697 2203 856 2287 inquirere,
875 2225 972 2287 eoque
992 2206 1064 2268 loco
1087 2204 1212 2285 respicit
1231 2203 1396 2282 llippocra·

292 2305 330 2368 tis
349 2306 458 2370 librum
482 2309 530 2370 De
552 2317 658 2374 natura
684 2311 822 2387 hominis,
849 2319 883 2375 ut
902 2311 1099 2394 Galenus'⁶)
1121 2313 1152 2376 iu
1173 2311 1395 2375 Commentario

292 2415 434 2477 adhunc
468 2414 578 2479 librum
606 2419 737 2483 adnotat.
792 2421 870 2484 Vide
905 2421 1061 2484 Heindorf.
1094 2423 1133 2483 ad
1162 2421 1237 2484 Plat
1271 2422 1395 2483 Phaedr.

291 2543 322 2603 p.
341 2523 403 2586 352
425 2523 472 2586 ed.
492 2525 613 2603 Buten„
641 2525 695 2589 ubi
723 2527 887 2591 afferuntur
914 2529 1022 2591 Galeni
1046 2529 1138 2590 verba
1165 2527 1276 2592 affatim
1300 2528 1397 2590 decla·
1466 2533 1467 2552 t

290 2632 395 2710 rantia,
423 2641 484 2714 qdo
509 2635 602 2696 modo
623 2635 824 2715 Hippocrates
844 2637 1055 2699 inscribendo
1079 2637 1139 2700 hcc
1157 2636 1237 2699 libra
1262 2643 1398 2698 versatus
1466 2657 1467 2696 2

291 2738 338 2800 sit
383 2743 485 2821 Quare
507 2741 634 2804 tortasse
658 2761 721 2805 non
750 2749 797 2806 est
827 2743 992 2807 absurdum
1019 2752 1136 2827 putare,
1163 2744 1294 2826 aliquem
1324 2745 1399 2806 inter
1466 2761 1467 2764 ¹

290 2845 373 2908 illius
396 2847 463 2908 aevi
487 2847 687 2929 philosophos
717 2850 755 2912 ab
782 2850 968 2931 Hippocrate
997 2873 1065 2916 esse
1090 2853 1235 2928 auditum,
1272 2859 1304 2914 et
1326 2873 1396 2934 quo

290 2951 371 3014 niam
388 2960 510 3030 praeter
521 2956 729 3019 Democritum
745 2959 895 3022 neminem
914 2961 1069 3024 nominant
1090 2967 1208 3024 veteres
1229 2959 1295 3038 ejus
1314 2979 1398 3039 prae

291 3061 454 3137 captorem,
483 3062 562 3126 hand
591 3064 657 3127 scic
688 3083 726 3127 an
752 3067 896 3131 credibile
926 3069 980 3146 sit,
1004 3088 1073 3130 eum
1099 3067 1269 3148 Democriti
1305 3067 1398 3129 ruisse

291 3165 480 3248 discipulum.
522 3171 630 3254 Neque
658 3173 822 3257 aequalitas
849 3175 963 3254 obstat,
993 3197 1087 3260 quum
1109 3196 1172 3239 non
1197 3194 1319 3257 semper
1339 3195 1399 3236 ma-

289 3272 375 3354 gistri
397 3275 552 3356 discipulis
570 3287 643 3342 natu
661 3284 791 3362 majores
813 3283 881 3348 sint.

373 3380 416 3442 at
434 3383 556 3462 oineiat
582 3387 655 3450 mihi
683 3390 792 3473 aliquis
816 3413 885 3454 eum
910 3391 1051 3470 Corsico,
1073 3392 1215 3476 quoniam
1237 3411 1277 3453 ex
1296 3399 1400 3454 nostra

290 3489 503 3570 supputatione
529 3494 710 3578 Protagoras
717 3499 887 3562 Democriti
906 3499 1073 3582 discipulus
1094 3519 1244 3563 essenon
1266 3499 1399 3580 potnerit

290 3595 360 3661 idco
379 3615 445 3660 eam
469 3607 641 3684 suspectam
667 3613 720 3670 aut
738 3607 862 3673 omnino
887 3609 992 3673 falsam
1013 3609 1108 3676 reddi.
1158 3609 1209 3671 Ad
1224 3608 1285 3672 hoc
1302 3607 1399 3670 habeo

361 3897 401 3962 ¹³)
420 3895 590 3952 Antisthenes
608 3899 681 3964 apud
700 3901 773 3968 Diog.
793 3903 879 3955 Laert.
898 3902 941 3956 tib.
961 3905 1002 3968 lh,
1023 3901 1064 3956 39.

360 3999 400 4063 ²⁴)
426 3999 524 4051 Suidae
546 3999 632 4052 verba
657 3997 788 4070 daedaleis
814 3999 862 4073 γὰρ
885 3999 963 4056 ababa
989 4003 1048 4057 utcu
1071 4001 1200 4076 mprobis-q
1228 4007 1400 4058 mendacium

290 4079 436 4142 continere,
462 4081 488 4132 tn
505 4083 614 4144 promtu
633 4085 682 4132 est

360 4171 399 4236 ³⁵)
419 4171 492 4223 Plato
515 4173 541 4222 in
560 4173 681 4225 Phaedro
699 4187 759 4238 pag.
775 4171 827 4224 270
846 4174 935 4238 steph.

360 4263 400 4327 ²⁶)
419 4263 533 4316 Galenus
554 4265 656 4317 comm.
671 4267 699 4317 tu
716 4265 787 4317 huuc
806 4265 849 4316 tib.
870 4267 880 4316 1
901 4267 942 4319 ed
965 4267 1023 4320 Das.
1043 4271 1071 4322 T.
1089 4271 1119 4322 V.
1137 4283 1163 4334 p.
1180 4263 1199 4320 2
1218 4273 1246 4322 et
1268 4266 1307 4324 16.
