2892 4872
251 277 295 344 ὣ
580 275 778 340 Quaestione·
804 271 1037 328 Dameritcarnar

254 441 415 508 dubitasse.
459 445 561 526 Quare
581 449 688 504 auctor
707 440 786 502 vitae
805 435 999 519 Hippocratis
1019 455 1097 520 quae
1119 433 1198 498 sord
1218 427 1350 516 Σωρανόν

256 550 402 631 irascripta
425 550 546 632 est⁵¹),
579 549 625 612 sic
650 548 706 612 ait:
730 543 910 630 παρεκλήθη
942 543 978 607 δὲ
1003 545 1035 626 (i
1059 541 1276 628 Ἱπποκράτης)
1301 537 1351 602 iad

256 661 316 722 τῶν
335 655 525 744 Ἀβδηριτῶν
550 656 626 740 πρὸς
654 653 766 725 αὐτοὺς
786 653 932 718 ἀπελθεῖν
961 653 1013 716 καὶ
1032 651 1223 737 Δημόκριτον
1248 649 1298 732 plv
1312 649 1355 718 ,ὡς

259 764 291 827 ἐν
319 766 410 850 μανίᾳ
438 766 637 850 θεραπεῦσαι,
668 761 820 847 ῥύσασθαι
845 760 881 824 δὲ
902 763 1013 846 λοιμοῦ
1031 761 1084 844 τὴν
1105 759 1194 824 πόλιν
1215 759 1299 840 ὅλη-νς
1331 763 1356 816 et

259 874 406 938 Boethius
430 875 483 940 lib.
504 877 518 938 l
549 893 615 953 cap.
641 877 657 936 1
680 873 719 934 de
741 870 874 936 musica:
909 872 949 934 Ut
968 889 1037 934 sesa
1059 871 1202 951 corporis
1223 867 1307 930 habet
1321 865 1357 925 ai-

261 983 369 1060 lectus,
390 982 433 1047 ita
452 983 541 1046 etiam
560 981 669 1062 pulsus
692 981 794 1043 cordis
813 980 944 1044 motibus
963 979 1120 1042 incitatur:
1155 975 1239 1060 quod
1256 973 1359 1036 scilicet

262 1091 455 1156 Democritus
486 1089 666 1172 Hippocrati
698 1088 818 1152 medico
848 1086 1008 1150 tradidisse
1033 1088 1147 1163 lertur,
1182 1103 1272 1168 quum
1301 1101 1359 1144 cnm

263 1198 350 1280 quasi
370 1199 507 1264 insanum
530 1198 647 1262 cunctis
667 1195 835 1260 Democriti
865 1193 982 1259 civibus
1002 1194 1034 1256 id
1055 1193 1250 1276 opinantibus
1271 1191 1360 1254 incu-

263 1306 362 1369 stodia
390 1308 530 1371 medendi
558 1327 650 1370 causa
672 1307 822 1369 inviseret

346 1413 456 1498 Neque
472 1423 571 1480 minen
589 1418 664 1480 haec
677 1415 778 1479 omnia
788 1435 808 1477 a
819 1433 868 1476 me
885 1431 923 1478 eo
938 1409 1066 1476 consilio
1084 1411 1239 1492 disputata
1251 1411 1323 1482 sunt,
1335 1410 1362 1466 ut

265 1519 358 1582 Corn.
384 1521 466 1586 Celsi
493 1524 681 1608 aliorumque
708 1529 844 1586 veterum
867 1520 1054 1602 opinionem,
1082 1518 1137 1601 qui
1163 1518 1363 1598 Hippocraten

266 1624 344 1688 inter
366 1630 533 1696 Democriti
567 1631 735 1712 discipulos
763 1633 966 1704 numerarunt,
995 1625 1100 1690 salsam
1124 1645 1195 1689 esse
1219 1624 1364 1686 vincerem

267 1734 390 1816 Quippe
417 1738 490 1802 nihil
513 1747 694 1820 pervagatae
721 1738 793 1802 hnic
817 1739 913 1800 lamae
938 1737 1060 1800 obstare
1088 1735 1152 1812 jam
1172 1733 1260 1796 tertio
1280 1729 1364 1809 capite

268 1841 435 1908 docuimus
469 1849 564 1910 lmmo
588 1847 715 1910 sirecte
734 1846 921 1926 conjicimus,
942 1865 1033 1928 quum
1043 1843 1261 1908 Athenodorus
1280 1861 1298 1902 a
1315 1855 1365 1899 ma-

262 1947 383 2026 joribus
403 1955 579 2035 accepisset,
598 1957 816 2037 Hippocratem
837 1953 1020 2038 aliquamdiu
1039 1951 1211 2016 Democriti
1226 1945 1365 2028 disciplina

269 2075 357 2120 usum
381 2081 510 2145 eumque
532 2071 660 2146 propter
680 2063 864 2144 siugmarem
893 2081 995 2124 rerum
1022 2062 1205 2123 naturalium
1236 2054 1365 2138 cognitio

268 2181 338 2228 nem
357 2165 533 2234 admiratum
557 2191 633 2249 esse,
649 2173 679 2234 id
700 2173 799 2252 ipsum
823 2169 940 2250 impulit
955 2168 1092 2232 Stoicum
1105 2167 1323 2250 philosophum,
1338 2163 1365 2220 ut

269 2271 346 2336 1111110
366 2276 532 2341 mirabilem
558 2298 661 2342 aarum
680 2299 782 2342 rerum
804 2279 949 2366 notitiam,
970 2297 1045 2361 quas
1064 2276 1246 2342 Aristoteles
1271 2269 1365 2349 aliique

271 2383 458 2460 posteriores
476 2387 650 2468 philosophi
670 2387 817 2469 temporis
833 2407 998 2468 progressu
1018 2385 1113 2448 multo
1132 2385 1246 2449 rectius
1277 2393 1366 2460 perce·

271 2488 352 2570 pisse
371 2493 557 2573 videbantur,
579 2514 616 2557 ea
633 2514 723 2578 quam
752 2495 982 2558 memoravimus
1003 2494 1176 2558 narratione
1198 2482 1365 2577 iuvenale

271 2598 425 2666 ridendam
446 2602 504 2668 sibi
526 2610 667 2668 sumeret
713 2603 775 2666 Sed
796 2590 871 2666 llaec
891 2603 1043 2666 hacteuus.

686 2837 860 2888 CAPUT
904 2835 970 2886 Vll.

356 2993 489 3072 Rejeotis
509 2996 556 3060 his
577 2996 685 3060 fabulis
707 3017 806 3079 pauca
825 2995 863 3058 de
881 2992 1050 3056 Democriti
1068 2992 1218 3055 caelibatu
1237 2991 1266 3050 et
1284 2981 1366 3044 morie

274 3097 402 3164 dicenda
429 3111 606 3186 supersunt,
637 3125 714 3188 quae
742 3114 772 3168 et
797 3105 863 3186 ipsa
892 3102 1001 3164 fabulis
1026 3121 1088 3164 non
1113 3107 1225 3164 carent
1271 3093 1313 3154 Ex
1330 3083 1366 3150 l'ffi

274 3226 352 3289 quae
378 3211 579 3296 philosophus
601 3215 804 3278 Abderitanns
836 3212 873 3273 de
903 3210 1056 3272 conrmbio
1082 3217 1112 3270 et
1140 3209 1178 3270 de
1208 3193 1366 3268 mulieribus

269 3315 418 3392 judicavit
444 3320 573 3384 fortasse
604 3323 807 3405 colligendum
837 3327 900 3398 est,
934 3317 1031 3382 virum
1064 3317 1095 3378 in
1128 3315 1235 3392 studiis
1263 3299 1366 3371 assidue

273 3429 443 3486 versantem
470 3447 506 3490 ac
526 3429 747 3492 matrimonium
770 3435 800 3492 et
818 3428 985 3491 liberorum
1010 3425 1251 3506 procreationem
1269 3409 1367 3491 fusslffl·

273 3537 334 3592 tem
354 3531 527 3616 coimmqne
549 3557 607 3618 pro
628 3557 722 3618 parva
745 3537 905 3619 apoplexia
925 3534 1081 3597 habentem
1103 3553 1160 3614 per
1179 3537 1270 3595 totam
1289 3517 1366 3581 vien

274 3641 368 3703 inisse
388 3643 534 3706 caelibem
546 3643 584 3724 ¹).
617 3647 695 3706 'lum
713 3645 790 3708 irater
810 3645 926 3707 fabulas
946 3641 1137 3705 referendum
1159 3639 1217 3702 erit
1234 3629 1311 3722 qnod
1329 3625 1367 3684 0⁵¹

273 3749 356 3829 apud
375 3751 538 3815 Antonium
563 3773 594 3834 p.
606 3754 667 3815 609
680 3750 720 3833 ²),
739 3753 948 3815 Democritum
970 3751 1194 3832 interrogatum,
1212 3765 1273 3822 cur,
1287 3747 1366 3822 q111¹¹¹¹

273 3877 400 3942 magnus
421 3867 509 3938 esset,
528 3881 651 3942 parvam
670 3859 805 3924 duxisset
826 3880 964 3940 uxorem,
986 3858 1189 3941 respondisse,
1204 3877 1237 3920 se
1253 3853 1281 3915 in
1300 3837 1366 3908 111110

346 4061 385 4124 ⁵¹)
403 4075 462 4127 pag.
480 4057 532 4113 852
553 4062 626 4114 Tom.
649 4063 681 4114 ill
703 4075 777 4125 oper.
799 4059 925 4124 Hippocr.
944 4057 986 4110 ed.
1004 4057 1080 4110 liiitm
1098 4057 1137 4118 (ll,
1151 4053 1218 4108 mee
1234 4053 1273 4108 ed
1289 4037 1367 4097 l'oas-l·

347 4155 367 4217 ¹)
389 4153 425 4205 Cl.
446 4153 538 4218 inagna.
556 4156 648 4206 moral.
668 4153 710 4216 50,
733 4150 782 4204 175
802 4154 830 4204 ot
850 4164 924 4216 seqq.
942 4165 1029 4216 usque
1050 4153 1085 4204 ad
1104 4147 1160 4202 138.

353 4249 375 4310 ²)
394 4247 432 4298 Cl.
456 4247 548 4310 lragm.
566 4245 659 4297 merul.
678 4241 734 4294 180.
