<?xml version="1.0" encoding="UTF-8"?>
<!DOCTYPE html PUBLIC "-//W3C//DTD XHTML 1.0 Transitional//EN"
    "http://www.w3.org/TR/xhtml1/DTD/xhtml1-transitional.dtd">
<html xmlns="http://www.w3.org/1999/xhtml" xml:lang="en" lang="en">
 <head>
  <title>
</title>
<meta http-equiv="Content-Type" content="text/html;charset=utf-8" />
  <meta name='ocr-system' content='tesseract 3.04.00' />
  <meta name='ocr-capabilities' content='ocr_page ocr_carea ocr_par ocr_line ocrx_word'/>
</head>
<body>
  <div class='ocr_page' id='page_1' title='image "./democritiabderi00mullgoog_0292.png"; bbox 0 0 2938 4864; ppageno 0'>
   <div class='ocr_carea' id='block_1_1' title="bbox 322 301 1175 379">
    <p class='ocr_par' dir='ltr' id='par_1_1' title="bbox 322 301 1175 379">
     <span class='ocr_line' id='line_1_1' title="bbox 322 301 1175 379; baseline 0.019 -19"><span class='ocrx_word' id='word_1_1' title='bbox 322 303 407 360; x_wconf 79' lang='lat' dir='ltr'>Liber</span> <span class='ocrx_word' id='word_1_2' title='bbox 423 302 471 360; x_wconf 88' lang='grc' dir='ltr'><strong>ΙΙΙ.</strong></span> <span class='ocrx_word' id='word_1_3' title='bbox 514 301 584 360; x_wconf 78' lang='lat' dir='ltr'>Ado.</span> <span class='ocrx_word' id='word_1_4' title='bbox 602 303 637 358; x_wconf 86' lang='lat' dir='ltr'>ad</span> <span class='ocrx_word' id='word_1_5' title='bbox 655 303 736 362; x_wconf 79' lang='lat' dir='ltr'>Dum.</span> <span class='ocrx_word' id='word_1_6' title='bbox 756 301 798 375; x_wconf 87' lang='lat' dir='ltr'>op.</span> <span class='ocrx_word' id='word_1_7' title='bbox 819 305 914 379; x_wconf 70' lang='lat' dir='ltr'>fragm.</span> <span class='ocrx_word' id='word_1_8' title='bbox 1111 309 1175 376; x_wconf 77' lang='lat'>271</span> 
     </span>
    </p>
   </div>
   <div class='ocr_carea' id='block_1_2' title="bbox 18 471 1175 4339">
    <p class='ocr_par' dir='ltr' id='par_1_2' title="bbox 18 471 1175 3368">
     <span class='ocr_line' id='line_1_2' title="bbox 150 471 1175 553; baseline 0.006 -17"><span class='ocrx_word' id='word_1_9' title='bbox 150 476 199 538; x_wconf 80' lang='grc'>59.</span> <span class='ocrx_word' id='word_1_10' title='bbox 242 472 457 553; x_wconf 71' lang='lat' dir='ltr'><strong>Fragmentum</strong></span> <span class='ocrx_word' id='word_1_11' title='bbox 476 471 535 534; x_wconf 88' lang='lat' dir='ltr'>boc</span> <span class='ocrx_word' id='word_1_12' title='bbox 553 471 728 552; x_wconf 80' lang='lat' dir='ltr'><strong>scripsimus</strong></span> <span class='ocrx_word' id='word_1_13' title='bbox 749 477 783 534; x_wconf 91' lang='lat' dir='ltr'>ut</span> <span class='ocrx_word' id='word_1_14' title='bbox 804 473 882 536; x_wconf 89' lang='lat' dir='ltr'>inter</span> <span class='ocrx_word' id='word_1_15' title='bbox 902 475 1064 540; x_wconf 87' lang='lat' dir='ltr'>sententias</span> <span class='ocrx_word' id='word_1_16' title='bbox 1083 479 1175 543; x_wconf 86' lang='lat' dir='ltr'>Pseu-</span> 
     </span>
     <span class='ocr_line' id='line_1_3' title="bbox 18 569 1175 666; baseline 0.008 -24"><span class='ocrx_word' id='word_1_17' title='bbox 18 569 20 576; x_wconf 69' lang='grc'><strong>’</strong></span> <span class='ocrx_word' id='word_1_18' title='bbox 60 582 324 644; x_wconf 84' lang='lat' dir='ltr'>dodomocraticas</span> <span class='ocrx_word' id='word_1_19' title='bbox 349 579 467 660; x_wconf 80' lang='lat' dir='ltr'>legitur.</span> <span class='ocrx_word' id='word_1_20' title='bbox 513 579 591 642; x_wconf 87' lang='lat' dir='ltr'>Hinc</span> <span class='ocrx_word' id='word_1_21' title='bbox 624 599 695 642; x_wconf 92' lang='lat' dir='ltr'>reor</span> <span class='ocrx_word' id='word_1_22' title='bbox 720 601 788 644; x_wconf 86' lang='lat' dir='ltr'>curn</span> <span class='ocrx_word' id='word_1_23' title='bbox 810 581 937 662; x_wconf 84' lang='lat' dir='ltr'>Orellio,</span> <span class='ocrx_word' id='word_1_24' title='bbox 962 587 1175 666; x_wconf 82' lang='lat' dir='ltr'>corrigendum</span> 
     </span>
     <span class='ocr_line' id='line_1_4' title="bbox 60 688 1174 774; baseline 0.006 -22"><span class='ocrx_word' id='word_1_25' title='bbox 60 711 131 752; x_wconf 84' lang='lat' dir='ltr'>esse</span> <span class='ocrx_word' id='word_1_26' title='bbox 159 689 333 764; x_wconf 79' lang='lat' dir='ltr'>stobaeum,</span> <span class='ocrx_word' id='word_1_27' title='bbox 362 688 415 752; x_wconf 92' lang='lat' dir='ltr'>ubi</span> <span class='ocrx_word' id='word_1_28' title='bbox 444 688 517 750; x_wconf 88' lang='lat' dir='ltr'>baec</span> <span class='ocrx_word' id='word_1_29' title='bbox 541 690 635 751; x_wconf 88' lang='lat' dir='ltr'>verba</span> <span class='ocrx_word' id='word_1_30' title='bbox 652 690 829 756; x_wconf 81' lang='lat' dir='ltr'><strong>Democrito</strong></span> <span class='ocrx_word' id='word_1_31' title='bbox 851 690 902 771; x_wconf 84' lang='lat' dir='ltr'>(al.</span> <span class='ocrx_word' id='word_1_32' title='bbox 924 694 1110 774; x_wconf 88' lang='lat' dir='ltr'>Damouioo)</span> <span class='ocrx_word' id='word_1_33' title='bbox 1130 703 1174 758; x_wconf 82' lang='lat' dir='ltr'>at-</span> 
     </span>
     <span class='ocr_line' id='line_1_5' title="bbox 59 793 1172 886; baseline 0.004 -24"><span class='ocrx_word' id='word_1_34' title='bbox 59 799 182 874; x_wconf 82' lang='lat' dir='ltr'>tributa,</span> <span class='ocrx_word' id='word_1_35' title='bbox 197 798 228 860; x_wconf 90' lang='lat' dir='ltr'>in</span> <span class='ocrx_word' id='word_1_36' title='bbox 244 799 325 860; x_wconf 91' lang='lat' dir='ltr'>huno</span> <span class='ocrx_word' id='word_1_37' title='bbox 348 796 470 858; x_wconf 88' lang='lat' dir='ltr'>modurn</span> <span class='ocrx_word' id='word_1_38' title='bbox 491 803 643 877; x_wconf 87' lang='lat' dir='ltr'>corrupta,</span> <span class='ocrx_word' id='word_1_39' title='bbox 656 804 787 860; x_wconf 83' lang='lat' dir='ltr'>exstant:</span> <span class='ocrx_word' id='word_1_40' title='bbox 807 793 935 881; x_wconf 82' lang='grc' dir='ltr'><strong>Χροοοῢ</strong></span> <span class='ocrx_word' id='word_1_41' title='bbox 958 800 1009 863; x_wconf 82' lang='grc' dir='ltr'>τὸν</span> <span class='ocrx_word' id='word_1_42' title='bbox 1030 799 1172 886; x_wconf 76' lang='grc' dir='ltr'>οἰόμενον</span> 
     </span>
     <span class='ocr_line' id='line_1_6' title="bbox 58 899 1174 993; baseline 0.008 -27"><span class='ocrx_word' id='word_1_43' title='bbox 58 904 133 968; x_wconf 82' lang='grc' dir='ltr'>νόον</span> <span class='ocrx_word' id='word_1_44' title='bbox 157 903 239 990; x_wconf 76' lang='grc' dir='ltr'>ἔχειν</span> <span class='ocrx_word' id='word_1_45' title='bbox 263 901 300 966; x_wconf 78' lang='grc' dir='ltr'>οὐ</span> <span class='ocrx_word' id='word_1_46' title='bbox 329 899 500 966; x_wconf 67' lang='lat' dir='ltr'>vacuato</span> <span class='ocrx_word' id='word_1_47' title='bbox 526 901 557 966; x_wconf 82' lang='grc' dir='ltr'>τί</span> <span class='ocrx_word' id='word_1_48' title='bbox 578 901 813 987; x_wconf 65' lang='grc' dir='ltr'>ματαιοπονίας</span> <span class='ocrx_word' id='word_1_49' title='bbox 854 906 927 970; x_wconf 82' lang='grc' dir='ltr'>Νοτι</span> <span class='ocrx_word' id='word_1_50' title='bbox 946 907 1038 989; x_wconf 88' lang='lat' dir='ltr'>plane</span> <span class='ocrx_word' id='word_1_51' title='bbox 1060 911 1174 993; x_wconf 87' lang='lat' dir='ltr'>impro-</span> 
     </span>
     <span class='ocr_line' id='line_1_7' title="bbox 59 1011 1173 1098; baseline 0.009 -24"><span class='ocrx_word' id='word_1_52' title='bbox 59 1013 161 1074; x_wconf 90' lang='lat' dir='ltr'>banda</span> <span class='ocrx_word' id='word_1_53' title='bbox 189 1018 236 1075; x_wconf 88' lang='lat' dir='ltr'>est</span> <span class='ocrx_word' id='word_1_54' title='bbox 269 1013 445 1091; x_wconf 78' lang='lat' dir='ltr'>conjectura</span> <span class='ocrx_word' id='word_1_55' title='bbox 468 1013 596 1074; x_wconf 84' lang='lat' dir='ltr'>Gesneri</span> <span class='ocrx_word' id='word_1_56' title='bbox 622 1015 741 1098; x_wconf 81' lang='grc' dir='ltr'>χρυσοῦ</span> <span class='ocrx_word' id='word_1_57' title='bbox 771 1011 920 1097; x_wconf 78' lang='grc' dir='ltr'>δεσπότην</span> <span class='ocrx_word' id='word_1_58' title='bbox 947 1017 1173 1084; x_wconf 86' lang='lat' dir='ltr'>rescribendum</span> 
     </span>
     <span class='ocr_line' id='line_1_8' title="bbox 58 1117 1173 1207; baseline 0.005 -25"><span class='ocrx_word' id='word_1_59' title='bbox 58 1121 194 1202; x_wconf 89' lang='lat' dir='ltr'>putantis</span> <span class='ocrx_word' id='word_1_60' title='bbox 216 1121 268 1206; x_wconf 87' lang='lat' dir='ltr'>qui</span> <span class='ocrx_word' id='word_1_61' title='bbox 292 1127 321 1182; x_wconf 88' lang='lat' dir='ltr'>et</span> <span class='ocrx_word' id='word_1_62' title='bbox 344 1117 381 1182; x_wconf 83' lang='lat' dir='ltr'>od</span> <span class='ocrx_word' id='word_1_63' title='bbox 404 1127 473 1182; x_wconf 88' lang='lat' dir='ltr'>ante</span> <span class='ocrx_word' id='word_1_64' title='bbox 497 1117 668 1182; x_wconf 77' lang='grc' dir='ltr'>νοοθττέων</span> <span class='ocrx_word' id='word_1_65' title='bbox 690 1121 841 1202; x_wconf 82' lang='lat' dir='ltr'><strong>expungit.</strong></span> <span class='ocrx_word' id='word_1_66' title='bbox 883 1123 962 1186; x_wconf 88' lang='lat' dir='ltr'>Nam</span> <span class='ocrx_word' id='word_1_67' title='bbox 975 1144 1106 1207; x_wconf 85' lang='lat' dir='ltr'>pauper,</span> <span class='ocrx_word' id='word_1_68' title='bbox 1128 1127 1173 1192; x_wconf 89' lang='lat' dir='ltr'>in-</span> 
     </span>
     <span class='ocr_line' id='line_1_9' title="bbox 59 1228 1172 1316; baseline 0.008 -24"><span class='ocrx_word' id='word_1_69' title='bbox 59 1231 128 1312; x_wconf 87' lang='lat' dir='ltr'>quit</span> <span class='ocrx_word' id='word_1_70' title='bbox 149 1229 293 1308; x_wconf 87' lang='lat' dir='ltr'>Oreliius,</span> <span class='ocrx_word' id='word_1_71' title='bbox 321 1229 374 1312; x_wconf 89' lang='lat' dir='ltr'>qui</span> <span class='ocrx_word' id='word_1_72' title='bbox 395 1228 436 1292; x_wconf 92' lang='lat' dir='ltr'>ob</span> <span class='ocrx_word' id='word_1_73' title='bbox 459 1233 621 1308; x_wconf 73' lang='lat' dir='ltr'>egestatem</span> <span class='ocrx_word' id='word_1_74' title='bbox 648 1228 777 1290; x_wconf 89' lang='lat' dir='ltr'>aliorum</span> <span class='ocrx_word' id='word_1_75' title='bbox 802 1229 927 1293; x_wconf 89' lang='lat' dir='ltr'>arbitrio</span> <span class='ocrx_word' id='word_1_76' title='bbox 947 1232 1098 1300; x_wconf 87' lang='lat' dir='ltr'>obnoxius</span> <span class='ocrx_word' id='word_1_77' title='bbox 1117 1243 1172 1316; x_wconf 82' lang='lat' dir='ltr'>est,</span> 
     </span>
     <span class='ocr_line' id='line_1_10' title="bbox 60 1335 1171 1422; baseline 0.007 -22"><span class='ocrx_word' id='word_1_78' title='bbox 60 1337 200 1419; x_wconf 83' lang='lat' dir='ltr'>quamvis</span> <span class='ocrx_word' id='word_1_79' title='bbox 221 1339 261 1401; x_wconf 89' lang='lat' dir='ltr'>sit</span> <span class='ocrx_word' id='word_1_80' title='bbox 283 1336 439 1422; x_wconf 67' lang='grc' dir='ltr'>φιλαοτοτ,</span> <span class='ocrx_word' id='word_1_81' title='bbox 467 1337 518 1398; x_wconf 79' lang='lat' dir='ltr'>vix</span> <span class='ocrx_word' id='word_1_82' title='bbox 537 1347 636 1400; x_wconf 68' lang='lat' dir='ltr'>nmen</span> <span class='ocrx_word' id='word_1_83' title='bbox 658 1335 781 1398; x_wconf 75' lang='lat' dir='ltr'>audebit</span> <span class='ocrx_word' id='word_1_84' title='bbox 800 1338 945 1420; x_wconf 76' lang='lat' dir='ltr'>refragari</span> <span class='ocrx_word' id='word_1_85' title='bbox 964 1343 1171 1408; x_wconf 79' lang='lat' dir='ltr'>monitoribus.</span> 
     </span>
     <span class='ocr_line' id='line_1_11' title="bbox 58 1443 1172 1534; baseline 0.006 -26"><span class='ocrx_word' id='word_1_86' title='bbox 58 1447 125 1509; x_wconf 87' lang='lat' dir='ltr'>Sed</span> <span class='ocrx_word' id='word_1_87' title='bbox 147 1447 251 1527; x_wconf 89' lang='lat' dir='ltr'>potior</span> <span class='ocrx_word' id='word_1_88' title='bbox 275 1452 321 1508; x_wconf 87' lang='lat' dir='ltr'>est</span> <span class='ocrx_word' id='word_1_89' title='bbox 345 1443 454 1508; x_wconf 88' lang='lat' dir='ltr'>Orellii</span> <span class='ocrx_word' id='word_1_90' title='bbox 478 1444 612 1525; x_wconf 87' lang='lat' dir='ltr'>suspicio</span> <span class='ocrx_word' id='word_1_91' title='bbox 640 1463 717 1526; x_wconf 79' lang='lat' dir='ltr'>quae</span> <span class='ocrx_word' id='word_1_92' title='bbox 746 1445 879 1523; x_wconf 87' lang='lat' dir='ltr'>etmihi,</span> <span class='ocrx_word' id='word_1_93' title='bbox 905 1455 1064 1532; x_wconf 87' lang='lat' dir='ltr'>antequam</span> <span class='ocrx_word' id='word_1_94' title='bbox 1093 1472 1172 1534; x_wconf 91' lang='lat' dir='ltr'>opus</span> 
     </span>
     <span class='ocr_line' id='line_1_12' title="bbox 59 1553 1173 1634; baseline 0.007 -18"><span class='ocrx_word' id='word_1_95' title='bbox 59 1554 251 1617; x_wconf 87' lang='lat' dir='ltr'>Orellianum</span> <span class='ocrx_word' id='word_1_96' title='bbox 277 1573 416 1631; x_wconf 85' lang='lat' dir='ltr'>nossem,</span> <span class='ocrx_word' id='word_1_97' title='bbox 442 1555 506 1633; x_wconf 89' lang='lat' dir='ltr'>jam</span> <span class='ocrx_word' id='word_1_98' title='bbox 528 1553 645 1634; x_wconf 83' lang='lat' dir='ltr'>pridem</span> <span class='ocrx_word' id='word_1_99' title='bbox 670 1553 829 1631; x_wconf 89' lang='lat' dir='ltr'>inciderat,</span> <span class='ocrx_word' id='word_1_100' title='bbox 860 1561 1025 1620; x_wconf 87' lang='lat' dir='ltr'>extremum</span> <span class='ocrx_word' id='word_1_101' title='bbox 1046 1561 1173 1624; x_wconf 88' lang='lat' dir='ltr'>verbum</span> 
     </span>
     <span class='ocr_line' id='line_1_13' title="bbox 58 1661 1172 1747; baseline 0.007 -26"><span class='ocrx_word' id='word_1_102' title='bbox 58 1661 200 1742; x_wconf 81' lang='lat' dir='ltr'>proxime</span> <span class='ocrx_word' id='word_1_103' title='bbox 229 1663 433 1726; x_wconf 72' lang='lat' dir='ltr'>antecedentis</span> <span class='ocrx_word' id='word_1_104' title='bbox 457 1663 622 1726; x_wconf 85' lang='lat' dir='ltr'>sententiae</span> <span class='ocrx_word' id='word_1_105' title='bbox 648 1664 766 1746; x_wconf 77' lang='grc' dir='ltr'><strong>χρυσοῦ</strong></span> <span class='ocrx_word' id='word_1_106' title='bbox 793 1663 832 1725; x_wconf 92' lang='lat' dir='ltr'>ab</span> <span class='ocrx_word' id='word_1_107' title='bbox 858 1662 954 1727; x_wconf 89' lang='lat' dir='ltr'>inscio</span> <span class='ocrx_word' id='word_1_108' title='bbox 976 1665 1107 1747; x_wconf 86' lang='lat' dir='ltr'>quodam</span> <span class='ocrx_word' id='word_1_109' title='bbox 1136 1667 1172 1729; x_wconf 89' lang='lat' dir='ltr'>li·</span> 
     </span>
     <span class='ocr_line' id='line_1_14' title="bbox 57 1770 1172 1850; baseline 0.005 -18"><span class='ocrx_word' id='word_1_110' title='bbox 57 1770 164 1833; x_wconf 87' lang='lat' dir='ltr'>brario</span> <span class='ocrx_word' id='word_1_111' title='bbox 181 1770 221 1831; x_wconf 89' lang='lat' dir='ltr'>ad</span> <span class='ocrx_word' id='word_1_112' title='bbox 247 1772 323 1834; x_wconf 89' lang='lat' dir='ltr'>bane</span> <span class='ocrx_word' id='word_1_113' title='bbox 351 1771 445 1834; x_wconf 88' lang='lat' dir='ltr'>inissa</span> <span class='ocrx_word' id='word_1_114' title='bbox 469 1771 706 1850; x_wconf 87' lang='lat' dir='ltr'>transscriptum.</span> <span class='ocrx_word' id='word_1_115' title='bbox 755 1771 889 1833; x_wconf 85' lang='lat' dir='ltr'>Eandem</span> <span class='ocrx_word' id='word_1_116' title='bbox 919 1773 1066 1836; x_wconf 86' lang='lat' dir='ltr'>rationem</span> <span class='ocrx_word' id='word_1_117' title='bbox 1094 1776 1172 1838; x_wconf 89' lang='lat' dir='ltr'>tueri</span> 
     </span>
     <span class='ocr_line' id='line_1_15' title="bbox 57 1877 1173 1965; baseline 0.002 -21"><span class='ocrx_word' id='word_1_118' title='bbox 57 1883 189 1960; x_wconf 86' lang='lat' dir='ltr'>apparet</span> <span class='ocrx_word' id='word_1_119' title='bbox 206 1879 407 1962; x_wconf 80' lang='lat' dir='ltr'>Levesqirium</span> <span class='ocrx_word' id='word_1_120' title='bbox 434 1877 479 1940; x_wconf 86' lang='lat' dir='ltr'>sic</span> <span class='ocrx_word' id='word_1_121' title='bbox 501 1885 681 1941; x_wconf 85' lang='lat' dir='ltr'>vertentem:</span> <span class='ocrx_word' id='word_1_122' title='bbox 704 1877 787 1941; x_wconf 84' lang='lat' dir='ltr'>G’est</span> <span class='ocrx_word' id='word_1_123' title='bbox 814 1880 924 1960; x_wconf 87' lang='lat' dir='ltr'>perdre</span> <span class='ocrx_word' id='word_1_124' title='bbox 944 1881 974 1943; x_wconf 89' lang='lat' dir='ltr'>le</span> <span class='ocrx_word' id='word_1_125' title='bbox 994 1888 1091 1964; x_wconf 88' lang='lat' dir='ltr'>temps</span> <span class='ocrx_word' id='word_1_126' title='bbox 1113 1903 1173 1965; x_wconf 88' lang='lat' dir='ltr'>qne</span> 
     </span>
     <span class='ocr_line' id='line_1_16' title="bbox 58 1979 1172 2070; baseline 0.003 -17"><span class='ocrx_word' id='word_1_127' title='bbox 58 1991 98 2052; x_wconf 92' lang='lat' dir='ltr'>de</span> <span class='ocrx_word' id='word_1_128' title='bbox 120 1987 242 2052; x_wconf 77' lang='lat' dir='ltr'>vordoir</span> <span class='ocrx_word' id='word_1_129' title='bbox 268 1983 397 2050; x_wconf 78' lang='lat' dir='ltr'>eclairer</span> <span class='ocrx_word' id='word_1_130' title='bbox 423 1979 635 2066; x_wconf 70' lang='lat' dir='ltr'>torgueineux‘</span> <span class='ocrx_word' id='word_1_131' title='bbox 656 1986 708 2070; x_wconf 91' lang='lat' dir='ltr'>qui</span> <span class='ocrx_word' id='word_1_132' title='bbox 727 1983 862 2050; x_wconf 76' lang='lat' dir='ltr'>s&#39;dtorme</span> <span class='ocrx_word' id='word_1_133' title='bbox 885 1987 1042 2054; x_wconf 73' lang='lat' dir='ltr'>lui-mima</span> <span class='ocrx_word' id='word_1_134' title='bbox 1062 1992 1100 2054; x_wconf 86' lang='lat' dir='ltr'>de</span> <span class='ocrx_word' id='word_1_135' title='bbox 1122 2012 1172 2056; x_wconf 88' lang='lat' dir='ltr'>ses</span> 
     </span>
     <span class='ocr_line' id='line_1_17' title="bbox 58 2091 1171 2183; baseline 0.001 -21"><span class='ocrx_word' id='word_1_136' title='bbox 58 2117 191 2182; x_wconf 79' lang='lat' dir='ltr'>proprus</span> <span class='ocrx_word' id='word_1_137' title='bbox 213 2091 365 2159; x_wconf 81' lang='lat' dir='ltr'>lumibres.</span> <span class='ocrx_word' id='word_1_138' title='bbox 416 2093 515 2156; x_wconf 77' lang='lat' dir='ltr'>Aliam</span> <span class='ocrx_word' id='word_1_139' title='bbox 542 2094 620 2156; x_wconf 82' lang='lat' dir='ltr'>viam</span> <span class='ocrx_word' id='word_1_140' title='bbox 649 2095 802 2176; x_wconf 79' lang='lat' dir='ltr'>ingressus</span> <span class='ocrx_word' id='word_1_141' title='bbox 824 2101 870 2158; x_wconf 87' lang='lat' dir='ltr'>est</span> <span class='ocrx_word' id='word_1_142' title='bbox 890 2096 1050 2161; x_wconf 86' lang='lat' dir='ltr'>dacobsius</span> <span class='ocrx_word' id='word_1_143' title='bbox 1070 2101 1171 2183; x_wconf 92' lang='lat' dir='ltr'>quiin</span> 
     </span>
     <span class='ocr_line' id='line_1_18' title="bbox 57 2202 1172 2288; baseline 0.001 -18"><span class='ocrx_word' id='word_1_144' title='bbox 57 2205 258 2270; x_wconf 79' lang='lat' dir='ltr'>animadvers.</span> <span class='ocrx_word' id='word_1_145' title='bbox 277 2203 315 2266; x_wconf 88' lang='lat' dir='ltr'>ad</span> <span class='ocrx_word' id='word_1_146' title='bbox 336 2203 408 2265; x_wconf 86' lang='lat' dir='ltr'>Eur.</span> <span class='ocrx_word' id='word_1_147' title='bbox 429 2210 460 2265; x_wconf 92' lang='lat' dir='ltr'>et</span> <span class='ocrx_word' id='word_1_148' title='bbox 479 2203 565 2266; x_wconf 91' lang='lat' dir='ltr'>Stob.</span> <span class='ocrx_word' id='word_1_149' title='bbox 587 2223 616 2283; x_wconf 91' lang='lat' dir='ltr'>p.</span> <span class='ocrx_word' id='word_1_150' title='bbox 636 2204 698 2266; x_wconf 72' lang='lat'>235</span> <span class='ocrx_word' id='word_1_151' title='bbox 721 2204 781 2266; x_wconf 88' lang='lat' dir='ltr'>boc</span> <span class='ocrx_word' id='word_1_152' title='bbox 804 2202 1003 2282; x_wconf 81' lang='lat' dir='ltr'>fragmentum</span> <span class='ocrx_word' id='word_1_153' title='bbox 1027 2207 1172 2288; x_wconf 88' lang='lat' dir='ltr'>Eusebio,</span> 
     </span>
     <span class='ocr_line' id='line_1_19' title="bbox 57 2307 1171 2396; baseline -0.001 -17"><span class='ocrx_word' id='word_1_154' title='bbox 57 2314 165 2379; x_wconf 91' lang='lat' dir='ltr'>nescio</span> <span class='ocrx_word' id='word_1_155' title='bbox 189 2331 255 2387; x_wconf 89' lang='lat' dir='ltr'>cur,</span> <span class='ocrx_word' id='word_1_156' title='bbox 278 2311 432 2374; x_wconf 85' lang='lat' dir='ltr'>ascribens</span> <span class='ocrx_word' id='word_1_157' title='bbox 459 2331 496 2373; x_wconf 88' lang='lat' dir='ltr'>ac</span> <span class='ocrx_word' id='word_1_158' title='bbox 523 2309 593 2372; x_wconf 88' lang='grc' dir='ltr'>νοόν</span> <span class='ocrx_word' id='word_1_159' title='bbox 616 2331 685 2374; x_wconf 90' lang='lat' dir='ltr'>cnm</span> <span class='ocrx_word' id='word_1_160' title='bbox 713 2307 884 2372; x_wconf 72' lang='grc' dir='ltr'>νοοθττὲων</span> <span class='ocrx_word' id='word_1_161' title='bbox 900 2312 1032 2394; x_wconf 82' lang='lat' dir='ltr'>jungens</span> <span class='ocrx_word' id='word_1_162' title='bbox 1052 2318 1171 2396; x_wconf 79' lang='grc' dir='ltr'><strong>χρυσοῦ</strong></span> 
     </span>
     <span class='ocr_line' id='line_1_20' title="bbox 57 2417 1172 2505; baseline -0.002 -19"><span class='ocrx_word' id='word_1_163' title='bbox 57 2425 111 2486; x_wconf 77' lang='grc' dir='ltr'>τὸν</span> <span class='ocrx_word' id='word_1_164' title='bbox 134 2419 298 2505; x_wconf 74' lang='grc' dir='ltr'>ἐφιέμενον</span> <span class='ocrx_word' id='word_1_165' title='bbox 328 2419 538 2499; x_wconf 88' lang='lat' dir='ltr'>reponendum</span> <span class='ocrx_word' id='word_1_166' title='bbox 566 2417 756 2498; x_wconf 79' lang='lat' dir='ltr'>conjectavit</span> <span class='ocrx_word' id='word_1_167' title='bbox 804 2418 846 2480; x_wconf 80' lang='lat' dir='ltr'>At</span> <span class='ocrx_word' id='word_1_168' title='bbox 874 2419 905 2482; x_wconf 92' lang='lat' dir='ltr'>in</span> <span class='ocrx_word' id='word_1_169' title='bbox 934 2421 1172 2485; x_wconf 82' lang='lat' dir='ltr'>commendanda</span> 
     </span>
     <span class='ocr_line' id='line_1_21' title="bbox 58 2524 1171 2610; baseline -0.003 -16"><span class='ocrx_word' id='word_1_170' title='bbox 58 2535 116 2594; x_wconf 89' lang='lat' dir='ltr'>hae</span> <span class='ocrx_word' id='word_1_171' title='bbox 140 2526 347 2591; x_wconf 88' lang='lat' dir='ltr'>emendatione</span> <span class='ocrx_word' id='word_1_172' title='bbox 366 2527 413 2588; x_wconf 79' lang='lat' dir='ltr'>vir</span> <span class='ocrx_word' id='word_1_173' title='bbox 431 2525 623 2589; x_wconf 89' lang='lat' dir='ltr'>doctissimus</span> <span class='ocrx_word' id='word_1_174' title='bbox 647 2527 759 2590; x_wconf 83' lang='lat' dir='ltr'>trustra</span> <span class='ocrx_word' id='word_1_175' title='bbox 778 2524 905 2591; x_wconf 81' lang='lat' dir='ltr'>laborat</span> <span class='ocrx_word' id='word_1_176' title='bbox 949 2529 1058 2610; x_wconf 89' lang='lat' dir='ltr'>Neque</span> <span class='ocrx_word' id='word_1_177' title='bbox 1075 2529 1171 2610; x_wconf 81' lang='lat' dir='ltr'>magis</span> 
     </span>
     <span class='ocr_line' id='line_1_22' title="bbox 58 2632 1171 2716; baseline -0.005 -11"><span class='ocrx_word' id='word_1_178' title='bbox 58 2634 310 2704; x_wconf 87' lang='lat' dir='ltr'>commendabilia</span> <span class='ocrx_word' id='word_1_179' title='bbox 332 2641 402 2698; x_wconf 92' lang='lat' dir='ltr'>sunt</span> <span class='ocrx_word' id='word_1_180' title='bbox 426 2632 593 2697; x_wconf 85' lang='lat' dir='ltr'>Gaisiordii</span> <span class='ocrx_word' id='word_1_181' title='bbox 618 2641 649 2698; x_wconf 90' lang='lat' dir='ltr'>et</span> <span class='ocrx_word' id='word_1_182' title='bbox 674 2635 843 2698; x_wconf 89' lang='lat' dir='ltr'>Burcbardi</span> <span class='ocrx_word' id='word_1_183' title='bbox 866 2635 903 2698; x_wconf 92' lang='lat' dir='ltr'>de</span> <span class='ocrx_word' id='word_1_184' title='bbox 924 2638 984 2699; x_wconf 90' lang='lat' dir='ltr'>boc</span> <span class='ocrx_word' id='word_1_185' title='bbox 1001 2635 1073 2699; x_wconf 92' lang='lat' dir='ltr'>loco</span> <span class='ocrx_word' id='word_1_186' title='bbox 1090 2637 1171 2716; x_wconf 89' lang='lat' dir='ltr'>judi-</span> 
     </span>
     <span class='ocr_line' id='line_1_23' title="bbox 57 2738 1172 2828; baseline -0.004 -18"><span class='ocrx_word' id='word_1_187' title='bbox 57 2750 117 2822; x_wconf 85' lang='lat' dir='ltr'>cia,</span> <span class='ocrx_word' id='word_1_188' title='bbox 136 2764 266 2828; x_wconf 88' lang='lat' dir='ltr'>quorum</span> <span class='ocrx_word' id='word_1_189' title='bbox 292 2744 378 2826; x_wconf 92' lang='lat' dir='ltr'>prior</span> <span class='ocrx_word' id='word_1_190' title='bbox 399 2738 583 2818; x_wconf 71' lang='lat' dir='ltr'>roubertum,</span> <span class='ocrx_word' id='word_1_191' title='bbox 612 2741 639 2804; x_wconf 80' lang='grc' dir='ltr'>τὶ</span> <span class='ocrx_word' id='word_1_192' title='bbox 662 2741 879 2826; x_wconf 70' lang='lat' dir='ltr'>persinaciter</span> <span class='ocrx_word' id='word_1_193' title='bbox 898 2744 996 2827; x_wconf 89' lang='lat' dir='ltr'>(quod</span> <span class='ocrx_word' id='word_1_194' title='bbox 1016 2744 1067 2804; x_wconf 86' lang='lat' dir='ltr'>vix</span> <span class='ocrx_word' id='word_1_195' title='bbox 1086 2744 1172 2806; x_wconf 89' lang='lat' dir='ltr'>iutel-</span> 
     </span>
     <span class='ocr_line' id='line_1_24' title="bbox 56 2847 1172 2938; baseline -0.004 -18"><span class='ocrx_word' id='word_1_196' title='bbox 56 2855 163 2938; x_wconf 79' lang='lat' dir='ltr'>ligas),</span> <span class='ocrx_word' id='word_1_197' title='bbox 186 2853 340 2935; x_wconf 89' lang='lat' dir='ltr'>posterior</span> <span class='ocrx_word' id='word_1_198' title='bbox 352 2847 524 2914; x_wconf 77' lang='grc' dir='ltr'>νοοθττέων</span> <span class='ocrx_word' id='word_1_199' title='bbox 545 2871 582 2928; x_wconf 80' lang='grc' dir='ltr'>τι,</span> <span class='ocrx_word' id='word_1_200' title='bbox 599 2849 815 2934; x_wconf 78' lang='grc' dir='ltr'>ματαιοπονέττ</span> <span class='ocrx_word' id='word_1_201' title='bbox 835 2851 947 2930; x_wconf 86' lang='lat' dir='ltr'>posuit</span> <span class='ocrx_word' id='word_1_202' title='bbox 991 2853 1172 2916; x_wconf 85' lang='lat' dir='ltr'>Germanica</span> 
     </span>
     <span class='ocr_line' id='line_1_25' title="bbox 57 2958 1172 3047; baseline -0.005 -19"><span class='ocrx_word' id='word_1_203' title='bbox 57 2965 190 3047; x_wconf 88' lang='lat' dir='ltr'>denique</span> <span class='ocrx_word' id='word_1_204' title='bbox 217 2964 326 3024; x_wconf 91' lang='lat' dir='ltr'>borum</span> <span class='ocrx_word' id='word_1_205' title='bbox 353 2959 517 3022; x_wconf 85' lang='lat' dir='ltr'>verborum</span> <span class='ocrx_word' id='word_1_206' title='bbox 540 2958 785 3042; x_wconf 88' lang='lat' dir='ltr'>interpretatione</span> <span class='ocrx_word' id='word_1_207' title='bbox 804 2961 895 3040; x_wconf 79' lang='lat' dir='ltr'>longe</span> <span class='ocrx_word' id='word_1_208' title='bbox 916 2979 935 3020; x_wconf 87' lang='lat' dir='ltr'>a</span> <span class='ocrx_word' id='word_1_209' title='bbox 955 2979 1029 3023; x_wconf 89' lang='lat' dir='ltr'>vero</span> <span class='ocrx_word' id='word_1_210' title='bbox 1051 2961 1172 3022; x_wconf 87' lang='lat' dir='ltr'>aberra-</span> 
     </span>
     <span class='ocr_line' id='line_1_26' title="bbox 55 3066 1171 3144; baseline -0.005 -8"><span class='ocrx_word' id='word_1_211' title='bbox 55 3073 102 3137; x_wconf 87' lang='lat' dir='ltr'>vit</span> <span class='ocrx_word' id='word_1_212' title='bbox 122 3068 326 3133; x_wconf 88' lang='lat' dir='ltr'>Burcbardus.</span> <span class='ocrx_word' id='word_1_213' title='bbox 370 3068 422 3130; x_wconf 90' lang='lat' dir='ltr'>Sic</span> <span class='ocrx_word' id='word_1_214' title='bbox 443 3066 524 3128; x_wconf 89' lang='lat' dir='ltr'>enim</span> <span class='ocrx_word' id='word_1_215' title='bbox 546 3069 648 3130; x_wconf 88' lang='lat' dir='ltr'>vertit:</span> <span class='ocrx_word' id='word_1_216' title='bbox 677 3071 774 3144; x_wconf 84' lang='lat' dir='ltr'>„Wer</span> <span class='ocrx_word' id='word_1_217' title='bbox 800 3069 907 3144; x_wconf 83' lang='lat' dir='ltr'>ciuem,</span> <span class='ocrx_word' id='word_1_218' title='bbox 934 3069 990 3130; x_wconf 92' lang='lat' dir='ltr'>der</span> <span class='ocrx_word' id='word_1_219' title='bbox 1017 3070 1065 3130; x_wconf 72' lang='lat' dir='ltr'>seir</span> <span class='ocrx_word' id='word_1_220' title='bbox 1092 3069 1171 3131; x_wconf 89' lang='lat' dir='ltr'>Geld</span> 
     </span>
     <span class='ocr_line' id='line_1_27' title="bbox 57 3175 1171 3258; baseline -0.005 -14"><span class='ocrx_word' id='word_1_221' title='bbox 57 3178 212 3244; x_wconf 85' lang='lat' dir='ltr'>Verstand</span> <span class='ocrx_word' id='word_1_222' title='bbox 237 3197 274 3240; x_wconf 91' lang='lat' dir='ltr'>zu</span> <span class='ocrx_word' id='word_1_223' title='bbox 298 3177 394 3239; x_wconf 84' lang='lat' dir='ltr'>haben</span> <span class='ocrx_word' id='word_1_224' title='bbox 416 3175 529 3254; x_wconf 82' lang='lat' dir='ltr'>glaubt,</span> <span class='ocrx_word' id='word_1_225' title='bbox 549 3179 751 3258; x_wconf 76' lang='lat' dir='ltr'>guteLebrcn</span> <span class='ocrx_word' id='word_1_226' title='bbox 771 3177 868 3258; x_wconf 76' lang='lat' dir='ltr'>geben</span> <span class='ocrx_word' id='word_1_227' title='bbox 892 3176 965 3254; x_wconf 87' lang='lat' dir='ltr'>witi,</span> <span class='ocrx_word' id='word_1_228' title='bbox 987 3178 1086 3239; x_wconf 80' lang='lat' dir='ltr'>irracbt</span> <span class='ocrx_word' id='word_1_229' title='bbox 1106 3177 1171 3240; x_wconf 86' lang='lat' dir='ltr'>sich</span> 
     </span>
     <span class='ocr_line' id='line_1_28' title="bbox 56 3283 390 3368; baseline -0.009 -18"><span class='ocrx_word' id='word_1_230' title='bbox 56 3285 251 3368; x_wconf 79' lang='lat' dir='ltr'>vergebliche</span> <span class='ocrx_word' id='word_1_231' title='bbox 273 3283 390 3348; x_wconf 83' lang='lat' dir='ltr'>biiiire.’&#39;</span> 
     </span>
    </p>

    <p class='ocr_par' dir='ltr' id='par_1_3' title="bbox 56 3391 1172 3696">
     <span class='ocr_line' id='line_1_29' title="bbox 145 3391 1170 3478; baseline 0.003 -20"><span class='ocrx_word' id='word_1_232' title='bbox 145 3397 195 3458; x_wconf 83' lang='lat'>61.</span> <span class='ocrx_word' id='word_1_233' title='bbox 238 3393 351 3455; x_wconf 86' lang='lat' dir='ltr'>Eadem</span> <span class='ocrx_word' id='word_1_234' title='bbox 371 3391 518 3456; x_wconf 88' lang='lat' dir='ltr'>sententia</span> <span class='ocrx_word' id='word_1_235' title='bbox 539 3394 689 3474; x_wconf 87' lang='lat' dir='ltr'>reperitur</span> <span class='ocrx_word' id='word_1_236' title='bbox 710 3413 757 3476; x_wconf 89' lang='lat' dir='ltr'>ap.</span> <span class='ocrx_word' id='word_1_237' title='bbox 779 3393 890 3458; x_wconf 81' lang='lat' dir='ltr'>Anton.</span> <span class='ocrx_word' id='word_1_238' title='bbox 911 3401 941 3457; x_wconf 85' lang='lat' dir='ltr'>at</span> <span class='ocrx_word' id='word_1_239' title='bbox 959 3395 1080 3458; x_wconf 64' lang='lat' dir='ltr'>Maxim.</span> <span class='ocrx_word' id='word_1_240' title='bbox 1102 3416 1170 3478; x_wconf 80' lang='lat' dir='ltr'>pag.</span> 
     </span>
     <span class='ocr_line' id='line_1_30' title="bbox 56 3499 1172 3583; baseline -0.003 -16"><span class='ocrx_word' id='word_1_241' title='bbox 56 3507 120 3567; x_wconf 69' lang='lat'>925</span> <span class='ocrx_word' id='word_1_242' title='bbox 141 3510 172 3566; x_wconf 88' lang='lat' dir='ltr'>at</span> <span class='ocrx_word' id='word_1_243' title='bbox 195 3521 262 3582; x_wconf 78' lang='lat' dir='ltr'>pag.</span> <span class='ocrx_word' id='word_1_244' title='bbox 284 3503 356 3564; x_wconf 75' lang='lat'><strong>278.</strong></span> <span class='ocrx_word' id='word_1_245' title='bbox 399 3500 571 3564; x_wconf 88' lang='lat' dir='ltr'>Posteriore</span> <span class='ocrx_word' id='word_1_246' title='bbox 593 3501 664 3564; x_wconf 88' lang='lat' dir='ltr'>loco</span> <span class='ocrx_word' id='word_1_247' title='bbox 686 3509 839 3564; x_wconf 82' lang='lat' dir='ltr'>exaratum</span> <span class='ocrx_word' id='word_1_248' title='bbox 858 3510 904 3565; x_wconf 90' lang='lat' dir='ltr'>est</span> <span class='ocrx_word' id='word_1_249' title='bbox 926 3499 1037 3569; x_wconf 73' lang='grc' dir='ltr'>παντός</span> <span class='ocrx_word' id='word_1_250' title='bbox 1058 3503 1172 3583; x_wconf 90' lang='lat' dir='ltr'>ipsum-</span> 
     </span>
     <span class='ocr_line' id='line_1_31' title="bbox 57 3608 845 3696; baseline -0.003 -22"><span class='ocrx_word' id='word_1_251' title='bbox 57 3633 117 3696; x_wconf 86' lang='lat' dir='ltr'>que</span> <span class='ocrx_word' id='word_1_252' title='bbox 136 3611 250 3672; x_wconf 89' lang='lat' dir='ltr'>dictum</span> <span class='ocrx_word' id='word_1_253' title='bbox 270 3612 309 3674; x_wconf 88' lang='lat' dir='ltr'>ad</span> <span class='ocrx_word' id='word_1_254' title='bbox 330 3608 515 3689; x_wconf 85' lang='lat' dir='ltr'>Thespidem</span> <span class='ocrx_word' id='word_1_255' title='bbox 534 3615 690 3673; x_wconf 89' lang='lat' dir='ltr'>auctorem</span> <span class='ocrx_word' id='word_1_256' title='bbox 710 3609 845 3672; x_wconf 87' lang='lat' dir='ltr'>relatum.</span> 
     </span>
    </p>

    <p class='ocr_par' dir='ltr' id='par_1_4' title="bbox 55 3713 1171 4339">
     <span class='ocr_line' id='line_1_32' title="bbox 143 3713 1171 3798; baseline 0.001 -18"><span class='ocrx_word' id='word_1_257' title='bbox 143 3721 193 3780; x_wconf 75' lang='lat'>62.</span> <span class='ocrx_word' id='word_1_258' title='bbox 237 3717 423 3798; x_wconf 85' lang='lat' dir='ltr'>Scripsinrus</span> <span class='ocrx_word' id='word_1_259' title='bbox 439 3713 616 3784; x_wconf 80' lang='grc' dir='ltr'>παντελέως</span> <span class='ocrx_word' id='word_1_260' title='bbox 633 3737 692 3798; x_wconf 90' lang='lat' dir='ltr'>pro</span> <span class='ocrx_word' id='word_1_261' title='bbox 711 3719 877 3785; x_wconf 76' lang='grc' dir='ltr'>παντελῶς.</span> <span class='ocrx_word' id='word_1_262' title='bbox 911 3716 1085 3781; x_wconf 87' lang='lat' dir='ltr'>Holstenius</span> <span class='ocrx_word' id='word_1_263' title='bbox 1104 3737 1171 3780; x_wconf 88' lang='lat' dir='ltr'>ver-</span> 
     </span>
     <span class='ocr_line' id='line_1_33' title="bbox 56 3822 1170 3908; baseline -0.004 -17"><span class='ocrx_word' id='word_1_264' title='bbox 56 3830 106 3892; x_wconf 89' lang='lat' dir='ltr'>tit:</span> <span class='ocrx_word' id='word_1_265' title='bbox 140 3829 196 3908; x_wconf 80' lang='lat' dir='ltr'>qui</span> <span class='ocrx_word' id='word_1_266' title='bbox 215 3827 357 3908; x_wconf 65' lang='lat' dir='ltr'>maneriis</span> <span class='ocrx_word' id='word_1_267' title='bbox 377 3823 484 3906; x_wconf 78' lang='lat' dir='ltr'>facr&#39;le</span> <span class='ocrx_word' id='word_1_268' title='bbox 513 3825 665 3898; x_wconf 65' lang='lat' dir='ltr'>niumm,</span> <span class='ocrx_word' id='word_1_269' title='bbox 700 3822 942 3904; x_wconf 80' lang='lat' dir='ltr'>damlquoquam</span> <span class='ocrx_word' id='word_1_270' title='bbox 973 3827 1035 3886; x_wconf 78' lang='lat' dir='ltr'>en&#39;t</span> <span class='ocrx_word' id='word_1_271' title='bbox 1055 3825 1170 3904; x_wconf 70' lang='lat' dir='ltr'>piretus,</span> 
     </span>
     <span class='ocr_line' id='line_1_34' title="bbox 57 3931 1169 4017; baseline -0.003 -21"><span class='ocrx_word' id='word_1_272' title='bbox 57 3935 142 4017; x_wconf 92' lang='lat' dir='ltr'>quod</span> <span class='ocrx_word' id='word_1_273' title='bbox 161 3933 295 3996; x_wconf 90' lang='lat' dir='ltr'>Orellius</span> <span class='ocrx_word' id='word_1_274' title='bbox 316 3932 362 3996; x_wconf 89' lang='lat' dir='ltr'>sie</span> <span class='ocrx_word' id='word_1_275' title='bbox 382 3931 520 4012; x_wconf 83' lang='lat' dir='ltr'>corrigit:</span> <span class='ocrx_word' id='word_1_276' title='bbox 542 3951 705 4012; x_wconf 78' lang='lat' dir='ltr'>nunquam</span> <span class='ocrx_word' id='word_1_277' title='bbox 719 3931 801 4012; x_wconf 77' lang='lat' dir='ltr'>fieri</span> <span class='ocrx_word' id='word_1_278' title='bbox 813 3939 921 4011; x_wconf 79' lang='lat' dir='ltr'>potest,</span> <span class='ocrx_word' id='word_1_279' title='bbox 943 3939 980 3993; x_wconf 81' lang='lat' dir='ltr'>ut</span> <span class='ocrx_word' id='word_1_280' title='bbox 992 3932 1099 4013; x_wconf 67' lang='lat' dir='ltr'>justia</span> <span class='ocrx_word' id='word_1_281' title='bbox 1118 3935 1169 4009; x_wconf 83' lang='lat' dir='ltr'>rit,</span> 
     </span>
     <span class='ocr_line' id='line_1_35' title="bbox 56 4039 1170 4123; baseline -0.002 -17"><span class='ocrx_word' id='word_1_282' title='bbox 56 4045 112 4122; x_wconf 78' lang='lat' dir='ltr'>qui</span> <span class='ocrx_word' id='word_1_283' title='bbox 132 4043 277 4122; x_wconf 70' lang='grc' dir='ltr'>ροοτιτιτῐτ</span> <span class='ocrx_word' id='word_1_284' title='bbox 293 4041 401 4123; x_wconf 73' lang='lat' dir='ltr'>facile</span> <span class='ocrx_word' id='word_1_285' title='bbox 434 4041 582 4104; x_wconf 82' lang='lat' dir='ltr'>uincitur.</span> <span class='ocrx_word' id='word_1_286' title='bbox 639 4040 790 4104; x_wconf 86' lang='lat' dir='ltr'>Neutrum</span> <span class='ocrx_word' id='word_1_287' title='bbox 826 4040 949 4120; x_wconf 89' lang='lat' dir='ltr'>scripsit</span> <span class='ocrx_word' id='word_1_288' title='bbox 975 4039 1170 4104; x_wconf 87' lang='lat' dir='ltr'>Democritus</span> 
     </span>
     <span class='ocr_line' id='line_1_36' title="bbox 57 4147 1169 4230; baseline -0.004 -16"><span class='ocrx_word' id='word_1_289' title='bbox 57 4153 147 4230; x_wconf 87' lang='lat' dir='ltr'>cujus</span> <span class='ocrx_word' id='word_1_290' title='bbox 167 4151 260 4214; x_wconf 86' lang='lat' dir='ltr'>verba</span> <span class='ocrx_word' id='word_1_291' title='bbox 276 4149 351 4212; x_wconf 86' lang='lat' dir='ltr'>nibil</span> <span class='ocrx_word' id='word_1_292' title='bbox 370 4148 428 4210; x_wconf 82' lang='lat' dir='ltr'>nisi</span> <span class='ocrx_word' id='word_1_293' title='bbox 446 4149 506 4212; x_wconf 88' lang='lat' dir='ltr'>hoe</span> <span class='ocrx_word' id='word_1_294' title='bbox 528 4155 650 4214; x_wconf 84' lang='lat' dir='ltr'>sonant:</span> <span class='ocrx_word' id='word_1_295' title='bbox 675 4150 733 4228; x_wconf 81' lang='lat' dir='ltr'>poi</span> <span class='ocrx_word' id='word_1_296' title='bbox 743 4151 885 4228; x_wconf 78' lang='lat' dir='ltr'>pecuniis</span> <span class='ocrx_word' id='word_1_297' title='bbox 895 4147 1003 4230; x_wconf 74' lang='lat' dir='ltr'>facita</span> <span class='ocrx_word' id='word_1_298' title='bbox 1022 4149 1169 4226; x_wconf 68' lang='grc' dir='ltr'>οτόοἰτνν,</span> 
     </span>
     <span class='ocr_line' id='line_1_37' title="bbox 55 4256 1171 4339; baseline 0 -19"><span class='ocrx_word' id='word_1_299' title='bbox 55 4259 122 4336; x_wconf 83' lang='lat' dir='ltr'>(vel</span> <span class='ocrx_word' id='word_1_300' title='bbox 150 4259 380 4338; x_wconf 80' lang='lat' dir='ltr'>corrumpitur)</span> <span class='ocrx_word' id='word_1_301' title='bbox 409 4277 572 4338; x_wconf 77' lang='lat' dir='ltr'>nunqrcnm</span> <span class='ocrx_word' id='word_1_302' title='bbox 600 4257 653 4322; x_wconf 72' lang='lat' dir='ltr'>illo</span> <span class='ocrx_word' id='word_1_303' title='bbox 674 4257 781 4339; x_wconf 67' lang='lat' dir='ltr'>floreia</span> <span class='ocrx_word' id='word_1_304' title='bbox 802 4256 922 4338; x_wconf 74' lang='lat' dir='ltr'>fuer-it.</span> <span class='ocrx_word' id='word_1_305' title='bbox 977 4257 1044 4321; x_wconf 85' lang='lat' dir='ltr'>Hoc</span> <span class='ocrx_word' id='word_1_306' title='bbox 1076 4263 1109 4320; x_wconf 90' lang='lat' dir='ltr'>ut</span> <span class='ocrx_word' id='word_1_307' title='bbox 1132 4257 1171 4320; x_wconf 87' lang='lat' dir='ltr'>de</span> 
     </span>
    </p>
   </div>
   <div class='ocr_carea' id='block_1_3' title="bbox 0 0 1474 4864">
    <p class='ocr_par' dir='ltr' id='par_1_5' title="bbox 0 0 1474 4864">
     <span class='ocr_line' id='line_1_38' title="bbox 0 0 1474 4864; baseline 0 1"><span class='ocrx_word' id='word_1_308' title='bbox 0 0 1474 4864; x_wconf 95' lang='lat' dir='ltr'> </span> 
     </span>
    </p>
   </div>
  </div>
 </body>
</html>
