2984 4876
292 301 356 365 256
623 297 819 362 Quaestionum
835 296 1070 354 Democritcnmm

294 470 345 554 qni
360 469 433 533 nihil
453 470 571 550 probat
618 468 750 530 Omnino
775 464 898 528 diiiicile
926 472 973 529 est
994 465 1103 530 idonea
1122 468 1212 548 hujus
1234 475 1401 534 structurae

294 579 431 659 exemplo
448 578 589 654 inuenire,
611 577 669 639 nisi
690 577 769 638 iorte
792 573 907 654 excipis
933 573 1087 636 thiemonis
1108 576 1202 639 verba
1222 599 1271 660 ap.
1294 577 1401 642 Athen.

160 703 166 714 ·
296 687 345 763 10,
364 706 394 767 p.
413 685 547 762 ttc‚c.:
571 681 682 760 ἔτνεος,
704 681 768 746 οἷον
793 681 809 744 ὁ
832 682 999 766 παμφάγος
1016 680 1154 778 Ἀλκμὰν
1176 684 1300 768 ἠράσθη
1321 688 1401 770 pite.

295 795 347 878 ρὸν
370 790 451 856 πεδὰ
472 791 526 861 τὰς
544 791 659 876 τροποῖς
683 790 733 854 vei
762 790 885 854 Charini
909 811 956 870 op.
976 790 1101 854 Ptolem
1119 793 1280 874 Hephaest.
1303 795 1402 858 Photii
1478 861 1479 864 ,

293 902 371 966 Bibi.
393 903 460 966 cod.
477 902 545 978 190,
566 921 595 981 p.
617 900 686 977 153,
699 899 754 962 13:
775 893 902 962 Touuir'
916 893 1055 981 Ἔρωτος
1070 895 1222 986 Εὐπάτωρ
1245 899 1401 986 ἐρασθείη.

292 1011 371 1073 Nam
391 1009 546 1090 Euripidis
568 1008 672 1072 iocum
689 1007 812 1088 Hippoi.
834 1027 863 1070 v.
885 1007 964 1070 337:
994 1005 1019 1068 ὦ
1049 1007 1175 1091 τλῆμον,
1207 1008 1283 1087 οἷον,
1307 1011 1401 1093 μῆτερ
1478 1101 1479 1104 η

293 1117 432 1202 ἠράσθης
459 1115 529 1200 ἔρον
550 1116 681 1179 alienum
702 1135 769 1178 esse
788 1115 839 1176 vix
859 1122 905 1178 est
927 1115 1011 1196 quod
1030 1133 1178 1178 moneam.

379 1229 407 1289 7.
450 1223 606 1286 Edidimns
631 1218 742 1306 ἑωυτῷ
763 1241 822 1304 pro
844 1241 881 1284 eo
903 1222 985 1304 quod
1004 1230 1091 1286 antea
1111 1223 1268 1306 legebatur
1290 1222 1402 1309 ἑαυτῷ.

379 1337 408 1397 8.
453 1336 565 1397 donum
593 1349 679 1394 more
700 1331 893 1394 Democritus
915 1331 1040 1394 inseruit
1062 1353 1078 1394 ε
1099 1333 1200 1396 verbis
1220 1329 1401 1416 Ευμφορέων

294 1453 325 1508 et
345 1439 560 1526 ἀξομμορέιον,
591 1439 843 1521 quemadmodum
870 1440 951 1502 idem
973 1439 1064 1502 κενεά
1090 1449 1121 1504 et
1150 1438 1303 1526 ἑρπετέονν
1328 1440 1403 1502 dixit

294 1575 342 1634 ap.
363 1553 449 1614 Stob.
476 1547 559 1610 Fier.
581 1549 633 1624 lv,
657 1550 695 1610 tt
727 1553 757 1610 ct
776 1548 886 1626 XLIV,
913 1551 960 1612 18.
1010 1549 1087 1612 Vide
1119 1550 1157 1612 de
1187 1552 1246 1613 hoc
1264 1549 1402 1613 donismo

293 1665 464 1725 Buttmann.
482 1676 605 1738 gramm.
625 1655 763 1736 amplior.
785 1658 871 1719 Tom.
892 1657 906 1718 l
934 1653 961 1739 §.
982 1659 1022 1720 98
1038 1658 1106 1720 adn.
1129 1661 1159 1723 8.
1205 1659 1298 1740 Quod
1317 1658 1400 1722 Gais

294 1769 411 1832 iordius
433 1787 471 1828 ex
497 1785 559 1827 nno
585 1763 692 1828 codice
719 1763 846 1844 prohriit
873 1763 998 1848 ἀτερπίη
1032 1785 1089 1845 pro
1121 1766 1243 1847 vulgato
1274 1765 1400 1849 ἀτερψίη

293 1876 424 1959 probare
443 1874 522 1951 iicet,
549 1893 642 1954 quum
670 1872 774 1934 eadem
800 1873 898 1936 iormo
926 1873 1096 1954 reperiatur
1117 1875 1147 1936 in
1169 1875 1336 1955 iragmento
1356 1893 1403 1936 se-

293 1985 404 2067 quenti.
445 1981 596 2044 Nimirum
623 1980 667 2043 sic
700 1979 890 2042 statuendum
915 1973 1048 2059 uidetur,
1083 1982 1109 2046 si
1138 1983 1347 2046 Democritum
1370 1984 1403 2044 iu

293 2090 464 2170 huiusmodi
484 2091 576 2152 rebus
599 2093 786 2151 constantem
805 2086 899 2150 inisse
920 2087 1067 2153 uolumus.
1100 2090 1179 2153 Nam
1200 2091 1402 2174 persecutis

293 2198 415 2279 elegans
435 2204 482 2261 est
503 2195 630 2280 ἀτερψίη
652 2203 685 2258 ut
708 2195 904 2280 ἀκαταληψία
927 2201 957 2258 et
977 2197 1085 2260 similia
1102 2217 1180 2281 quae
1197 2198 1235 2260 ab
1255 2199 1320 2262 aliis
1343 2200 1403 2262 ire

294 2311 484 2390 queritantur.
542 2306 702 2367 Praeterea
734 2323 792 2384 pro
820 2302 892 2388 ὅρος
922 2306 1004 2387 quod
1031 2307 1061 2368 in
1091 2306 1180 2369 codd
1210 2313 1277 2382 est,
1310 2303 1403 2388 οὖρος

293 2413 480 2494 scripsimus,
498 2431 537 2474 ne
557 2413 617 2474 hoo
638 2413 834 2493 fragmentum
855 2413 892 2474 ab
919 2433 956 2476 eo
978 2415 1061 2496 quod
1082 2413 1180 2477 statim
1199 2413 1403 2492 subjiciemus,

293 2523 488 2602 discreparet.

378 2631 406 2692 9.
450 2629 530 2690 Male
551 2627 732 2708 Syibnrgius
755 2623 855 2709 οὖρος.
905 2629 1078 2692 Verborum
1098 2650 1218 2693 sensum
1240 2649 1301 2692 non
1320 2649 1404 2692 assc-

295 2745 383 2800 cutus
403 2743 449 2798 est
471 2736 621 2815 interpres
641 2735 750 2797 latinus
772 2734 813 2797 ita
834 2735 977 2812 reddens:
1009 2736 1190 2813 „delectatio
1208 2745 1240 2799 et
1258 2739 1322 2816 ejus
1340 2738 1404 2818 pri-

293 2846 373 2910 vatio
395 2853 466 2908 sunt
491 2862 598 2906 eorum
627 2842 786 2919 terminus,
818 2843 868 2926 qui
896 2845 936 2906 ad
959 2865 1107 2907 summum
1135 2845 1271 2926 vigorem
1295 2865 1404 2927 perve-

293 2951 429 3016 neruut’'

381 3063 429 3122 11.
471 3061 531 3122 Pro
552 3057 742 3142 ἀνθρώποισι
765 3058 794 3120 in
817 3059 919 3139 Eciog.
944 3061 1002 3124 eth.
1024 3061 1044 3122 i.
1057 3060 1076 3124 i.
1096 3067 1191 3123 exstat
1213 3059 1402 3144 ἀνθρώπινα.

293 3167 407 3230 ibidem
428 3164 623 3249 ποδηγετέειν
648 3165 766 3244 iegitur.
813 3165 882 3229 Nos
906 3187 965 3248 pro
995 3167 1140 3250 ποδηγεῖν
1163 3177 1193 3232 ct
1213 3168 1296 3253 ὀχεῖν
1317 3171 1404 3251 qnod

293 3273 471 3336 Burchardo
497 3272 604 3354 piacet,
624 3271 785 3355 ποδηγέειν
814 3279 844 3335 et
870 3271 971 3359 ὀχέειν
995 3276 1151 3340 edidimus
1202 3277 1337 3340 Koenius
1362 3279 1404 3339 ad

294 3383 422 3461 Gregor.
445 3380 714 3461 conrumpere
737 3381 799 3462 (ed.
821 3382 955 3462 Schaei.)
980 3383 1119 3447 vitiosam
1142 3385 1173 3448 iu
1198 3385 1321 3448 Carrteri
1339 3386 1403 3448 edi-

293 3487 376 3550 tione
396 3489 574 3568 scripturam
597 3484 630 3550 εἴ
640 3509 705 3550 τινα
727 3487 906 3573 βουλομένω
923 3487 999 3572 ἄλην
1019 3492 1145 3554 λυποίη
1167 3493 1288 3556 modum
1302 3513 1405 3556 emen-

1475 1293 1479 1348 i

294 3595 387 3658 davit:
409 3593 442 3656 ei
458 3616 514 3656 τινι
536 3593 716 3680 βουλομένῳ
738 3593 774 3658 ἂν
794 3592 826 3680 ἦ.
870 3598 1037 3661 Heereuius
1057 3599 1131 3662 haec
1151 3601 1291 3664 adnotat:
1320 3603 1402 3678 „Pro
1478 3599 1479 3640 ³

294 3700 371 3784 ἄλην
398 3703 474 3766 (iod.
497 3705 535 3767 V.
556 3703 592 3767 Α.
611 3700 717 3786 ἄλκην,
747 3723 786 3766 ex
814 3725 875 3788 quo
901 3712 992 3785 patet,
1021 3707 1201 3787 scriptorem
1225 3706 1320 3792 ἄλκην
1341 3729 1402 3789 pro
1478 3727 1479 3730 ’

293 3810 432 3890 exemplo
453 3811 593 3891 posuisse
612 3811 657 3872 rei
676 3830 732 3891 per
745 3831 779 3874 se
796 3812 903 3890 bonae,
925 3833 985 3895 qua
1003 3819 1102 3875 tamen
1122 3815 1210 3877 iaciic
1229 3816 1297 3898 quis
1318 3818 1403 3880 abuti

292 3925 401 3999 potest
436 3919 674 3981 Rescribendum
701 3919 801 4001 itaque
829 3919 901 3982 duxi
929 3919 1080 3983 nidorum
1103 3920 1292 4005 βαλλόμενον
1317 3923 1403 4008 ἀλκῇ

292 4025 375 4088 utin
390 4025 542 4104 jaciendo,
564 4046 619 4089 seu
637 4027 698 4089 telo
716 4027 888 4105 emittendo,
910 4027 1061 4102 robore;”
1090 4050 1151 4110 qua
1172 4031 1336 4092 mutatione
1355 4033 1404 4093 ni-

291 4133 333 4195 hil
354 4133 485 4214 ineptius
504 4134 576 4214 tingi
595 4142 704 4214 potest.
744 4135 909 4198 Servarunt
928 4135 1038 4198 Koenii
1055 4137 1294 4200 emendationem
1313 4139 1404 4202 Orci-

290 4239 349 4302 lius
379 4249 410 4302 et
429 4241 636 4318 Barchardus‚
663 4261 843 4326 quamquam
869 4241 1023 4320 posterior
1049 4243 1138 4324 hujus
1166 4245 1403 4310 constructionis

1298 4373 1404 4416 exem·
1478 4391 1479 4424 ;
