2956 4860
390 355 476 410 Liber
496 356 516 412 l.
553 355 595 410 De
613 354 765 410 Democriti
784 356 849 412 vitu.
1134 359 1176 423 37
1221 393 1226 402 .

83 522 187 606 sim⁸):
214 523 360 588 Herodoti
378 522 459 603 apud
477 521 603 584 Snidnm
616 522 643 600 ⁶)
665 524 778 586 mentio
797 530 844 585 est
854 523 894 602 ⁷).
926 525 975 603 nt,
997 527 1053 588 uisi
1074 527 1172 604 telier,

80 631 213 694 nonnullis
240 633 426 715 reliquorum
458 629 640 710 scriptorum
671 633 750 694 diros
781 634 956 697 Democrito
987 635 1095 697 iratres
1123 637 1170 697 tri-

80 738 228 818 buentibus,
246 743 400 823 Diogenes
419 742 543 802 tratrem
562 739 590 800 ei
606 747 642 801 et
664 759 802 804 sorerem
820 743 912 804 samse
935 748 1060 805 testetur
1073 740 1113 824 ⁶).

80 905 261 922 ᾖ

78 1005 113 1058 liic
129 1009 277 1063 Deibemrus
303 1013 331 1062 et
356 1010 480 1072 Diogenis
507 1007 591 1060 verba
609 1012 637 1060 et
655 1008 788 1060 Ambrosii
808 1011 1054 1074 interpretationem
1071 1026 1170 1062 eorru-

77 1091 141 1151 pcrit
165 1104 196 1143 cn
222 1097 345 1144 veterum
366 1090 558 1155 exemplarium
579 1089 659 1140 tidem
680 1093 791 1142 secutus
811 1093 853 1152 sit,
873 1094 973 1144 nescio.
1012 1092 1170 1143 tinebnerus

78 1173 143 1222 tecet

135 1271 155 1332 ⁵)
172 1271 319 1336 ilcspclrins
346 1273 463 1322 Milesius
487 1287 512 1336 p.
532 1268 565 1321 18
586 1271 627 1322 ed.
646 1271 723 1322 Orell.
750 1267 871 1340 ἐτρέφετο
887 1287 915 1320 τε
936 1267 978 1322 διὰ
996 1271 1043 1343 σὴν
1061 1269 1169 1341 ἀπορίαν

76 1345 116 1399 iri
133 1353 174 1420 τῆς
190 1349 303 1422 ἀδελφῆς
322 1349 458 1419 Δαμάσου,
481 1351 527 1403 ubi
553 1352 685 1404 ttenrsins
710 1352 852 1416 legendum
870 1357 964 1405 censet
981 1357 1028 1406 τοῦ
1045 1351 1169 1424 ἀδελφοῦ,

75 1445 132 1494 quae
149 1435 173 1483 et
190 1434 303 1499 Denagii
321 1435 453 1486 senitentie
472 1437 513 1483 cst
529 1433 563 1484 ed
583 1433 669 1484 Leert.
685 1434 725 1496 Li,
744 1429 786 1484 39.

132 1533 153 1596 ⁸)
168 1535 262 1586 Snidns
280 1549 304 1584 v.
324 1529 499 1604 Δημόκριτος·
526 1531 571 1583 nel
598 1535 652 1589 τοῖς
672 1529 794 1604 ἀδελφοῖς
813 1535 891 1602 συνῆν
905 1529 1039 1604 Ἡροδότῳ
1058 1533 1102 1584 καλ
1120 1529 1168 1584 Δα-

74 1611 154 1684 picrg.
170 1614 213 1666 ubi
233 1628 284 1679 pro
304 1608 429 1685 Δσμάστῃ
450 1616 500 1678 legi
515 1613 613 1677 J'nbcnt
625 1608 742 1682 Δομάσῳ
754 1615 888 1666 ltenrsius
908 1617 943 1667 nd
961 1617 1073 1682 ilespcli.
1087 1616 1167 1666 ilites.

75 1695 87 1742 Ι.
102 1695 115 1744 i.
131 1701 156 1746 et
171 1697 307 1759 tieeagins
323 1696 359 1746 od
377 1696 451 1760 Dieg.
472 1697 556 1746 Lecrt.
577 1696 592 1746 l.
612 1697 627 1746 Ι.

132 1796 152 1860 'l
175 1797 310 1848 tolluntur
336 1797 444 1848 Jonsins
466 1798 500 1849 de
524 1799 628 1862 scripit.
659 1796 718 1846 hist.
742 1796 803 1860 phil.
824 1797 854 1858 ΙΙ,
877 1795 890 1846 1
918 1799 946 1846 et
971 1797 1107 1858 Denegins
1134 1795 1168 1844 nd

73 1875 143 1928 laert.
163 1878 201 1940 lx,
217 1875 252 1929 39
280 1877 313 1928 eb
337 1877 446 1928 Aeliano
472 1892 528 1928 ver.
552 1879 611 1928 hist.
633 1876 673 1938 Ν,
691 1873 726 1926 20
750 1877 821 1929 hune
841 1878 1005 1929 Herodotum
1024 1876 1168 1928 Democriti

73 1955 165 2008 ircirem
183 1959 391 2009 commemorari
408 1959 599 2009 existimantes.
647 1959 751 2021 Quippe
771 1959 832 2009 nihil
850 1958 884 2008 de
902 1958 955 2008 hoc
975 1955 1010 2007 ihi
1029 1955 1148 2007 truditur.

130 2055 151 2122 ll
171 2061 241 2125 Diug.
271 2060 356 2110 anrt.
383 2059 398 2108 l.
416 2059 430 2109 l.
461 2057 509 2128 τὴν
533 2055 578 2108 οὖν
609 2055 724 2129 ἀδελφὴν
756 2054 908 2120 λυπεῖσθαι,
934 2053 972 2108 ὅτι
1002 2056 1029 2108 ἐν
1055 2059 1087 2128 τῇ,
1115 2061 1166 2106 τῶν

73 2133 239 2210 θεσμοφορίων
268 2138 342 2211 ἕορτῇ
369 2136 460 2206 μέλλοι
482 2135 659 2209 adonisedec.
698 2141 782 2203 Hujus
802 2141 853 2192 loci
871 2143 1011 2191 immernor
1036 2139 1168 2190 Deursius

72 2221 100 2270 nd
118 2222 232 2288 Hesychii
257 2222 353 2273 Eilesil
379 2223 468 2272 iocum
493 2222 634 2290 allegatum
661 2234 785 2272 sororem
810 2221 964 2271 Democrito
982 2221 1064 2270 inisse
1082 2232 1167 2282 pree-

73 2301 142 2352 iracte
164 2303 272 2368 negarit
305 2306 385 2366 atque
422 2303 484 2354 ideo
511 2302 633 2366 Hespehii
666 2305 767 2351 tentum
793 2303 990 2353 emendandum
1017 2303 1092 2350 ratus
1118 2301 1166 2348 est.

73 2379 139 2434 Nimis
156 2385 313 2436 festinanter
325 2384 461 2447 Menogins
479 2385 586 2434 Meursii
604 2384 757 2446 opinionem
774 2381 899 2446 probnvit
919 2381 1082 2445 easdemque
1100 2392 1167 2428 ver-

74 2461 154 2514 borum
172 2467 343 2525 mutationes,
364 2465 399 2516 de
420 2465 518 2530 quibus
540 2464 645 2517 locutus
665 2465 724 2515 erat
743 2463 883 2523 Mcnrsius,
909 2461 981 2525 eprul
1006 2459 1166 2523 Hesychium

75 2545 208 2596 etSnidcm
226 2547 284 2597 lieri
306 2546 397 2596 velerit.
440 2548 506 2596 Nam
532 2547 554 2596 si
582 2558 636 2594 non
655 2543 733 2607 pitane
759 2543 903 2606 rejiciendo
924 2545 965 2592 est
985 2543 1118 2604 scriptura
1140 2541 1165 2588 iu

74 2623 230 2676 tieiboruiana
250 2628 377 2690 Diogenis
398 2629 522 2688 editione,
547 2640 616 2690 qune
646 2627 727 2675 etiam
751 2625 824 2687 apud
843 2622 952 2672 Suidnm
972 2623 1113 2684 reperitur,
1133 2633 1165 2669 ex

74 2703 187 2769 iirsycirio
203 2710 248 2772 qni
268 2721 340 2772 quoe
360 2709 393 2758 de
410 2708 564 2758 Democrito
582 2705 670 2766 hahet,
692 2719 707 2754 a
725 2705 842 2765 Diogene
861 2703 972 2764 occepit,
986 2700 1084 2765 aliquid
1100 2701 1166 2750 tucis

74 2783 123 2836 hiric
147 2789 230 2840 aderri
255 2793 355 2853 potest.
395 2789 516 2838 Forsitan
541 2786 614 2849 opud
642 2789 786 2848 utrumqne
805 2783 965 2845 scriptorem
981 2781 1165 2845 reponendum

73 2861 164 2936 iniri:
183 2867 298 2941 ἀδελφῆς
319 2864 470 2938 Δαμάστης,
493 2866 625 2934 siquidem
650 2859 777 2932 Δαμάστη
795 2863 913 2912 ninniieris
933 2875 1031 2912 nomeu
1051 2863 1099 2914 est.
1135 2862 1165 2912 id

74 2945 174 2999 sirecte
196 2953 330 3016 suspicer,
349 2965 401 3002 non
419 2953 473 3014 jem
494 2950 560 2998 mira
581 2945 715 2997 videbitur
733 2943 822 2995 subita
840 2943 881 2992 iiia
902 2943 1046 2993 Democriti
1063 2943 1165 2993 sororis

71 3015 290 3096 commemoratio,
315 3035 341 3082 in
367 3045 420 3097 qna
446 3031 577 3093 Diogenes
594 3029 639 3086 lx,
664 3022 699 3075 43
724 3027 761 3074 ita
781 3029 918 3086 versetur,
942 3029 972 3073 nt
992 3024 1049 3087 eius
1067 3036 1165 3074 nomeu

73 3110 177 3162 reticent.
224 3115 327 3175 Quodsi
345 3125 428 3177 supra
450 3113 499 3173 (ili,
519 3108 562 3171 39)
581 3110 727 3160 Damastor
744 3119 804 3157 earn
823 3105 987 3154 nominatam
1005 3118 1065 3156 esse
1084 3105 1164 3155 dire-

72 3194 112 3245 rtt,
130 3193 344 3259 insequentibus
371 3207 440 3257 opus
465 3193 600 3252 nonfuit,
626 3201 724 3240 nemen
751 3187 848 3236 iterari.
887 3186 1029 3235 Praeterea
1047 3199 1117 3249 qnae
1138 3185 1163 3234 in

72 3275 237 3331 supinioribus
255 3280 321 3328 surrt
340 3276 417 3338 hujus
436 3275 555 3324 auctoris
575 3269 659 3322 verbe
677 3269 726 3330 (Di,
744 3263 787 3329 35>
810 3263 894 3336 τρίτον
915 3281 942 3316 τε
970 3261 1032 3315 ὄντα
1052 3261 1164 3334 ἀδελφόν

72 3349 104 3399 sie
119 3355 230 3417 etpediri
243 3359 354 3422 queunt,
373 3359 402 3405 ut
420 3355 524 3405 Laertio
538 3355 637 3417 jndice,
657 3365 672 3399 n
694 3362 747 3414 quo
764 3348 845 3408 Plinii,
872 3348 1014 3398 Clementis
1033 3347 1164 3397 aliorum-

72 3443 115 3490 qno
131 3435 314 3500 distinguenda
340 3440 383 3486 est
408 3437 505 3498 opinio,
525 3433 694 3485 Democritus
712 3429 857 3480 liberorum
878 3429 1050 3492 Hegesistrnti
1068 3423 1163 3486 (Athe-

73 3516 162 3578 norrun,
186 3517 351 3582 Damasippi)
374 3517 468 3568 ordine
488 3517 582 3566 tertius
601 3513 687 3572 inerit,
713 3522 800 3573 neque
820 3509 929 3560 lrntrem
947 3508 1041 3569 solum,
1069 3519 1164 3557 verum

71 3595 138 3644 etiem
153 3612 272 3650 sorerem
290 3598 422 3648 habuerit.
447 3597 503 3646 iiuo
521 3596 634 3656 cecedit,
652 3591 725 3658 quod
743 3585 850 3658 ἀδελφοί
871 3591 1003 3640 interdum
1021 3603 1036 3638 a
1055 3589 1164 3638 Graecis

72 3676 216 3738 conjunctim
243 3683 377 3730 vocantur
406 3677 492 3742 [noter
516 3683 540 3726 et
568 3689 650 3725 soror.
696 3671 763 3721 Vide
795 3669 903 3720 Bernes.
935 3673 963 3721 et
991 3669 1099 3720 Scidier.
1130 3668 1165 3718 nd

72 3751 145 3820 Eirrip.
166 3759 257 3812 Eiectr.
281 3773 306 3810 n.
331 3755 390 3810 536.
434 3761 527 3824 itaque
551 3757 649 3807 Suidne
673 3751 758 3802 verba
783 3751 969 3802 emendatione
1000 3764 1054 3800 nou
1078 3751 1162 3812 egent

73 3833 115 3884 Sed
134 3843 254 3902 qnoniam
276 3841 344 3891 hoec
362 3853 407 3890 res
424 3852 456 3889 en
474 3838 601 3888 librorum
619 3833 863 3895 manuscriptorum
879 3835 1039 3883 auctoritate
1058 3831 1164 3894 pendet,

73 3927 146 3980 incipe
165 3919 206 3970 hic
221 3919 408 3972 ratiocinando
428 3920 540 3970 multum
560 3915 690 3981 prolicere
711 3914 779 3972 licet,
797 3912 824 3963 id
841 3916 943 3963 teritum
963 3913 1068 3963 eitieere
1086 3910 1164 3970 volni,

73 3999 97 4042 nt
113 4011 141 4046 ne
159 4002 217 4064 ignis
238 4005 339 4051 temere
357 4001 406 4050 illis
424 4000 489 4050 iocis
507 3997 616 4048 Suidnm
637 4001 664 4046 et
684 3994 845 4056 llesycirinm
865 3995 988 4055 corriget.
1024 3993 1164 4040 Cacternm

74 4075 226 4130 nttrnclero
242 4083 303 4133 hist
323 4097 360 4132 er.
383 4081 442 4144 phil.
463 4082 536 4130 Toni.
557 4080 567 4128 l
591 4093 617 4142 p.
633 4074 700 4126 117n
720 4075 853 4124 Laertium
875 4074 1008 4122 excitante
1021 4071 1165 4121 Democriti

74 4153 143 4208 irater
172 4161 295 4214 Damasis
322 4165 442 4213 vocntnr.
487 4163 572 4222 anm
601 4159 642 4210 ilie
670 4156 795 4218 Diogenis
821 4153 964 4204 editionem
993 4155 1102 4203 secutus
1124 4153 1165 4212 sit,

74 4241 159 4290 neseio.
203 4244 257 4294 Sed
279 4245 384 4308 vulgatu
409 4245 472 4292 sunt
495 4242 601 4292 nomina
633 4237 705 4302 aprird
725 4237 842 4286 Grneoos
870 4227 1004 4301 Δάμασος,
1033 4227 1166 4298 Δάμασος,

73 4309 206 4390 ‘infir-m·
241 4323 278 4375 Cl.
298 4325 385 4390 stepen.
404 4323 531 4374 Thcsnur.
551 4322 566 4373 l.
585 4337 622 4386 gr.
643 4319 684 4370 cd.
704 4319 766 4368 ltns.
784 4319 810 4366 et
828 4314 904 4367 Dind
