2984 4876
343 344 427 399 Liber
447 343 494 402 ΙΙΙ.
532 345 683 400 Democriti
701 361 811 417 opernm
833 347 996 420 fragmento.
1169 353 1229 417 197

109 513 151 595 ἦν
173 511 224 573 καὶ
243 511 322 573 πάνυ
346 509 439 594 ἐτᾰζρ
461 510 533 579 τοὺς
553 509 739 588 ἀδικέοντες,
763 513 804 596 μὴ
829 513 882 576 ὑπ’
910 515 1051 579 ἐκείνοισι
1075 517 1227 599 γενέσθαι,

111 619 196 683 ἀλλά
217 641 260 687 τις
283 619 303 704 ἦ
323 619 439 702 θεσμὸς
464 616 484 702 ἦ
516 643 543 681 τι
574 619 650 683 ἀλλο
679 617 806 702 ἀρυνέει
833 620 878 706 τῷ
900 623 937 687 κά
960 624 1061 687 δίκαια
1083 628 1225 690 ποιεῦντι.

111 728 200 792 Stob.
222 727 306 792 rior.
326 729 438 804 XLVI,
459 729 509 791 ts.

199 837 271 899 206.
314 832 402 898 Κατὰ
432 835 466 898 δὲ
497 838 586 907 ζώων
616 833 680 897 ἔστι
711 836 753 898 ὧν
784 837 879 921 φόνον
910 839 1023 921 καὶμὴ
1047 838 1141 922 φόνον
1163 841 1227 903 ὦδε

113 941 256 1028 ἔχει·τά
282 941 444 1006 ἀδικέοντα
470 943 522 1006 καί
544 941 677 1006 θέλοντα
701 943 832 1006 ἀδικέειν
853 943 957 1030 ἀθῷος
980 947 996 1008 ὁ
1016 947 1151 1024 κτείνων,
1176 949 1227 1010 καὶ

112 1051 192 1136 πρὸς
212 1049 356 1114 εθεστοθν
382 1055 471 1114 τοῦτο
492 1048 591 1135 ἔρδειν
615 1051 733 1133 μᾶλλον
753 1051 772 1134 ἦ
797 1052 850 1136 μή.
872 1054 1226 1133 Stob.Flor.XLlV‚16.

200 1161 272 1224 207.
314 1155 449 1221 Κτείνειν
470 1159 531 1242 χρὴ
552 1157 589 1220 τὰ
607 1159 798 1240 πηραίνοντοι
821 1159 906 1244 παρὰ
925 1161 1009 1243 δίκην
1032 1163 1129 1223 πάντα
1159 1165 1228 1246 περὶ

114 1265 242 1334 παντός·
271 1267 322 1328 καὶ
349 1270 444 1329 ταῦτα
475 1266 490 1328 δ
519 1265 634 1329 ποιέων
664 1263 812 1351 εὐθυμίης
841 1268 892 1330 καὶ
920 1267 1004 1351 δίκης
1021 1268 1072 1331 καί
1097 1269 1229 1353 θάρσευς

113 1375 167 1436 καὶ
187 1374 310 1457 κτήσιος
332 1373 363 1436 ἐν
382 1374 470 1436 παντὶ
491 1373 599 1458 κόσμῳ
623 1372 707 1457 μέζω
731 1377 840 1458 μοῖραν
862 1375 988 1458 ρετέξει.
1036 1377 1122 1440 Stob.
1143 1377 1227 1440 Flor.

112 1481 226 1560 XLIV,
250 1485 298 1546 17.

199 1593 272 1654 208.
307 1585 469 1674 Ὅκωεπερ
489 1589 558 1673 περὶ
576 1589 723 1654 κιναδέων
745 1612 778 1652 τε
798 1590 848 1653 καὶ
867 1589 1020 1676 ἑρπετέων
1040 1591 1230 1675 eopiosior

113 1701 176 1761 τῶν
198 1699 367 1781 πολεμίων,
389 1699 470 1762 οὕτω
493 1699 544 1761 καὶ
572 1697 648 1761 κατὰ
669 1697 840 1782 ἀνθρώπων
867 1698 970 1762 δοκέει
993 1721 1046 1780 μοι
1065 1701 1167 1784 χρεὼν
1190 1697 1228 1761 εἶ-

114 1827 167 1868 ναι
184 1805 316 1868 ποιέειν·
350 1804 428 1869 κατὰ
457 1803 573 1891 νόμους
603 1803 673 1874 τοὺς
699 1806 845 1889 πατρίους
872 1807 995 1869 κτείνειν
1023 1805 1172 1891 πολέμιον
1196 1807 1228 1871 ἐν

114 1912 204 1977 παντὶ
220 1912 339 1998 κόσριρ,
359 1914 391 1976 ἐν
415 1910 500 2000 ᾦρὴ
523 1913 618 1999 νδρος
640 1912 793 1996 ἀπείργει·
817 1911 911 1996 νδρος
939 1913 974 1976 δὲ
994 1913 1141 1998 ἀπείργει,
1162 1915 1229 2000 ίερά

116 2021 271 2084 ἑκάστοισι
307 2019 458 2107 ἐπιχώριοι
493 2021 544 2084 καὶ
586 2021 714 2084 σπονδαὶ
763 2021 814 2084 not
856 2020 951 2104 ὅρκοι.
1017 2024 1103 2087 Stob.
1145 2025 1229 2088 Flor.

113 2130 228 2204 XLIV,
251 2129 298 2192 18.

197 2238 269 2300 θθθ.
312 2231 465 2319 Κιξοίλλην
490 2237 541 2299 καὶ
565 2236 689 2318 iotario
717 2236 816 2299 πάντα
843 2235 966 2299 κτείνων
992 2257 1035 2304 τις
1061 2235 1166 2322 ἀθῷος
1193 2235 1229 2300 ἀν

116 2343 177 2428 εἴη,
189 2343 241 2408 καὶ
263 2341 440 2429 αὐτοχειρίῃ
460 2342 511 2406 καὶ
524 2341 659 2406 κελεύων
680 2343 731 2406 καὶ
748 2343 854 2427 ψήφῳ.
874 2344 1228 2421 stob.F10r.xn1v‚1n.

116 2568 151 2625 ot
171 2562 220 2624 vel
238 2561 288 2626 lex
309 2561 359 2626 vol
378 2559 460 2625 aliud
480 2561 553 2643 quid
575 2559 780 2640 mogistrotum
793 2561 912 2640 justitio
938 2563 1085 2644 insignem
1104 2565 1142 2626 ob
1164 2565 1229 2626 itio-

116 2691 183 2734 rum
205 2667 315 2750 injuria
335 2666 482 2731 defendat.

200 2780 273 2843 206.
315 2779 362 2840 De
389 2775 561 2839 animalium
587 2777 777 2858 quorundam
805 2775 898 2838 coede
928 2777 1075 2856 permisso
1104 2797 1139 2839 ae
1168 2797 1229 2840 non

115 2888 266 2968 permisso
296 2887 340 2948 sic
370 2905 404 2948 se
430 2905 480 2947 res
506 2883 604 2947 hebet.
650 2885 695 2946 na
723 2903 800 2967 quse
821 2883 959 2963 injuriam
982 2885 1096 2946 iaciunt
1115 2891 1167 2946 out
1187 2886 1230 2946 ia-

116 3015 187 3058 cere
208 2993 324 3070 volunt,
344 2992 481 3075 quisquis
503 2991 659 3068 occiderit,
682 2992 827 3054 innocens
855 2992 925 3068 erit,
962 2992 1054 3052 inuno
1082 3011 1120 3054 ne
1147 2990 1229 3054 salus

114 3109 220 3165 nostro
244 3101 441 3182 periclitetur,
463 3099 563 3160 occidi
584 3117 620 3160 ea
639 3103 781 3179 praestat,
802 3119 891 3181 quam
910 3117 972 3162 non
991 3098 1102 3161 occidi.

201 3212 273 3273 ⁸207.
315 3207 525 3270 interficiendo
545 3211 615 3268 sunt
637 3207 719 3269 omni
744 3206 782 3268 de
807 3227 907 3284 conso,
929 3225 1125 3289 quaeeunque
1145 3225 1231 3285 proe-

116 3327 163 3380 τοι·
183 3319 229 3380 tos
253 3316 393 3378 domorum
414 3321 592 3394 apportant:
617 3315 701 3396 quod
726 3315 779 3395 qui
798 3316 879 3391 fooit,
899 3315 925 3378 is
956 3321 987 3376 et
1010 3312 1231 3394 tranquillitatis

116 3433 147 3489 ot
161 3425 242 3504 juris
260 3430 290 3485 et
317 3423 406 3484 oninri
430 3421 572 3500 intrepidi
594 3428 624 3482 et
655 3421 685 3482 in
708 3421 847 3485 omnibns
867 3423 1049 3486 ornamentis
1071 3420 1140 3501 plus
1162 3441 1232 3502 pos-

116 3533 286 3596 sessionum
309 3529 437 3591 irobebit.

202 3640 275 3701 208.
317 3638 356 3698 Ut
381 3636 420 3698 do
449 3636 521 3698 feris
542 3642 573 3697 et
598 3637 788 3715 serpentibus
813 3635 903 3696 nobis
931 3635 1059 3699 inimicis
1086 3638 1232 3716 scripturn

115 3757 171 3824 est,
191 3746 237 3808 sic
260 3745 348 3806 etiam
369 3743 512 3807 adversus
532 3743 668 3805 homines
688 3743 857 3805 faciendum
879 3741 951 3803 mihi
972 3743 1107 3805 videtur:
1125 3750 1159 3805 ut
1180 3745 1232 3804 iro-

115 3855 171 3916 stis
193 3852 293 3916 ubivis
314 3851 446 3932 gentium
470 3851 636 3914 secundnm
657 3850 770 3930 patrios
790 3849 874 3930 leges
896 3849 1061 3926 occidatur,
1086 3857 1232 3930 quatenns

116 3962 203 4024 nulia
220 3961 271 4021 lex
292 3961 400 4022 obstet.
437 3957 606 4039 Aliqnondo
629 3958 707 4020 onim
728 3957 778 4018 lex
802 3957 942 4037 prohibet
962 3962 992 4018 et
1010 3977 1065 4019 suo
1087 3957 1232 4036 cujusque

115 4066 253 4148 regionis
279 4085 365 4128 soora
387 4067 537 4146 (tempto),
565 4067 689 4128 foedera
708 4073 738 4128 et
762 4070 956 4127 sacramento„

204 4175 276 4236 209.
319 4174 433 4236 Furem
457 4181 488 4235 et
516 4173 666 4236 latronem
701 4171 837 4255 quemvis
871 4173 1016 4234 occidens
1046 4171 1154 4254 aliquis
1183 4175 1235 4231 ont

114 4301 208 4348 manu
224 4300 288 4360 suo,
312 4288 362 4346 eut
380 4283 470 4361 jussu
492 4281 685 4363 suiirogiove,
707 4282 852 4343 innocens
871 4281 1027 4344 habendos
1046 4287 1100 4344 est
