2938 4864
289 305 354 374 m
610 302 808 366 nucariense
833 305 1068 364 tte-oerum

288 475 371 554 nolo,
398 471 519 538 diffiteri
545 470 691 534 interesse
712 469 825 554 aliquid
854 471 932 534 inter
961 471 1065 538 εἰκόνα
1094 482 1125 540 et
1155 475 1250 560 σκιήν.
1301 477 1401 540 Porro

287 585 385 650 Solon
414 583 504 645 etism
528 580 644 642 dixerat
670 579 722 642 τὸν
754 577 845 661 λόγον
868 577 999 644 εἴδωλον
1020 579 1098 645 εἶναι
1120 587 1180 646 τῶν
1203 581 1299 668 ἔργων
1323 591 1400 648 teste

289 693 378 774 Diog.
398 693 496 754 Lucri.
517 687 568 752 lib.
586 689 609 764 1,
630 689 682 762 58,
711 689 798 767 cnjus
825 689 1036 784 conmutatum
1064 692 1161 754 secuti
1181 693 1321 756 videntur
1340 693 1400 756 Απ-

289 809 351 864 ton.
371 807 402 863 et
420 801 500 864 bians
521 820 552 880 ρ.
571 799 644 862 933.
692 796 828 860 Isidorus
856 795 1009 860 Pelusiots
1034 799 1086 862 lib.
1109 801 1148 862 111
1175 802 1260 882 epist.
1286 803 1348 864 259
1371 808 1401 865 et

289 911 351 976 259
373 907 434 972 tate
459 907 680 990 apophthegm
711 905 749 968 ad
778 905 1034 968 Lacedaemonios
1062 908 1172 971 refert:
1198 908 1282 993 παρὰ
1303 909 1399 974 Λακε-

290 1015 468 1102 δαιμονίοις,
495 1017 559 1083 τοῖς
582 1011 667 1082 σκιὰς
687 1017 747 1076 τῶν
776 1010 916 1094 πράξεων
942 1011 1013 1081 rob:
1037 1013 1149 1098 λόγους
1176 1015 1253 1080 εἶναι
1275 1015 1400 1088 εἰκότως

290 1120 480 1208 ὡρισμένοις,
502 1121 553 1184 τὸν
585 1121 722 1206 αἰσχρῶς
747 1117 920 1205 βεβιωκότα
941 1119 1015 1184 onos
1036 1124 1159 1207 γνώμην
1185 1123 1304 1208 ἀγαθὴν
1325 1125 1398 1187 ἀπο-

258 1290 260 1298 ,
290 1229 447 1318 φήνασίἰαι
470 1227 549 1312 ἐξῆν.
593 1229 718 1305 Verum,
747 1234 781 1290 nt
807 1226 884 1291 bene
912 1229 1084 1293 observavit
1104 1233 1257 1312 Bentiejns
1282 1233 1314 1296 in
1332 1234 1400 1296 Dis-

288 1345 358 1403 sert
380 1339 417 1400 de
441 1337 527 1417 epist.
547 1337 662 1400 Phniar.
681 1357 750 1419 pag.
773 1337 812 1398 19
834 1357 939 1417 opusc.
962 1338 1067 1418 philol.
1087 1339 1134 1402 ed.
1153 1341 1233 1420 Lips.
1254 1348 1345 1423 atque
1369 1342 1398 1403 in

287 1449 378 1528 Resp.
402 1445 441 1508 ed
461 1445 548 1526 Boyi.
572 1446 642 1510 ibid.
665 1465 695 1525 p.
717 1446 778 1508 255
802 1445 910 1526 exigna
931 1446 1023 1508 Pselii
1050 1453 1080 1508 et
1099 1447 1206 1510 Isidori
1228 1449 1399 1514 Pelusiotae

288 1555 320 1618 in
342 1555 399 1616 hac
417 1555 594 1635 quaestione
615 1553 780 1616 auctoritas
803 1559 859 1628 est,
887 1554 1070 1637 omninoque
1091 1555 1172 1617 alind
1198 1563 1244 1618 cst
1267 1554 1397 1620 εἴδωλον

288 1667 319 1726 et
340 1660 440 1738 ιίνιιίιν,
460 1661 543 1724 eliud
571 1661 650 1746 σκιή,
683 1679 783 1743 neque
809 1681 867 1742 pro
893 1661 999 1723 iisdem
1017 1662 1154 1724 habenda
1171 1669 1241 1726 sunt
1260 1665 1396 1748 πρᾶγμα,

286 1766 392 1853 πρᾶξις
411 1774 442 1831 et
463 1765 561 1852 ἔργον.
606 1769 760 1851 Quocirca
786 1769 897 1832 veteris
918 1768 1072 1832 doctrinae
1093 1771 1222 1834 studiosi
1239 1772 1290 1834 vix
1312 1773 1398 1835 dnbi-

287 1877 407 1954 tsbnnt,
435 1876 506 1958 quin
529 1877 724 1940 Democritus
754 1877 933 1954 sententiae,
961 1878 1000 1939 dc
1017 1899 1077 1960 qus
1094 1878 1258 1962 loquimur,
1288 1887 1397 1943 auctor

286 2004 353 2050 esse
373 1983 588 2048 ernstimandns
617 1985 663 2048 sit
715 1987 807 2067 Quod
834 1985 981 2068 reliquum
1007 1993 1062 2063 est,
1095 2004 1156 2048 non
1178 2005 1302 2066 possum
1324 1989 1397 2050 mihi

285 2101 462 2174 temperare,
483 2090 556 2172 qnin
579 2093 627 2156 hic
646 2097 764 2173 tangam
778 2093 948 2172 jocularem
965 2094 1106 2174 Magneni
1126 2113 1271 2172 errorem,
1291 2095 1343 2179 qui
1364 2097 1395 2160 in

285 2199 448 2264 Democrit
471 2199 607 2264 revivisc.
626 2221 656 2282 p.
681 2202 718 2262 m
748 2202 795 2265 ed.
814 2203 888 2282 Hag.
908 2201 1023 2282 (1653)
1046 2201 1137 2285 λόγος
1158 2199 1248 2287 ἔργου
1272 2204 1339 2288 σνιιή
1359 2205 1395 2267 ii-

284 2310 332 2374 bri
352 2309 480 2388 alicujus
503 2309 689 2371 Democritei
708 2309 825 2372 titutum
847 2329 914 2372 esse
938 2311 1061 2390 putavit.

371 2418 439 2480 100.
481 2415 664 2495 Scripsimus
693 2417 740 2480 bis
770 2415 930 2480 αἰδέεσίἰαι
957 2437 1015 2496 pro
1041 2416 1195 2481 αἰδεῖσθαι
1220 2427 1251 2482 et
1277 2419 1392 2484 ποιέειν

282 2547 340 2608 pro
359 2527 468 2586 ποιεῖν.
518 2525 678 2588 Praetereo
707 2547 776 2588 cnm
803 2525 981 2589 Bnrcbardo
1008 2525 1156 2589 edidimus
1185 2525 1204 2610 ἢ
1234 2526 1263 2590 εἰ
1284 2529 1394 2599 πάντες

281 2653 339 2714 pro
359 2631 379 2716 ἢ
404 2629 441 2708 oi,
463 2651 540 2714 quoe
560 2633 681 2714 vulgata
708 2641 755 2696 est
783 2633 942 2715 scripturn,
970 2640 1000 2696 et
1020 2654 1078 2714 pro
1100 2633 1119 2716 ἢ
1149 2633 1177 2697 εἰ
1200 2634 1238 2712 οἱ,
1256 2638 1339 2720 qnod
1363 2639 1394 2700 in

282 2742 372 2805 codd.
395 2740 514 2820 legitur.
556 2743 653 2804 Porro
668 2761 706 2802 ne
730 2743 797 2824 quis
816 2744 970 2806 soloccam
992 2747 1078 2824 putet
1090 2744 1264 2821 juncturam
1285 2749 1393 2809 τοῦτον

280 2847 373 2930 νόμον
405 2848 690 2930 rescribendnmqne
716 2850 859 2931 opinetur
886 2853 992 2912 τοῦτον
1019 2850 1070 2913 τὸν
1096 2849 1200 2933 νόμον,
1231 2853 1395 2916 tenendum

280 2963 333 3033 est,
355 2958 461 3018 τοῦτον
483 2956 618 3020 attributi
641 2959 707 3018 vice
737 2958 785 3020 iric
805 2959 897 3038 iungi,
926 2959 964 3020 de
997 2979 1059 3040 qno
1083 2960 1272 3039 pronominis
1300 2962 1394 3041 signi-

279 3065 367 3126 ticstn
390 3065 428 3126 ci.
455 3064 622 3126 Berntrardi
652 3067 775 3144 Syntax.
798 3087 827 3146 p.
859 3067 930 3130 313.
980 3066 1128 3146 Apposite
1156 3069 1303 3132 cumbae
1325 3089 1394 3132 sen-

277 3169 370 3230 tentia
395 3171 522 3233 contulit
552 3173 747 3235 Burctrnrdns
777 3191 814 3234 ex
843 3175 966 3256 Pythag.
993 3174 1076 3237 verb.
1103 3194 1167 3238 aur.
1195 3195 1223 3239 ν.
1250 3177 1393 3241 11-1a

277 3295 345 3356 pag.
370 3279 429 3340 107
454 3279 500 3340 ed.
525 3281 658 3342 Brunck.

444 3425 512 3436 —-
533 3387 656 3471 πρήξεις
679 3386 708 3450 δ’
732 3386 860 3472 αἰσχρόν
877 3409 951 3450 ποτε
975 3389 1050 3474 μήτε
1072 3388 1140 3473 μετ’
1164 3388 1262 3453 ἄλλου

404 3489 473 3574 μήτ’
501 3492 580 3576 ἰδίῃ·
600 3495 721 3558 πάντων
745 3496 779 3558 δὲ
805 3494 925 3578 μάλιστ’
951 3496 1094 3581 αἰσχύνεο
1116 3495 1238 3560 σαυτόν.

361 3600 430 3662 101.
473 3601 534 3666 Pro
557 3603 679 3685 vulgato
703 3603 811 3666 ἑαυτὸν
833 3606 1043 3668 substituimus
1066 3603 1193 3668 ἑωυτόν.

360 3710 429 3772 102.
471 3710 640 3774 Jonismnm
661 3712 845 3776 restituimus
870 3714 901 3774 in
922 3713 1102 3796 μεταμελίη,
1133 3713 1392 3795 quemadmodum

272 3822 319 3880 est
341 3818 371 3880 in
392 3817 443 3879 vit
466 3818 554 3880 Hom.
577 3822 615 3882 19
643 3841 701 3901 pro
728 3820 925 3904 μεταμέλεια.
975 3821 1151 3884 Notandum
1177 3829 1337 3901 praetereo
1359 3824 1392 3886 'nr

272 3927 348 3990 God.
370 3926 463 3990 Paiat
489 3923 618 4009 ἔργμασι
646 3930 707 4011 legi
735 3949 792 4009 pro
815 3929 895 4009 vulg.
917 3929 1083 4012 πρήγμασι.
1127 3929 1322 3992 Burcbsrdus
1342 3951 1392 3994 re-

271 4032 392 4112 ligionis
413 4034 592 4098 christianae
612 4038 739 4118 vestigia
766 4037 815 4098 hic
835 4036 1069 4116 deprehendisse
1093 4035 1151 4098 sibi
1168 4037 1252 4100 visus
1272 4039 1391 4101 Demo-

270 4143 347 4204 crito
373 4143 449 4204 itone
471 4142 647 4205 sententiam
672 4144 832 4223 abjudicat.
875 4144 917 4205 At
935 4144 1029 4206 multa
1052 4143 1224 4222 hiu'nsmodi
1244 4144 1391 4225 leguntur

268 4245 350 4324 apud
372 4251 499 4325 veteres,
521 4249 629 4312 deiude
648 4252 813 4331 scriptores
836 4249 886 4332 qni
910 4251 1077 4314 Democriti
1097 4271 1173 4315 aevo
1194 4253 1306 4330 vixere,
1320 4256 1389 4333 jam
