2892 4872
369 316 453 372 Liber
468 315 503 371 ll.
536 315 581 370 lle
597 315 751 374 Democriti
768 323 889 396 scriptis.
1124 325 1186 394 103

85 487 144 548 dem
168 484 222 546 tuit
248 481 411 564 Thrasyllo
436 481 559 545 alterius
588 483 667 546 nani
700 486 831 550 addendi
859 490 908 552 vel
943 492 1107 556 necessitas
1135 495 1184 558 vel

83 593 228 674 cupiditas.
280 591 389 673 Neque
420 597 519 653 tamen
548 589 754 672 dubitaverim,
777 595 849 676 quin
873 599 1006 661 securrda
1026 601 1182 684 inscriptio

82 702 216 763 librorum
238 699 372 761 omnium
394 698 547 779 duplicem
567 699 685 762 titulum
705 703 873 782 gerentium
896 725 916 766 a
930 706 1091 785 Thrasyllo
1110 728 1182 788 pro-

82 809 150 870 iecta
170 807 217 870 sit.
259 806 335 888 Quis
358 806 437 868 enim
464 807 494 868 iu
517 807 647 869 animum
669 808 800 888 inducat,
829 812 1038 876 Democritum
1060 814 1105 876 sic
1126 835 1183 895 po-

80 916 167 978 suisse
188 917 217 977 iu
237 913 388 978 frontibus
411 913 574 977 librorumr
603 911 679 998 Περὶ
708 917 897 1000 γεωμετρίης
924 918 943 1001 ἡ
967 921 1180 1004 γεωμετρικόν,

80 1020 173 1105 Μέγας
195 1021 334 1090 ἐνιαυτὸς
356 1022 377 1104 ἢ
401 1021 596 1106 ἀστρονομίη,
623 1019 698 1106 Περὶ
714 1019 857 1108 Ὁμήρου
883 1024 902 1107 ἡ
927 1021 1110 1110 ὀρθοεπείης
1131 1029 1182 1092 καὶ

78 1129 256 1210 qimandan?
300 1131 482 1195 Accedimus
510 1150 591 1193 nunc
620 1130 777 1212 adipsum
801 1131 981 1212 catalogum,
1008 1134 1058 1197 cui
1081 1134 1181 1215 pristi-

77 1259 136 1300 nam
157 1241 285 1301 tonnam
316 1241 344 1302 h.
367 1259 393 1302 e.
412 1257 478 1300 eam
503 1258 582 1321 quae
611 1239 771 1319 Thrasyllo
791 1237 979 1320 probabatur
992 1239 1052 1322 ¹³),
1071 1242 1116 1305 sic
1134 1261 1183 1305 re-

77 1348 305 1424 conciliabimus,
329 1354 363 1410 ut
383 1347 463 1408 illius
482 1345 540 1408 viri
560 1345 642 1408 docti
665 1347 847 1427 tetralogias,
869 1347 983 1428 pariter
1004 1349 1181 1430 aDicgenis

76 1455 232 1520 editoribus
265 1455 541 1537 interpretibusque
569 1459 659 1537 atque
689 1475 708 1516 a
735 1457 954 1536 chrysostomo
976 1458 1127 1537 Magneno
1150 1457 1181 1518 in

76 1563 241 1626 Democrito
263 1564 461 1628 reviviscente
477 1583 507 1642 p.
535 1563 574 1626 13
586 1582 669 1646 seqq.
686 1569 717 1625 et
738 1582 757 1623 a
776 1563 917 1626 Fabricio
938 1572 969 1627 et
988 1565 1127 1628 llarlesio
1149 1567 1180 1627 iu

75 1671 143 1734 bibl.
161 1693 205 1752 gr.
229 1673 292 1735 vol.
313 1675 340 1734 ll
368 1695 397 1754 p.
420 1673 483 1736 nst
505 1670 674 1752 neglectas,
702 1671 901 1734 restituamus
943 1675 1010 1736 lloc
1029 1692 1067 1736 eo
1089 1674 1179 1736 nobis

75 1779 146 1842 laetu
164 1780 287 1844 facilius
305 1787 359 1860 est,
381 1780 466 1863 quod
486 1780 635 1842 librorum
652 1797 809 1842 numeurm
829 1779 956 1843 inveniri
978 1786 1108 1861 oportet,
1127 1781 1179 1862 qui

75 1889 266 1966 quaternario,
297 1895 330 1950 ut
351 1889 526 1969 loquuntur,
547 1905 675 1950 numero
695 1885 789 1948 dividi
810 1893 907 1968 queat.
948 1890 1108 1950 Caeterum
1128 1888 1179 1969 qui

74 1999 133 2056 ante
153 2014 211 2058 nos
232 1995 342 2057 eadem
364 2015 398 2057 re
425 1995 566 2076 occupati
588 1995 709 2056 luerunt
731 1993 867 2056 homiues
888 1994 1005 2073 eruditi,
1029 2014 1119 2077 quum
1141 1996 1180 2056 de

74 2103 258 2166 restituendis
282 2102 434 2182 Thrasylli
456 2101 622 2183 tetralogiis
652 2119 727 2183 quas
750 2102 888 2165 Laertius
907 2103 1053 2166 adnotare
1070 2101 1180 2172 omisit,

75 2229 170 2288 partim
196 2211 323 2275 solliciti
355 2217 464 2288 esseut,
493 2211 596 2292 plures
621 2209 821 2288 conjecturas,
845 2209 954 2291 quibus
982 2210 1180 2290 disjungenda

74 2320 292 2400 conjunguntur
312 2325 342 2382 et
364 2318 569 2382 consocianda
589 2316 798 2394 dissociantur,
818 2323 1053 2397 proposuerunt.

146 2427 209 2490 Sed
231 2433 306 2489 ante
326 2427 428 2490 omnia
457 2425 633 2506 intelligitur
657 2423 690 2484 id
716 2424 885 2486 laciendum
907 2443 983 2501 esse,
1003 2430 1038 2485 ut
1058 2421 1180 2484 tetralo-
1221 2409 1228 2422 ’

73 2532 130 2612 gia-s
153 2535 351 2597 restituamus
382 2553 417 2596 re
441 2538 679 2615 argumentoque
701 2531 924 2594 convenientes.
968 2531 1070 2593 Nemo
1098 2535 1181 2590 certe

73 2659 161 2723 aequo
187 2643 292 2705 animo
322 2643 398 2703 ierat
424 2641 632 2732 perturbatum
661 2660 763 2704 rerum
789 2639 941 2715 ordinem,
972 2644 1007 2700 ut
1032 2637 1059 2700 si
1091 2655 1180 2699 unam

73 2750 253 2834 eandemque
276 2747 464 2829 tetralogiam
483 2748 584 2811 videat
610 2767 659 2811 res
682 2745 901 2810 diversissimas
921 2744 1180 2826 complectentem,

138 2997 175 3062 ¹⁸)
194 2999 224 3051 id
244 2995 334 3048 solum
359 2996 510 3060 requiritur,
533 2997 565 3045 ut
588 2993 725 3060 quomodo
746 2992 899 3056 Thrasyllus
925 2989 1072 3041 Democriti
1098 2999 1181 3049 opera

73 3075 223 3142 deduxerit,
244 3079 355 3143 pianum
375 3077 511 3128 iaciamus.
551 3077 620 3126 Num
638 3089 704 3126 vero
729 3076 754 3125 in
780 3074 888 3136 scriptis
907 3083 976 3136 quaa
993 3070 1034 3120 illo
1054 3081 1181 3132 germana

74 3158 214 3226 philosophi
237 3160 323 3210 nostri
354 3173 436 3222 opera
470 3157 577 3219 habuit,
603 3161 632 3208 et
656 3169 770 3220 quorum
797 3153 876 3204 hodie
900 3151 1048 3216 fragmenta
1079 3162 1181 3212 strper-

74 3243 144 3302 snnt,
168 3240 298 3292 nonnulla
326 3239 423 3289 hierint
446 3239 629 3302 supposititia,
660 3249 695 3286 an
722 3237 811 3286 omnia
842 3233 963 3296 ejusdem
993 3231 1126 3282 auctoris:
1154 3229 1182 3278 id

75 3317 199 3371 difficilius
223 3323 280 3380 est,
306 3333 387 3385 quam
410 3319 483 3384 quod
508 3321 599 3368 nostru
623 3317 753 3368 momoria
776 3315 864 3366 adhuc
887 3313 922 3365 ad
944 3311 1073 3378 liquidum
1096 3309 1183 3375 possit

76 3401 188 3460 perduci.
235 3402 329 3465 licque
355 3401 426 3452 euim
449 3399 527 3450 nobis
554 3400 604 3450 uisi
627 3398 662 3450 de
690 3400 755 3461 ipsis
781 3397 937 3460 fragmentis
955 3393 1077 3458 indicare
1112 3391 1180 3441 lieet

76 3477 116 3530 Est
134 3483 244 3548 quidem
263 3495 279 3532 a
300 3483 381 3532 Surda
399 3495 424 3531 v.
444 3475 607 3552 Δημόκριτος
628 3479 784 3530 mirabiliter
800 3478 908 3536 dictum,
927 3489 960 3526 ex
979 3471 1103 3523 omnihus
1124 3472 1181 3521 Do-

76 3565 173 3613 moeriti
199 3563 276 3614 libris
302 3565 447 3627 genuinum
480 3575 533 3611 non
560 3573 621 3611 esse
647 3561 696 3610 nisi
726 3573 853 3623 maguum
879 3559 1005 3606 volumen
1031 3555 1065 3603 dc
1090 3565 1181 3602 rorum

78 3643 247 3694 universitate
265 3645 293 3694 ct
311 3643 346 3695 de
364 3643 457 3695 mundi
474 3637 571 3692 natura
589 3653 621 3690 ao
640 3643 780 3704 praeterea
800 3637 935 3704 epistolas.
975 3633 1062 3687 Verba
1085 3643 1181 3696 graecu

76 3724 145 3770 suni:
165 3721 259 3792 γνήσια
278 3719 306 3772 ti
325 3719 407 3774 abrah
425 3719 511 3791 βιβλία
529 3719 577 3773 eloi
597 3717 661 3772 tio·
680 3714 696 3771 ὅ
713 3735 741 3771 τι
760 3717 838 3788 ptrue
858 3715 1000 3784 διάκοσμος
1018 3712 1064 3764 καὶ
1078 3708 1108 3762 ed
1126 3709 1183 3780 napi

76 3793 174 3866 qharme
193 3799 313 3870 κόσμου·
332 3801 429 3874 lypadr
449 3800 478 3854 ti
496 3801 541 3852 nal
562 3797 708 3856 ἐπιστολάς.
752 3801 805 3852 Sed
825 3801 894 3850 hunc
914 3799 1002 3849 locum
1021 3795 1183 3856 interpretor·

76 3879 107 3929 dc
123 3884 244 3946 guirrinis
267 3885 413 3936 Democriti
432 3883 560 3949 operibus
587 3895 657 3948 quaa
678 3883 735 3943 ojus
754 3881 838 3930 critici
857 3879 899 3929 vei
912 3877 1078 3940 grammatici
1096 3875 1183 3924 aetate

77 3961 159 4014 adhuc
180 3963 330 4026 exstabant,
350 3966 385 4015 ad
401 3967 478 4030 cujus
492 3965 622 4029 judicium
641 3961 737 4012 Suidas
751 3959 793 4010 hic
812 3973 843 4009 sc
861 3959 995 4022 applicuit.
1032 3955 1183 4006 Putaverirn

77 4047 162 4095 autam
178 4047 302 4096 criticum
317 4045 388 4096 illurn
408 4048 488 4097 tertio
504 4047 560 4098 iera
574 4048 637 4110 post
654 4043 713 4094 Chr.
730 4057 756 4091 u.
780 4042 888 4092 sarecuio
906 4041 1012 4099 vixisse,
1038 4053 1092 4103 quo
1111 4039 1184 4088 tem-

78 4132 140 4183 pora
166 4129 275 4188 praeter
303 4127 430 4190 epistolas
451 4127 506 4192 jam
535 4127 585 4179 alia
611 4123 766 4176 terebantur
792 4135 874 4186 opera
904 4121 1057 4171 Democrito
1081 4117 1184 4170 auctori

80 4199 141 4254 laiso
165 4203 272 4256 tributa.
316 4207 380 4258 Vide
407 4207 487 4260 huam
511 4207 569 4259 lihri
589 4206 667 4272 primi
693 4209 719 4256 at
744 4217 813 4269 quaa
833 4201 900 4254 inira
918 4201 953 4252 do
971 4201 1065 4254 eadem
1088 4213 1118 4254 ro
1139 4199 1184 4250 di-

80 4291 176 4334 mutus.
