2956 4860
425 321 509 376 Liber
528 323 547 378 Ι.
589 323 631 378 Do
652 324 802 379 Democriti
822 326 887 380 rita.
1169 325 1212 388 69

109 491 285 553 Graecorum
304 509 432 572 quornm
454 491 543 553 nobis
565 491 603 552 de
616 493 788 571 hujusmodi
809 510 900 553 causa
911 491 1059 568 judicium
1082 495 1210 574 exempli

108 596 344 680 auctoritatisque
373 599 445 660 loco
478 599 706 662 existimandum
735 607 788 662 cst.
825 601 923 661 Porro
945 599 1043 678 ipsum
1064 603 1210 681 temporis

108 704 236 784 spatium,
262 725 298 767 cx
319 725 380 789 quo
407 708 565 790 utriusque
585 707 707 788 linguam
728 707 891 788 scriptores
910 709 1086 770 Democrito
1107 731 1208 772 renim

107 813 295 875 humanarum
314 813 542 895 despicientiam
564 815 711 879 cachinno
728 817 863 894 junctam
875 815 1088 895 ascripserunt,
1107 817 1209 878 eorici-

106 922 145 980 nit
170 941 239 984 cum
269 941 308 984 eo
343 922 427 1004 qnod
451 922 529 984 inira
561 923 599 986 de
627 923 752 986 sttdtitia
781 923 936 986 Abderitis
970 925 1071 986 atficta
1102 925 1207 986 dicam.

106 1031 250 1111 Quocirca
268 1050 331 1094 nou
353 1031 468 1106 dubito,
488 1030 558 1112 quin
579 1030 631 1092 illa
645 1032 711 1112 ipsa
723 1031 937 1094 Abderitarum
951 1031 1110 1111 stupiditas
1131 1053 1208 1113 qnno

105 1145 194 1199 amen
219 1145 250 1201 et
279 1139 455 1202 Democrito
490 1143 521 1200 ei
554 1140 684 1201 caeteris
714 1140 854 1202 omuibus
884 1141 949 1218 ejus
986 1139 1052 1200 aevi
1080 1138 1207 1201 Graccis

104 1246 197 1324 igmota
218 1248 326 1323 iuerat,
344 1253 504 1330 postquam
517 1246 715 1327 petulantium
734 1247 891 1309 hominum
911 1247 1087 1308 coniurantis
1107 1247 1207 1308 subito

103 1363 165 1416 nata
190 1356 221 1416 iu
250 1356 415 1436 oreundgi
440 1375 507 1418 esse
532 1355 643 1436 coepi-t,
666 1356 743 1416 hanc
772 1375 893 1438 quoque
918 1356 996 1416 risus
1022 1353 1206 1416 Democritei

103 1462 225 1525 tabulam
247 1463 497 1526 comminiscendi
523 1463 643 1544 copiam
674 1462 799 1525 dederit
851 1462 1000 1524 Nimirum
1026 1463 1074 1523 isti
1093 1447 1138 1524 s'ic
1161 1481 1207 1523 ra-

103 1569 327 1646 tiocinabantur,
347 1579 382 1632 ut
404 1572 456 1653 qui
479 1572 557 1631 inter
583 1572 690 1647 tamea,
719 1571 867 1632 excordes
886 1591 922 1632 ac
944 1570 1061 1651 stipites
1083 1569 1205 1647 viveret,

104 1699 166 1740 cum
185 1679 288 1741 mania
305 1678 459 1740 hominnm
480 1678 579 1741 studio
600 1677 734 1760 quotidie
757 1678 886 1740 videndo
905 1699 1057 1760 nunquam
1079 1698 1140 1742 non
1167 1679 1206 1740 ri-

102 1787 185 1850 dendi
204 1784 333 1849 ruateria
348 1785 500 1848 abundare
521 1787 663 1848 dicerent.
705 1784 793 1846 Adde
813 1788 896 1867 quod
916 1787 1065 1866 Epicurus
1082 1788 1206 1868 ejusque

102 1894 236 1976 discipuli
256 1914 321 1956 non
343 1895 460 1956 minore
482 1893 652 1974 arrogantia
674 1912 763 1974 quam
785 1892 911 1970 inscitia,
941 1915 1000 1975 qna
1021 1900 1050 1955 et
1071 1903 1206 1959 caeteros
1230 1965 1234 1972 ,

102 2004 296 2084 philosophos
312 2009 341 2064 et
357 2002 479 2066 omnino
495 2002 629 2084 reliquos
642 1999 783 2062 mortales
797 2000 1015 2080 despiciebaut¹
1029 2002 1066 2081 ¹),
1089 2005 1207 2083 siguum

102 2112 180 2194 quasi
203 2109 378 2175 hominibus
398 2111 582 2174 'sustulerant
597 2110 634 2170 ad
656 2109 744 2170 talem
759 2109 960 2188 arrogantiam
972 2111 1100 2192 antiquis
1118 2111 1208 2173 ctiam

102 2219 288 2302 philosophis
329 2218 564 2290 attribuendanr;
605 2217 753 2297 siqnidem
780 2216 831 2297 qui
863 2215 949 2278 uullo
979 2236 1042 2280 nou
1071 2225 1207 2298 tempore

103 2325 222 2390 aliorum
244 2327 355 2391 irrisor
374 2333 429 2403 est,
445 2317 512 2388 eum
533 2324 583 2387 vel
598 2325 721 2386 stultum
740 2324 789 2386 vel
807 2331 995 2404 arrogantem
1016 2332 1105 2408 atque
1126 2345 1209 2387 acer-

104 2435 169 2497 bum
189 2458 257 2500 esse
280 2443 411 2517 oportet
458 2435 504 2497 Ea
524 2433 614 2515 igitur
642 2451 710 2494 sors
736 2432 792 2493 iuli
809 2423 984 2508 Democriti,
1005 2445 1039 2494 ut
1057 2455 1150 2516 quum
1170 2433 1208 2495 ab

101 2541 214 2606 incunte
243 2551 343 2607 aetate
367 2543 523 2626 usquead
552 2549 718 2604 extremum
737 2539 816 2600 ritae
838 2538 960 2601 halitum
987 2541 1025 2601 ad
1042 2541 1209 2602 litterarum

103 2651 268 2735 artiumque
293 2651 518 2732 intelligentiam
543 2669 648 2712 ourrres
679 2645 878 2728 cogitationes
905 2665 975 2708 suas
1000 2655 1088 2728 atque
1110 2649 1210 2710 omma

102 2761 193 2822 sardia
209 2760 391 2823 contulisset
413 2779 566 2840 quumque
590 2758 691 2832 vitant,
713 2756 814 2837 quoad
836 2756 901 2832 ejus
922 2755 987 2815 fieri
1009 2763 1121 2834 posset,
1139 2756 1209 2817 soli-

103 2869 199 2930 tariam
221 2877 251 2932 et
273 2869 312 2930 ab
325 2868 480 2930 hominum
502 2866 657 2928 consortio
680 2871 825 2926 remotam
840 2863 1010 2938 scribendo,
1029 2864 1209 2942 meditando,

101 2977 195 3039 lrcrbis
217 2976 409 3057 colligendis,
433 2975 617 3037 dissecandis
638 2973 809 3036 animalium
829 2970 1024 3033 cadaveribus
1044 2979 1209 3051 occupatus

101 3085 213 3164 egisset,
235 3084 450 3147 commenticio
477 3083 536 3146 isto
563 3083 627 3144 risu
662 3079 712 3144 cui
739 3079 816 3140 inter
843 3085 887 3140 tot
909 3084 1068 3158 tarrtosquc
1089 3077 1209 3139 iabores

102 3193 169 3255 rutil
188 3195 251 3258 loci
275 3194 381 3268 iuerat,
400 3211 418 3253 a
439 3193 569 3271 posteris
594 3191 624 3252 in
650 3187 839 3267 arrogantiae
858 3186 1062 3266 suspicionem
1079 3184 1210 3246 adduce-

102 3311 187 3365 retur.
231 3301 296 3385 Qui
315 3301 341 3362 si
362 3300 526 3380 Epicurum
552 3295 691 3379 pcrpctui
715 3295 793 3356 risus
812 3295 1042 3370 iusiurulassont,
1063 3291 1159 3354 multo
1180 3299 1210 3354 et

99 3409 203 3486 justius
227 3413 288 3472 lroc
309 3414 339 3469 et
361 3407 550 3469 commodius
576 3408 677 3468 iacere
696 3407 845 3483 poterant
888 3400 982 3482 Atqui
1005 3402 1139 3482 quamvis
1161 3423 1211 3464 va-

103 3516 212 3582 n'onrm
234 3523 395 3582 auctorum
422 3515 517 3576 verba
551 3535 628 3596 quac
663 3532 744 3573 nurrc
775 3509 920 3572 citatunrs
948 3527 1023 3586 sum,
1051 3509 1122 3569 nihil
1146 3511 1209 3571 veri

104 3629 279 3703 contineant,
300 3645 361 3707 quo
383 3624 422 3686 ad
441 3622 648 3686 illustrandam
668 3620 759 3682 vitam
780 3635 939 3697 moresque
958 3618 1125 3680 Democriti
1148 3625 1210 3679 uta-

105 3753 174 3812 mur,
197 3743 297 3797 tamen
328 3733 420 3796 obibo
448 3733 523 3794 illud
544 3729 697 3812 negotium
721 3724 907 3812 urenroraudi
927 3724 1022 3802 locos,
1044 3747 1081 3787 ox
1103 3725 1210 3807 (paribus

105 3851 226 3921 corrstet,
258 3843 329 3924 quid
360 3841 484 3902 citerior
514 3846 596 3902 actas
623 3841 792 3899 courrncnta
814 3833 853 3894 sit
876 3839 906 3893 et
929 3835 1002 3915 quid
1024 3834 1151 3896 senserit
1173 3835 1210 3894 de

107 3968 146 4026 re,
173 3952 211 4013 de
238 3972 298 4034 qua
323 3950 371 4012 hic
394 3950 571 4029 disputatur.
620 3946 713 4027 erod
743 3943 890 4024 reliquum
918 3951 964 4004 est
994 3943 1023 4003 in
1053 3951 1210 4004 auctmmm
1318 3941 1324 3954 '

108 4129 304 4144 ψ

175 4221 213 4285 ¹¹)
232 4223 309 4283 crrjus
325 4223 363 4272 rct
380 4220 544 4271 lucuteutum
566 4221 607 4267 cst
628 4217 714 4276 totum
743 4213 815 4275 oprul
834 4215 990 4264 Ciceronem
1011 4211 1053 4261 tib.
1075 4213 1082 4261 Ι
1104 4211 1138 4262 do
1160 4213 1210 4259 rrat.

110 4297 179 4351 deor.
198 4303 356 4366 oxcnrplum.
