2984 4876
372 313 457 369 Liber
475 313 524 370 lll.
560 314 632 372 Ado.
652 313 686 368 ad
704 314 784 370 Dera.
804 332 847 388 op.
866 317 961 390 t'rngm.
1165 319 1228 388 257

110 481 251 564 exempla
275 481 434 546 desiderat.
477 483 550 547 Non
572 484 651 546 enim
674 489 758 563 putat
781 502 891 564 graece
913 485 974 549 dici
996 486 1024 549 el
1045 529 1112 540 --
1136 487 1171 552 ἂν
1192 485 1224 574 ᾗ,

108 590 167 653 nisi
189 597 261 672 post
281 588 309 652 el
327 589 456 652 addatur
477 588 523 663 δέ,
552 591 636 674 qnod
664 610 702 653 ex
731 599 818 672 parte
843 611 947 656 verum
975 599 1030 657 est.
1070 595 1150 658 Nam
1173 598 1224 679 qni

108 699 186 762 banc
202 699 378 776 juncturam
407 697 569 776 celebrent,
597 699 675 780 epici
695 699 842 780 imprimis
862 705 979 781 poetae,
1000 709 1053 766 aut
1073 723 1130 787 sep
1149 705 1223 784 adji-

107 825 178 870 cere
210 807 310 870 solent
340 812 393 869 aut
423 802 468 867 δέ.
500 805 567 869 ὈΕ
598 807 682 870 lliad.
708 826 737 888 γ,
760 809 810 871 95.
842 829 868 886 a,
890 809 961 870 295.
1015 809 1073 873 Od.
1103 834 1130 891 a,
1150 815 1221 878 291.

106 913 179 1002 Alia
198 913 337 996 exempla
358 913 427 975 vide
448 933 496 993 ap.
516 915 676 977 Hermann.
699 915 736 977 de
759 921 835 995 part
855 913 892 978 ἄν
906 915 998 980 lib.ll
1018 937 1043 980 c.
1058 920 1086 980 7.
1110 924 1215 1001 Quam·

107 1021 214 1084 obrem
233 1020 319 1106 εἴπερ
339 1021 524 1102 scripsimus.
563 1023 701 1107 Denique
722 1023 753 1086 in
774 1023 1019 1088 antecedentibus
1039 1028 1121 1107 apud
1142 1027 1221 1092 cln-

106 1135 206 1193 terum
227 1129 385 1211 legebatur
414 1127 485 1192 ἀλλ’
518 1127 550 1192 ἐν
578 1129 736 1212 ἀγαθοῖσιν
761 1127 857 1200 ἕντοις
876 1152 909 1193 τε
930 1131 1102 1214 ἀγαθοῖσιν.
1142 1137 1220 1198 liee-

106 1237 210 1302 ranins
243 1239 288 1302 sic
320 1239 438 1320 posuit:
467 1234 538 1302 ἀλλ’
562 1237 593 1301 ἐν
614 1235 775 1320 ἀγαθοῖσίν
798 1237 872 1300 ἐντι·
902 1243 966 1308 τοῖς
986 1261 1020 1302 τε
1042 1240 1218 1322 cimbatum

107 1346 195 1412 male.
238 1347 359 1428 Quippe
390 1343 450 1408 ἐντὶ
479 1345 618 1409 doricum
644 1365 710 1410 esse
739 1352 871 1424 constat,
896 1366 959 1409 non
984 1348 1124 1411 ionicum.
1170 1352 1217 1414 Cl.

107 1455 198 1536 Greg.
219 1455 355 1518 Corinth.
377 1474 407 1536 p.
422 1455 486 1518 280
508 1455 554 1517 ed.
576 1455 695 1518 Scbael.
738 1453 880 1531 Orellius,
902 1455 1054 1518 intellecto
1077 1458 1218 1523 lleerenii
1259 1453 1261 1456 ’

108 1581 221 1641 errore,
243 1570 341 1626 tamen
370 1563 409 1626 ad
439 1565 504 1642 ejus
525 1563 733 1626 auctoritatem
753 1581 786 1624 se
809 1561 979 1642 applicavit
1022 1563 1158 1630 licenius
1179 1570 1217 1632 ad

107 1669 235 1751 Gregor.
260 1669 398 1735 Corinth.
428 1691 458 1754 p.
479 1671 541 1734 376
567 1670 614 1736 cd.
642 1669 762 1734 Sobaei.
787 1669 832 1734 sic
859 1671 1005 1736 correxit:
1033 1667 1078 1738 Οὐ
1100 1674 1215 1740 δίκαιον

105 1775 138 1838 ἐν
160 1781 281 1841 κακοῖσι
309 1775 347 1841 τὰ
374 1778 478 1841 τοιάδε
508 1778 629 1862 κρίνειν,
656 1775 727 1840 ἀλλ’
759 1775 790 1839 ἐν
820 1774 975 1859 ἀγαθοῖσι,
997 1783 1075 1843 τοῖσι
1097 1781 1161 1846 oidv
1183 1805 1217 1848 ra

103 1885 241 1970 χρῆσθαι
269 1883 321 1948 acl
348 1884 425 1970 πρὸς
455 1884 493 1948 τὰ
518 1886 599 1950 κακά
628 1893 685 1950 etc.
715 1891 870 1968 postrema
899 1905 1059 1967 perperam
1081 1896 1216 1954 vertens:

103 1995 148 2058 nti
170 1993 314 2056 adversus
337 1992 423 2055 mala.
470 1995 630 2058 Caeterum
659 1994 744 2057 initio
772 1995 859 2072 buius
885 1995 1042 2074 fragmenti
1068 1998 1218 2062 Burchar·

104 2103 163 2164 dus
186 2101 278 2164 verba
304 2099 379 2182 ἐπήν
402 2121 446 2169 τις
463 2141 529 2152 -
551 2099 693 2185 εὐπόρως
710 2121 772 2164 non
793 2101 865 2164 satis
886 2109 968 2164 recte
990 2103 1109 2166 videtur
1129 2106 1217 2168 intar-

104 2209 235 2291 pretnri:
258 2228 346 2270 wenn
365 2207 409 2271 sie
437 2207 491 2271 das
516 2209 597 2271 Gute
623 2211 705 2272 nicht
733 2229 772 2270 zu
798 2208 890 2271 leiten
911 2210 973 2271 uud
993 2210 1046 2273 mit
1068 2213 1217 2276 Gescbick

103 2338 144 2380 zu
165 2316 302 2398 regieren
324 2317 443 2378 wissen.
478 2316 885 2397 Erroremtypograpbicum
907 2316 955 2379 bic
978 2336 1045 2380 csse
1061 2320 1216 2401 suspicor;

103 2443 173 2486 nam
192 2424 259 2488 sine
286 2425 380 2488 dubio
401 2425 451 2488 ille
469 2425 646 2506 scripserat:
665 2425 748 2485 nicbt
768 2443 806 2485 zu
829 2423 928 2485 leidm
948 2421 1089 2508 (ὀχέειν).

192 2534 241 2596 12.
284 2534 345 2596 Pro
372 2533 483 2596 vitioso
514 2529 561 2613 εἴη
594 2530 649 2614 μὲν
675 2531 759 2611 apud
786 2534 949 2594 cautorum
976 2539 1057 2594 recte
1086 2553 1123 2593 ex
1153 2555 1214 2599 uno

104 2641 213 2704 codice
231 2642 344 2704 editum
364 2648 410 2704 est
427 2641 465 2704 ab
487 2638 638 2703 Heereuio
662 2635 779 2722 εἴημεν,
802 2640 854 2722 qui
876 2638 925 2700 bic
946 2659 1043 2720 pauca
1061 2641 1212 2705 excidisse

103 2748 235 2826 conjicit.
269 2747 428 2812 Existimat
452 2747 541 2826 enim,
564 2748 605 2810 ita
626 2748 691 2809 lere
709 2746 868 2828 scripsisse
882 2749 1098 2824 Democritum
1118 2755 1152 2811 ut
1171 2749 1215 2812 di·

103 2863 187 2920 ceret
204 2855 321 2919 liberos
337 2875 395 2919 nos
417 2858 485 2919 sore
504 2876 522 2918 a
543 2853 637 2931 malis,
657 2854 683 2916 si
704 2855 804 2931 rebnS,
824 2854 904 2918 unde
925 2857 1115 2936 proveniunt,
1131 2866 1214 2919 recte

103 2975 267 3028 uteremur.
311 2963 368 3027 Cui
400 2963 536 3045 opinioni
564 2981 625 3024 non
648 2961 734 3023 valde
762 2963 906 3044 refragor,
928 2965 1104 3045 praesertim
1120 2984 1213 3046 quum

103 3071 216 3152 duplex
239 3071 291 3134 ille
319 3071 470 3152 optativus
499 3067 760 3152 ἐπαυρισκοίμεῦα
783 3077 813 3132 et
834 3067 950 3153 εἴημεν,
973 3071 1011 3133 de
1033 3091 1093 3154 quo
1115 3078 1213 3134 tamen

101 3179 175 3244 nibil
207 3179 312 3243 dicunt
340 3178 508 3242 licerenius
532 3185 563 3240 et
585 3177 732 3254 Orellius‚
766 3177 857 3257 paulo
887 3177 1065 3244 insolentius
1094 3179 1213 3261 positus

101 3289 149 3352 sit
187 3287 338 3350 Nimirum
368 3286 517 3350 seruientia
549 3286 670 3368 utrique
703 3285 838 3366 optativo
873 3282 909 3346 ἂν
937 3286 1114 3366 particulam
1145 3286 1215 3350 addi

101 3395 250 3477 postulat,
276 3396 363 3475 prior
386 3402 486 3457 antem
520 3394 671 3476 optativus
704 3393 733 3456 in
768 3392 961 3456 indicativum
986 3395 1076 3457 etiam
1106 3395 1214 3458 mutari

101 3509 212 3584 potest
241 3503 304 3566 Sed
324 3503 465 3587 quonism
480 3502 510 3563 iu
525 3502 570 3565 liis
586 3502 678 3564 rebus
699 3519 762 3562 non
780 3499 918 3562 omnibus
937 3501 1066 3562 sortasse
1087 3501 1214 3582 scripto-

101 3611 187 3674 ribus
211 3612 317 3673 eadem
338 3609 482 3693 loquendi
502 3627 609 3671 norma
629 3607 817 3670 obtrudendas
836 3615 890 3684 est,
902 3607 1155 3691 Democritusque
1178 3629 1214 3670 ex

101 3717 206 3782 rrltima
227 3719 402 3801 antiquitate
421 3723 503 3780 etex
523 3723 682 3796 poetarum
693 3733 833 3778 sermone
846 3713 939 3776 multa
960 3715 1109 3792 assumsit,
1122 3716 1214 3778 verba

100 3827 177 3890 baec
205 3845 275 3888 cum
299 3823 477 3888 Burchardo
503 3823 615 3886 intacta
643 3821 759 3904 reliqui
808 3821 921 3884 Similis
951 3821 1040 3884 locus
1061 3829 1107 3884 est
1137 3823 1214 3886 inira

100 3933 207 4014 lragrn.
231 3933 304 4009 935,
326 3935 412 4012 cujus
433 3949 495 3993 non
517 3930 652 3993 meminit
669 3929 873 3993 Burcbardus.

192 4042 239 4108 13.
284 4043 344 4104 Pro
365 4037 495 4107 τοίςδεσι
517 4039 637 4101 exaravi
658 4037 799 4111 τοῖςδεαι,
823 4045 856 4098 ut
878 4035 910 4097 in
930 4035 1056 4100 Homeri
1076 4035 1214 4098 carmini-

100 4149 159 4212 bus
181 4167 263 4212 nunc
285 4153 368 4210 recte
387 4146 545 4222 scribitur,
571 4151 728 4226 praeterea
754 4145 808 4206 voci
838 4143 953 4206 mutavi
975 4139 1111 4206 instinc.
1152 4141 1213 4202 Pro

100 4253 311 4342 ἐμπελάζουοι
332 4256 414 4336 apud
442 4253 624 4318 lleerenium
647 4270 763 4330 errore,
790 4257 825 4314 ut
845 4249 973 4329 videtur,
995 4249 1217 4333 typographico

938 4362 976 4423 17
