<?xml version="1.0" encoding="UTF-8"?>
<!DOCTYPE html PUBLIC "-//W3C//DTD XHTML 1.0 Transitional//EN"
    "http://www.w3.org/TR/xhtml1/DTD/xhtml1-transitional.dtd">
<html xmlns="http://www.w3.org/1999/xhtml" xml:lang="en" lang="en">
 <head>
  <title>
</title>
<meta http-equiv="Content-Type" content="text/html;charset=utf-8" />
  <meta name='ocr-system' content='tesseract 3.04.00' />
  <meta name='ocr-capabilities' content='ocr_page ocr_carea ocr_par ocr_line ocrx_word'/>
</head>
<body>
  <div class='ocr_page' id='page_1' title='image "./democritiabderi00mullgoog_0285.png"; bbox 0 0 2938 4864; ppageno 0'>
   <div class='ocr_carea' id='block_1_1' title="bbox 276 286 1067 356">
    <p class='ocr_par' dir='ltr' id='par_1_1' title="bbox 276 286 1067 356">
     <span class='ocr_line' id='line_1_1' title="bbox 276 286 1067 356; baseline -0.013 -2"><span class='ocrx_word' id='word_1_1' title='bbox 276 286 340 354; x_wconf 73' lang='grc'><strong>264</strong></span> <span class='ocrx_word' id='word_1_2' title='bbox 618 292 814 356; x_wconf 68' lang='lat' dir='ltr'><strong>Quaestionum</strong></span> <span class='ocrx_word' id='word_1_3' title='bbox 834 289 1067 344; x_wconf 72' lang='lat' dir='ltr'><strong>Democriteum</strong></span> 
     </span>
    </p>
   </div>
   <div class='ocr_carea' id='block_1_2' title="bbox 278 451 1447 861">
    <p class='ocr_par' dir='ltr' id='par_1_2' title="bbox 278 451 1447 861">
     <span class='ocr_line' id='line_1_2' title="bbox 363 451 1375 540; baseline -0.008 -18"><span class='ocrx_word' id='word_1_4' title='bbox 363 457 414 522; x_wconf 68' lang='lat'><strong>3⁸2.</strong></span> <span class='ocrx_word' id='word_1_5' title='bbox 455 461 641 540; x_wconf 82' lang='lat' dir='ltr'><strong>Depoueuds</strong></span> <span class='ocrx_word' id='word_1_6' title='bbox 659 459 716 522; x_wconf 86' lang='lat' dir='ltr'><strong>luit</strong></span> <span class='ocrx_word' id='word_1_7' title='bbox 736 460 834 522; x_wconf 85' lang='lat' dir='ltr'><strong>lomna</strong></span> <span class='ocrx_word' id='word_1_8' title='bbox 851 455 951 520; x_wconf 87' lang='lat' dir='ltr'><strong>ionica</strong></span> <span class='ocrx_word' id='word_1_9' title='bbox 973 455 1085 540; x_wconf 82' lang='grc' dir='ltr'><strong>μακρή,</strong></span> <span class='ocrx_word' id='word_1_10' title='bbox 1108 475 1198 538; x_wconf 79' lang='lat' dir='ltr'><strong>quum</strong></span> <span class='ocrx_word' id='word_1_11' title='bbox 1219 453 1257 516; x_wconf 86' lang='lat' dir='ltr'><strong>ab</strong></span> <span class='ocrx_word' id='word_1_12' title='bbox 1270 451 1375 516; x_wconf 89' lang='lat' dir='ltr'><strong>Orellio</strong></span> 
     </span>
     <span class='ocr_line' id='line_1_3' title="bbox 279 561 1378 649; baseline -0.004 -24"><span class='ocrx_word' id='word_1_13' title='bbox 279 571 424 629; x_wconf 84' lang='lat' dir='ltr'><strong>retentum</strong></span> <span class='ocrx_word' id='word_1_14' title='bbox 441 569 646 647; x_wconf 88' lang='lat' dir='ltr'><strong>Burohardus,</strong></span> <span class='ocrx_word' id='word_1_15' title='bbox 668 567 773 630; x_wconf 80' lang='lat' dir='ltr'><strong>nescio</strong></span> <span class='ocrx_word' id='word_1_16' title='bbox 795 585 854 649; x_wconf 80' lang='lat' dir='ltr'><strong>quo</strong></span> <span class='ocrx_word' id='word_1_17' title='bbox 874 565 912 629; x_wconf 89' lang='lat' dir='ltr'><strong>de</strong></span> <span class='ocrx_word' id='word_1_18' title='bbox 934 584 1034 639; x_wconf 80' lang='lat' dir='ltr'><strong>censo,</strong></span> <span class='ocrx_word' id='word_1_19' title='bbox 1055 564 1086 624; x_wconf 91' lang='lat' dir='ltr'><strong>in</strong></span> <span class='ocrx_word' id='word_1_20' title='bbox 1108 561 1211 648; x_wconf 79' lang='grc' dir='ltr'>μακρά</span> <span class='ocrx_word' id='word_1_21' title='bbox 1232 562 1378 625; x_wconf 85' lang='lat' dir='ltr'><strong>convertit</strong></span> 
     </span>
     <span class='ocr_line' id='line_1_4' title="bbox 279 672 1380 754; baseline -0.003 -20"><span class='ocrx_word' id='word_1_22' title='bbox 279 673 440 738; x_wconf 75' lang='lat' dir='ltr'>Caeterum</span> <span class='ocrx_word' id='word_1_23' title='bbox 470 675 543 744; x_wconf 80' lang='grc' dir='ltr'>ὁδὸς</span> <span class='ocrx_word' id='word_1_24' title='bbox 569 674 795 743; x_wconf 82' lang='grc' dir='ltr'>ἀπανδόκευτος</span> <span class='ocrx_word' id='word_1_25' title='bbox 829 679 875 736; x_wconf 90' lang='lat' dir='ltr'><strong>est</strong></span> <span class='ocrx_word' id='word_1_26' title='bbox 900 673 964 750; x_wconf 82' lang='lat' dir='ltr'><strong>vis,</strong></span> <span class='ocrx_word' id='word_1_27' title='bbox 1000 672 1051 735; x_wconf 92' lang='lat' dir='ltr'><strong>ubi</strong></span> <span class='ocrx_word' id='word_1_28' title='bbox 1079 672 1164 734; x_wconf 80' lang='lat' dir='ltr'><strong>trulla</strong></span> <span class='ocrx_word' id='word_1_29' title='bbox 1199 672 1380 754; x_wconf 87' lang='lat' dir='ltr'><strong>reperiuntur</strong></span> 
     </span>
     <span class='ocr_line' id='line_1_5' title="bbox 278 777 1447 861; baseline 0.001 -20"><span class='ocrx_word' id='word_1_30' title='bbox 278 779 417 861; x_wconf 81' lang='lat' dir='ltr'><strong>hospitio,</strong></span> <span class='ocrx_word' id='word_1_31' title='bbox 438 784 521 846; x_wconf 86' lang='lat' dir='ltr'><strong>nulla</strong></span> <span class='ocrx_word' id='word_1_32' title='bbox 540 783 722 848; x_wconf 83' lang='lat' dir='ltr'><strong>deversoria.</strong></span> <span class='ocrx_word' id='word_1_33' title='bbox 1446 777 1447 780; x_wconf 69' lang='grc'>’</span> 
     </span>
    </p>
   </div>
   <div class='ocr_carea' id='block_1_3' title="bbox 278 903 1379 1530">
    <p class='ocr_par' dir='ltr' id='par_1_3' title="bbox 278 903 1379 1530">
     <span class='ocr_line' id='line_1_6' title="bbox 364 903 1378 990; baseline -0.004 -21"><span class='ocrx_word' id='word_1_34' title='bbox 364 903 413 970; x_wconf 83' lang='grc'><strong>33.</strong></span> <span class='ocrx_word' id='word_1_35' title='bbox 455 907 527 972; x_wconf 91' lang='lat' dir='ltr'><strong>Non</strong></span> <span class='ocrx_word' id='word_1_36' title='bbox 555 916 669 974; x_wconf 86' lang='lat' dir='ltr'><strong>tautum</strong></span> <span class='ocrx_word' id='word_1_37' title='bbox 693 910 775 990; x_wconf 89' lang='lat' dir='ltr'><strong>apud</strong></span> <span class='ocrx_word' id='word_1_38' title='bbox 803 909 904 970; x_wconf 90' lang='lat' dir='ltr'><strong>Dores</strong></span> <span class='ocrx_word' id='word_1_39' title='bbox 927 904 1015 989; x_wconf 80' lang='grc' dir='ltr'>λιμός</span> <span class='ocrx_word' id='word_1_40' title='bbox 1035 907 1157 988; x_wconf 81' lang='lat' dir='ltr'><strong>generis</strong></span> <span class='ocrx_word' id='word_1_41' title='bbox 1180 905 1312 970; x_wconf 81' lang='lat' dir='ltr'><strong>leuturini</strong></span> <span class='ocrx_word' id='word_1_42' title='bbox 1333 911 1378 980; x_wconf 81' lang='lat' dir='ltr'><strong>est</strong></span> 
     </span>
     <span class='ocr_line' id='line_1_7' title="bbox 279 1013 1377 1099; baseline -0.003 -25"><span class='ocrx_word' id='word_1_43' title='bbox 279 1015 531 1094; x_wconf 82' lang='lat' dir='ltr'><strong>quemadmodum</strong></span> <span class='ocrx_word' id='word_1_44' title='bbox 560 1015 653 1099; x_wconf 82' lang='lat' dir='ltr'><strong>vulgo</strong></span> <span class='ocrx_word' id='word_1_45' title='bbox 680 1015 882 1098; x_wconf 87' lang='lat' dir='ltr'><strong>praecipiunt,</strong></span> <span class='ocrx_word' id='word_1_46' title='bbox 911 1014 966 1078; x_wconf 85' lang='lat' dir='ltr'><strong>sed</strong></span> <span class='ocrx_word' id='word_1_47' title='bbox 993 1015 1082 1078; x_wconf 88' lang='lat' dir='ltr'><strong>etiam</strong></span> <span class='ocrx_word' id='word_1_48' title='bbox 1108 1015 1192 1095; x_wconf 91' lang='lat' dir='ltr'><strong>apud</strong></span> <span class='ocrx_word' id='word_1_49' title='bbox 1223 1015 1316 1078; x_wconf 81' lang='lat' dir='ltr'><strong>dones</strong></span> <span class='ocrx_word' id='word_1_50' title='bbox 1343 1013 1377 1075; x_wconf 78' lang='lat' dir='ltr'><strong>sic</strong></span> 
     </span>
     <span class='ocr_line' id='line_1_8' title="bbox 280 1123 1377 1202; baseline -0.003 -19"><span class='ocrx_word' id='word_1_51' title='bbox 280 1129 457 1202; x_wconf 78' lang='lat' dir='ltr'><strong>usurpatum</strong></span> <span class='ocrx_word' id='word_1_52' title='bbox 479 1123 639 1202; x_wconf 85' lang='lat' dir='ltr'><strong>iuvenitur,</strong></span> <span class='ocrx_word' id='word_1_53' title='bbox 666 1131 700 1188; x_wconf 92' lang='lat' dir='ltr'><strong>ut</strong></span> <span class='ocrx_word' id='word_1_54' title='bbox 720 1145 757 1188; x_wconf 90' lang='lat' dir='ltr'><strong>ex</strong></span> <span class='ocrx_word' id='word_1_55' title='bbox 779 1123 838 1188; x_wconf 89' lang='lat' dir='ltr'><strong>hoo</strong></span> <span class='ocrx_word' id='word_1_56' title='bbox 860 1131 890 1186; x_wconf 88' lang='lat' dir='ltr'><strong>et</strong></span> <span class='ocrx_word' id='word_1_57' title='bbox 909 1123 975 1186; x_wconf 80' lang='lat' dir='ltr'><strong>aliis</strong></span> <span class='ocrx_word' id='word_1_58' title='bbox 995 1123 1073 1186; x_wconf 87' lang='lat' dir='ltr'><strong>locis</strong></span> <span class='ocrx_word' id='word_1_59' title='bbox 1092 1129 1186 1202; x_wconf 72' lang='lat' dir='ltr'><strong>patet.</strong></span> <span class='ocrx_word' id='word_1_60' title='bbox 1236 1123 1283 1186; x_wconf 87' lang='lat' dir='ltr'><strong>Cl.</strong></span> <span class='ocrx_word' id='word_1_61' title='bbox 1302 1123 1377 1184; x_wconf 87' lang='lat' dir='ltr'><strong>Hom.</strong></span> 
     </span>
     <span class='ocr_line' id='line_1_9' title="bbox 278 1225 1378 1312; baseline -0.003 -23"><span class='ocrx_word' id='word_1_62' title='bbox 278 1227 387 1308; x_wconf 84' lang='lat' dir='ltr'><strong>Hymn.</strong></span> <span class='ocrx_word' id='word_1_63' title='bbox 407 1231 475 1294; x_wconf 84' lang='lat' dir='ltr'><strong>Cer.</strong></span> <span class='ocrx_word' id='word_1_64' title='bbox 498 1233 569 1296; x_wconf 79' lang='lat'><strong>312.</strong></span> <span class='ocrx_word' id='word_1_65' title='bbox 618 1232 701 1296; x_wconf 89' lang='lat' dir='ltr'><strong>ldem</strong></span> <span class='ocrx_word' id='word_1_66' title='bbox 729 1249 803 1296; x_wconf 87' lang='lat' dir='ltr'><strong>usus</strong></span> <span class='ocrx_word' id='word_1_67' title='bbox 830 1231 911 1312; x_wconf 89' lang='lat' dir='ltr'><strong>apud</strong></span> <span class='ocrx_word' id='word_1_68' title='bbox 939 1231 1127 1312; x_wconf 84' lang='lat' dir='ltr'><strong>posteriores</strong></span> <span class='ocrx_word' id='word_1_69' title='bbox 1156 1231 1209 1312; x_wconf 88' lang='lat' dir='ltr'><strong>qui</strong></span> <span class='ocrx_word' id='word_1_70' title='bbox 1241 1225 1378 1292; x_wconf 85' lang='lat' dir='ltr'><strong>communi</strong></span> 
     </span>
     <span class='ocr_line' id='line_1_10' title="bbox 278 1334 1378 1420; baseline 0 -24"><span class='ocrx_word' id='word_1_71' title='bbox 278 1334 381 1415; x_wconf 81' lang='lat' dir='ltr'><strong>lingua</strong></span> <span class='ocrx_word' id='word_1_72' title='bbox 406 1339 607 1420; x_wconf 87' lang='lat' dir='ltr'><strong>scripserunt,</strong></span> <span class='ocrx_word' id='word_1_73' title='bbox 636 1337 755 1404; x_wconf 81' lang='lat' dir='ltr'><strong>euoluit.</strong></span> <span class='ocrx_word' id='word_1_74' title='bbox 806 1339 876 1404; x_wconf 87' lang='lat' dir='ltr'><strong>Vid.</strong></span> <span class='ocrx_word' id='word_1_75' title='bbox 904 1339 1026 1403; x_wconf 79' lang='lat' dir='ltr'><strong>Jacobs.</strong></span> <span class='ocrx_word' id='word_1_76' title='bbox 1057 1339 1182 1402; x_wconf 80' lang='lat' dir='ltr'><strong>Authol.</strong></span> <span class='ocrx_word' id='word_1_77' title='bbox 1206 1338 1268 1400; x_wconf 83' lang='lat' dir='ltr'><strong>Pol.</strong></span> <span class='ocrx_word' id='word_1_78' title='bbox 1291 1359 1319 1418; x_wconf 88' lang='lat' dir='ltr'><strong>p.</strong></span> <span class='ocrx_word' id='word_1_79' title='bbox 1342 1336 1378 1398; x_wconf 84' lang='lat'><strong>19.</strong></span> 
     </span>
     <span class='ocr_line' id='line_1_11' title="bbox 280 1445 1379 1530; baseline -0.005 -24"><span class='ocrx_word' id='word_1_80' title='bbox 280 1445 371 1506; x_wconf 77' lang='lat' dir='ltr'><strong>tutu.</strong></span> <span class='ocrx_word' id='word_1_81' title='bbox 415 1446 602 1510; x_wconf 87' lang='lat' dir='ltr'><strong>Vertendum</strong></span> <span class='ocrx_word' id='word_1_82' title='bbox 630 1453 676 1510; x_wconf 87' lang='lat' dir='ltr'><strong>est</strong></span> <span class='ocrx_word' id='word_1_83' title='bbox 704 1445 824 1530; x_wconf 69' lang='grc' dir='ltr'><strong>ἀγαθοῦ</strong></span> <span class='ocrx_word' id='word_1_84' title='bbox 846 1449 906 1510; x_wconf 89' lang='lat' dir='ltr'><strong>hoc</strong></span> <span class='ocrx_word' id='word_1_85' title='bbox 932 1447 1003 1511; x_wconf 92' lang='lat' dir='ltr'><strong>loco</strong></span> <span class='ocrx_word' id='word_1_86' title='bbox 1030 1447 1086 1509; x_wconf 89' lang='lat' dir='ltr'><strong>viri</strong></span> <span class='ocrx_word' id='word_1_87' title='bbox 1107 1447 1286 1528; x_wconf 70' lang='lat' dir='ltr'><strong>prudentii,</strong></span> <span class='ocrx_word' id='word_1_88' title='bbox 1307 1447 1379 1524; x_wconf 73' lang='lat' dir='ltr'><strong>cnjus</strong></span> 
     </span>
    </p>
   </div>
   <div class='ocr_carea' id='block_1_4' title="bbox 278 1549 1379 1726">
    <p class='ocr_par' dir='ltr' id='par_1_4' title="bbox 278 1549 1379 1726">
     <span class='ocr_line' id='line_1_12' title="bbox 278 1549 1379 1637; baseline -0.004 -23"><span class='ocrx_word' id='word_1_89' title='bbox 278 1549 465 1634; x_wconf 80' lang='lat' dir='ltr'><strong>significatus</strong></span> <span class='ocrx_word' id='word_1_90' title='bbox 489 1555 583 1636; x_wconf 81' lang='lat' dir='ltr'><strong>poulo</strong></span> <span class='ocrx_word' id='word_1_91' title='bbox 609 1555 734 1618; x_wconf 88' lang='lat' dir='ltr'><strong>rarioris</strong></span> <span class='ocrx_word' id='word_1_92' title='bbox 762 1555 899 1637; x_wconf 84' lang='lat' dir='ltr'><strong>exemplo</strong></span> <span class='ocrx_word' id='word_1_93' title='bbox 921 1554 990 1618; x_wconf 85' lang='lat' dir='ltr'><strong>vide</strong></span> <span class='ocrx_word' id='word_1_94' title='bbox 1011 1556 1043 1617; x_wconf 91' lang='lat' dir='ltr'><strong>iu</strong></span> <span class='ocrx_word' id='word_1_95' title='bbox 1062 1556 1168 1636; x_wconf 78' lang='lat' dir='ltr'><strong>steph.</strong></span> <span class='ocrx_word' id='word_1_96' title='bbox 1192 1555 1283 1616; x_wconf 82' lang='lat' dir='ltr'><strong>Thes.</strong></span> <span class='ocrx_word' id='word_1_97' title='bbox 1300 1549 1379 1613; x_wconf 86' lang='lat' dir='ltr'><strong>voll</strong></span> 
     </span>
     <span class='ocr_line' id='line_1_13' title="bbox 279 1661 577 1726; baseline 0.013 -4"><span class='ocrx_word' id='word_1_98' title='bbox 279 1661 337 1724; x_wconf 88' lang='lat' dir='ltr'><strong>col.</strong></span> <span class='ocrx_word' id='word_1_99' title='bbox 359 1665 418 1724; x_wconf 79' lang='lat'><strong>119</strong></span> <span class='ocrx_word' id='word_1_100' title='bbox 437 1663 484 1724; x_wconf 87' lang='lat' dir='ltr'><strong>ed.</strong></span> <span class='ocrx_word' id='word_1_101' title='bbox 508 1665 577 1726; x_wconf 82' lang='lat' dir='ltr'><strong>llus.</strong></span> 
     </span>
    </p>
   </div>
   <div class='ocr_carea' id='block_1_5' title="bbox 276 1785 1379 2839">
    <p class='ocr_par' dir='ltr' id='par_1_5' title="bbox 276 1785 1379 2839">
     <span class='ocr_line' id='line_1_14' title="bbox 363 1785 1378 1872; baseline -0.006 -22"><span class='ocrx_word' id='word_1_102' title='bbox 363 1787 411 1850; x_wconf 85' lang='lat' dir='ltr'><strong>3t.</strong></span> <span class='ocrx_word' id='word_1_103' title='bbox 455 1787 624 1869; x_wconf 81' lang='lat' dir='ltr'><strong>Flagitonte</strong></span> <span class='ocrx_word' id='word_1_104' title='bbox 642 1789 788 1852; x_wconf 79' lang='lat' dir='ltr'><strong>sententio</strong></span> <span class='ocrx_word' id='word_1_105' title='bbox 816 1810 873 1871; x_wconf 90' lang='lat' dir='ltr'><strong>pro</strong></span> <span class='ocrx_word' id='word_1_106' title='bbox 895 1788 1046 1872; x_wconf 75' lang='grc' dir='ltr'>γενόμενα</span> <span class='ocrx_word' id='word_1_107' title='bbox 1068 1790 1220 1852; x_wconf 84' lang='lat' dir='ltr'><strong>edidimus</strong></span> <span class='ocrx_word' id='word_1_108' title='bbox 1239 1785 1378 1869; x_wconf 76' lang='grc' dir='ltr'>γινόμενα.</span> 
     </span>
     <span class='ocr_line' id='line_1_15' title="bbox 277 1894 1378 1976; baseline -0.005 -20"><span class='ocrx_word' id='word_1_109' title='bbox 277 1895 360 1957; x_wconf 89' lang='lat' dir='ltr'><strong>Idem</strong></span> <span class='ocrx_word' id='word_1_110' title='bbox 386 1895 445 1960; x_wconf 83' lang='lat' dir='ltr'><strong>lroc</strong></span> <span class='ocrx_word' id='word_1_111' title='bbox 471 1897 669 1976; x_wconf 78' lang='lat' dir='ltr'><strong>fragmentum</strong></span> <span class='ocrx_word' id='word_1_112' title='bbox 697 1903 848 1960; x_wconf 88' lang='lat' dir='ltr'><strong>servatum</strong></span> <span class='ocrx_word' id='word_1_113' title='bbox 877 1903 923 1959; x_wconf 91' lang='lat' dir='ltr'><strong>est</strong></span> <span class='ocrx_word' id='word_1_114' title='bbox 951 1897 1041 1959; x_wconf 87' lang='lat' dir='ltr'><strong>ctiam</strong></span> <span class='ocrx_word' id='word_1_115' title='bbox 1066 1896 1104 1958; x_wconf 86' lang='lat' dir='ltr'><strong>ab</strong></span> <span class='ocrx_word' id='word_1_116' title='bbox 1124 1897 1240 1959; x_wconf 81' lang='lat' dir='ltr'><strong>Aulon.</strong></span> <span class='ocrx_word' id='word_1_117' title='bbox 1266 1901 1294 1958; x_wconf 90' lang='lat' dir='ltr'><strong>ct</strong></span> <span class='ocrx_word' id='word_1_118' title='bbox 1311 1894 1378 1956; x_wconf 82' lang='lat' dir='ltr'><strong>linx.</strong></span> 
     </span>
     <span class='ocr_line' id='line_1_16' title="bbox 276 1999 1379 2085; baseline -0.003 -21"><span class='ocrx_word' id='word_1_119' title='bbox 276 2022 307 2082; x_wconf 88' lang='lat' dir='ltr'><strong>p.</strong></span> <span class='ocrx_word' id='word_1_120' title='bbox 329 2005 378 2078; x_wconf 90' lang='grc'><strong>55,</strong></span> <span class='ocrx_word' id='word_1_121' title='bbox 397 2005 500 2066; x_wconf 87' lang='lat' dir='ltr'><strong>addito</strong></span> <span class='ocrx_word' id='word_1_122' title='bbox 522 2004 659 2066; x_wconf 87' lang='lat' dir='ltr'><strong>lemmate</strong></span> <span class='ocrx_word' id='word_1_123' title='bbox 679 2005 816 2084; x_wconf 72' lang='lat' dir='ltr'><strong>Epictiti</strong></span> <span class='ocrx_word' id='word_1_124' title='bbox 838 2007 871 2085; x_wconf 88' lang='lat' dir='ltr'><strong>(i.</strong></span> <span class='ocrx_word' id='word_1_125' title='bbox 894 2025 920 2068; x_wconf 91' lang='lat' dir='ltr'><strong>c.</strong></span> <span class='ocrx_word' id='word_1_126' title='bbox 942 2004 1088 2085; x_wconf 82' lang='lat' dir='ltr'><strong>Epicteti)</strong></span> <span class='ocrx_word' id='word_1_127' title='bbox 1114 2007 1158 2085; x_wconf 81' lang='lat' dir='ltr'><strong>ul.</strong></span> <span class='ocrx_word' id='word_1_128' title='bbox 1178 2005 1298 2067; x_wconf 76' lang='lat' dir='ltr'><strong>incerti.</strong></span> <span class='ocrx_word' id='word_1_129' title='bbox 1335 1999 1379 2061; x_wconf 89' lang='lat' dir='ltr'><strong>Vi-</strong></span> 
     </span>
     <span class='ocr_line' id='line_1_17' title="bbox 278 2105 1378 2192; baseline -0.005 -21"><span class='ocrx_word' id='word_1_130' title='bbox 278 2110 365 2172; x_wconf 89' lang='lat' dir='ltr'><strong>detur</strong></span> <span class='ocrx_word' id='word_1_131' title='bbox 386 2118 483 2174; x_wconf 86' lang='lat' dir='ltr'><strong>nutem</strong></span> <span class='ocrx_word' id='word_1_132' title='bbox 512 2133 550 2174; x_wconf 87' lang='lat' dir='ltr'><strong>cx</strong></span> <span class='ocrx_word' id='word_1_133' title='bbox 574 2113 750 2190; x_wconf 82' lang='lat' dir='ltr'><strong>Democriti,</strong></span> <span class='ocrx_word' id='word_1_134' title='bbox 773 2113 913 2175; x_wconf 82' lang='lat' dir='ltr'><strong>Isocratis</strong></span> <span class='ocrx_word' id='word_1_135' title='bbox 935 2117 965 2174; x_wconf 90' lang='lat' dir='ltr'><strong>et</strong></span> <span class='ocrx_word' id='word_1_136' title='bbox 985 2111 1114 2192; x_wconf 87' lang='lat' dir='ltr'><strong>Epicteti</strong></span> <span class='ocrx_word' id='word_1_137' title='bbox 1137 2112 1293 2174; x_wconf 84' lang='lat' dir='ltr'><strong>sententiis</strong></span> <span class='ocrx_word' id='word_1_138' title='bbox 1313 2105 1378 2171; x_wconf 80' lang='lat' dir='ltr'><strong>onti-</strong></span> 
     </span>
     <span class='ocr_line' id='line_1_18' title="bbox 277 2213 1378 2303; baseline -0.009 -21"><span class='ocrx_word' id='word_1_139' title='bbox 277 2240 337 2302; x_wconf 83' lang='lat' dir='ltr'><strong>quu</strong></span> <span class='ocrx_word' id='word_1_140' title='bbox 365 2227 461 2283; x_wconf 85' lang='lat' dir='ltr'><strong>actute</strong></span> <span class='ocrx_word' id='word_1_141' title='bbox 492 2219 628 2284; x_wconf 88' lang='lat' dir='ltr'><strong>collectis</strong></span> <span class='ocrx_word' id='word_1_142' title='bbox 651 2222 777 2301; x_wconf 88' lang='lat' dir='ltr'><strong>petitum</strong></span> <span class='ocrx_word' id='word_1_143' title='bbox 801 2241 886 2295; x_wconf 85' lang='lat' dir='ltr'><strong>esse;</strong></span> <span class='ocrx_word' id='word_1_144' title='bbox 918 2219 948 2282; x_wconf 89' lang='lat' dir='ltr'><strong>id</strong></span> <span class='ocrx_word' id='word_1_145' title='bbox 973 2221 1067 2303; x_wconf 69' lang='lat' dir='ltr'><strong>quod,</strong></span> <span class='ocrx_word' id='word_1_146' title='bbox 1081 2221 1229 2300; x_wconf 82' lang='lat' dir='ltr'><strong>conjicias</strong></span> <span class='ocrx_word' id='word_1_147' title='bbox 1251 2239 1287 2280; x_wconf 85' lang='lat' dir='ltr'><strong>ex</strong></span> <span class='ocrx_word' id='word_1_148' title='bbox 1305 2213 1378 2278; x_wconf 87' lang='lat' dir='ltr'><strong>Stob.</strong></span> 
     </span>
     <span class='ocr_line' id='line_1_19' title="bbox 276 2317 1377 2410; baseline -0.007 -20"><span class='ocrx_word' id='word_1_149' title='bbox 276 2327 360 2390; x_wconf 86' lang='lat' dir='ltr'><strong>Flor.</strong></span> <span class='ocrx_word' id='word_1_150' title='bbox 383 2329 434 2405; x_wconf 91' lang='lat' dir='ltr'><strong>Vl,</strong></span> <span class='ocrx_word' id='word_1_151' title='bbox 454 2330 503 2406; x_wconf 88' lang='grc'><strong>59,</strong></span> <span class='ocrx_word' id='word_1_152' title='bbox 526 2329 578 2390; x_wconf 93' lang='lat' dir='ltr'><strong>ubi</strong></span> <span class='ocrx_word' id='word_1_153' title='bbox 601 2329 679 2391; x_wconf 87' lang='lat' dir='ltr'><strong>idern</strong></span> <span class='ocrx_word' id='word_1_154' title='bbox 704 2337 800 2392; x_wconf 79' lang='lat' dir='ltr'><strong>crustat</strong></span> <span class='ocrx_word' id='word_1_155' title='bbox 822 2331 956 2410; x_wconf 83' lang='lat' dir='ltr'><strong>lragmcn</strong></span> <span class='ocrx_word' id='word_1_156' title='bbox 982 2328 1123 2410; x_wconf 81' lang='lat' dir='ltr'><strong>opposito</strong></span> <span class='ocrx_word' id='word_1_157' title='bbox 1148 2326 1238 2391; x_wconf 90' lang='lat' dir='ltr'><strong>titulo</strong></span> <span class='ocrx_word' id='word_1_158' title='bbox 1260 2327 1312 2387; x_wconf 84' lang='grc' dir='ltr'><strong>τοῦ</strong></span> <span class='ocrx_word' id='word_1_159' title='bbox 1335 2317 1377 2382; x_wconf 85' lang='lat' dir='ltr'><strong>ui·</strong></span> 
     </span>
     <span class='ocr_line' id='line_1_20' title="bbox 276 2427 1377 2520; baseline -0.004 -24"><span class='ocrx_word' id='word_1_160' title='bbox 276 2438 343 2513; x_wconf 77' lang='lat' dir='ltr'><strong>eoi,</strong></span> <span class='ocrx_word' id='word_1_161' title='bbox 363 2455 541 2519; x_wconf 80' lang='lat' dir='ltr'><strong>quamquem</strong></span> <span class='ocrx_word' id='word_1_162' title='bbox 563 2437 748 2516; x_wconf 79' lang='lat' dir='ltr'><strong>praecedens</strong></span> <span class='ocrx_word' id='word_1_163' title='bbox 769 2440 968 2520; x_wconf 77' lang='lat' dir='ltr'><strong>fragmentum</strong></span> <span class='ocrx_word' id='word_1_164' title='bbox 990 2439 1031 2500; x_wconf 88' lang='grc'><strong>58</strong></span> <span class='ocrx_word' id='word_1_165' title='bbox 1064 2433 1097 2497; x_wconf 86' lang='grc' dir='ltr'><strong>ἐκ</strong></span> <span class='ocrx_word' id='word_1_166' title='bbox 1122 2439 1184 2498; x_wconf 86' lang='grc' dir='ltr'><strong>τῶν</strong></span> <span class='ocrx_word' id='word_1_167' title='bbox 1208 2427 1377 2511; x_wconf 75' lang='grc' dir='ltr'><strong>Ἐπικτήτου</strong></span> 
     </span>
     <span class='ocr_line' id='line_1_21' title="bbox 278 2541 1377 2627; baseline -0.008 -23"><span class='ocrx_word' id='word_1_168' title='bbox 278 2541 603 2626; x_wconf 75' lang='grc' dir='ltr'>ἀπομνημονευμάτων</span> <span class='ocrx_word' id='word_1_169' title='bbox 629 2547 808 2627; x_wconf 88' lang='lat' dir='ltr'><strong>inscriptum</strong></span> <span class='ocrx_word' id='word_1_170' title='bbox 834 2550 889 2621; x_wconf 85' lang='lat' dir='ltr'><strong>est,</strong></span> <span class='ocrx_word' id='word_1_171' title='bbox 919 2547 973 2605; x_wconf 81' lang='grc' dir='ltr'><strong>τοῦ</strong></span> <span class='ocrx_word' id='word_1_172' title='bbox 995 2541 1089 2605; x_wconf 83' lang='grc' dir='ltr'>αὐτοῦ</span> <span class='ocrx_word' id='word_1_173' title='bbox 1112 2552 1215 2606; x_wconf 86' lang='lat' dir='ltr'><strong>autern</strong></span> <span class='ocrx_word' id='word_1_174' title='bbox 1235 2541 1299 2604; x_wconf 89' lang='lat' dir='ltr'><strong>siue</strong></span> <span class='ocrx_word' id='word_1_175' title='bbox 1317 2553 1377 2598; x_wconf 92' lang='lat' dir='ltr'><strong>cou-</strong></span> 
     </span>
     <span class='ocr_line' id='line_1_22' title="bbox 276 2643 1376 2732; baseline -0.007 -20"><span class='ocrx_word' id='word_1_176' title='bbox 276 2649 424 2712; x_wconf 83' lang='lat' dir='ltr'><strong>troversiu</strong></span> <span class='ocrx_word' id='word_1_177' title='bbox 446 2652 484 2713; x_wconf 90' lang='lat' dir='ltr'><strong>ad</strong></span> <span class='ocrx_word' id='word_1_178' title='bbox 501 2653 709 2715; x_wconf 89' lang='lat' dir='ltr'><strong>Democritum</strong></span> <span class='ocrx_word' id='word_1_179' title='bbox 732 2656 870 2729; x_wconf 79' lang='lat' dir='ltr'><strong>retertur,</strong></span> <span class='ocrx_word' id='word_1_180' title='bbox 894 2653 980 2730; x_wconf 90' lang='lat' dir='ltr'><strong>cnjus</strong></span> <span class='ocrx_word' id='word_1_181' title='bbox 1001 2669 1111 2712; x_wconf 85' lang='lat' dir='ltr'><strong>nomen</strong></span> <span class='ocrx_word' id='word_1_182' title='bbox 1133 2652 1331 2732; x_wconf 82' lang='lat' dir='ltr'><strong>fragmentum</strong></span> <span class='ocrx_word' id='word_1_183' title='bbox 1344 2643 1376 2705; x_wconf 82' lang='lat'><strong>57</strong></span> 
     </span>
     <span class='ocr_line' id='line_1_23' title="bbox 276 2754 538 2839; baseline 0.004 -19"><span class='ocrx_word' id='word_1_184' title='bbox 276 2754 307 2820; x_wconf 89' lang='lat' dir='ltr'><strong>iu</strong></span> <span class='ocrx_word' id='word_1_185' title='bbox 330 2758 428 2821; x_wconf 80' lang='lat' dir='ltr'><strong>l&#39;ronte</strong></span> <span class='ocrx_word' id='word_1_186' title='bbox 451 2759 538 2839; x_wconf 84' lang='lat' dir='ltr'><strong>gerit.</strong></span> 
     </span>
    </p>
   </div>
   <div class='ocr_carea' id='block_1_6' title="bbox 274 2879 1376 3486">
    <p class='ocr_par' dir='ltr' id='par_1_6' title="bbox 274 2879 1376 3486">
     <span class='ocr_line' id='line_1_24' title="bbox 335 2879 1376 2972; baseline -0.003 -25"><span class='ocrx_word' id='word_1_187' title='bbox 335 2883 410 2972; x_wconf 21' lang='lat'><strong>¹35.</strong></span> <span class='ocrx_word' id='word_1_188' title='bbox 450 2884 644 2949; x_wconf 86' lang='lat' dir='ltr'><strong>Burelmrdus</strong></span> <span class='ocrx_word' id='word_1_189' title='bbox 661 2889 722 2965; x_wconf 85' lang='lat' dir='ltr'><strong>jam</strong></span> <span class='ocrx_word' id='word_1_190' title='bbox 745 2889 877 2951; x_wconf 79' lang='lat' dir='ltr'><strong>correxit</strong></span> <span class='ocrx_word' id='word_1_191' title='bbox 899 2883 998 2946; x_wconf 65' lang='grc' dir='ltr'>ποιέει</span> <span class='ocrx_word' id='word_1_192' title='bbox 1017 2905 1075 2967; x_wconf 89' lang='lat' dir='ltr'><strong>pro</strong></span> <span class='ocrx_word' id='word_1_193' title='bbox 1097 2889 1188 2946; x_wconf 71' lang='lat' dir='ltr'><strong>corsi.</strong></span> <span class='ocrx_word' id='word_1_194' title='bbox 1232 2885 1298 2946; x_wconf 89' lang='lat' dir='ltr'><strong>Nos</strong></span> <span class='ocrx_word' id='word_1_195' title='bbox 1326 2879 1376 2940; x_wconf 61' lang='lat' dir='ltr'><strong>tut*</strong></span> 
     </span>
     <span class='ocr_line' id='line_1_25' title="bbox 277 2989 1376 3078; baseline -0.008 -17"><span class='ocrx_word' id='word_1_196' title='bbox 277 2989 402 3070; x_wconf 68' lang='lat' dir='ltr'><strong>reticio</strong></span> <span class='ocrx_word' id='word_1_197' title='bbox 433 2991 480 3054; x_wconf 87' lang='lat' dir='ltr'><strong>vel</strong></span> <span class='ocrx_word' id='word_1_198' title='bbox 507 2994 601 3073; x_wconf 79' lang='lat' dir='ltr'><strong>magis</strong></span> <span class='ocrx_word' id='word_1_199' title='bbox 627 2995 725 3059; x_wconf 84' lang='lat' dir='ltr'><strong>ionico</strong></span> <span class='ocrx_word' id='word_1_200' title='bbox 755 2993 921 3078; x_wconf 73' lang='grc' dir='ltr'>ἑπιμέζονα</span> <span class='ocrx_word' id='word_1_201' title='bbox 952 2993 1114 3073; x_wconf 83' lang='lat' dir='ltr'><strong>legendum</strong></span> <span class='ocrx_word' id='word_1_202' title='bbox 1144 3011 1301 3056; x_wconf 88' lang='lat' dir='ltr'><strong>censemus</strong></span> <span class='ocrx_word' id='word_1_203' title='bbox 1328 3003 1376 3068; x_wconf 79' lang='lat' dir='ltr'><strong>pro</strong></span> 
     </span>
     <span class='ocr_line' id='line_1_26' title="bbox 276 3096 1376 3182; baseline -0.004 -22"><span class='ocrx_word' id='word_1_204' title='bbox 276 3096 320 3160; x_wconf 80' lang='grc' dir='ltr'><strong>ἔτι</strong></span> <span class='ocrx_word' id='word_1_205' title='bbox 344 3097 478 3180; x_wconf 70' lang='grc' dir='ltr'><strong>μείζονα.</strong></span> <span class='ocrx_word' id='word_1_206' title='bbox 526 3103 572 3164; x_wconf 83' lang='lat' dir='ltr'><strong>Cf.</strong></span> <span class='ocrx_word' id='word_1_207' title='bbox 592 3103 769 3164; x_wconf 84' lang='lat' dir='ltr'><strong>Sclmeideri</strong></span> <span class='ocrx_word' id='word_1_208' title='bbox 789 3102 918 3164; x_wconf 86' lang='lat' dir='ltr'><strong>lexicon.</strong></span> <span class='ocrx_word' id='word_1_209' title='bbox 962 3101 1047 3164; x_wconf 86' lang='lat' dir='ltr'><strong>Licet</strong></span> <span class='ocrx_word' id='word_1_210' title='bbox 1073 3121 1146 3164; x_wconf 88' lang='lat' dir='ltr'><strong>vero</strong></span> <span class='ocrx_word' id='word_1_211' title='bbox 1169 3112 1291 3182; x_wconf 87' lang='lat' dir='ltr'><strong>practer</strong></span> <span class='ocrx_word' id='word_1_212' title='bbox 1308 3099 1376 3159; x_wconf 84' lang='lat' dir='ltr'><strong>uum</strong></span> 
     </span>
     <span class='ocr_line' id='line_1_27' title="bbox 276 3203 1375 3293; baseline -0.007 -23"><span class='ocrx_word' id='word_1_213' title='bbox 276 3208 376 3270; x_wconf 92' lang='lat' dir='ltr'><strong>locum</strong></span> <span class='ocrx_word' id='word_1_214' title='bbox 406 3209 516 3287; x_wconf 86' lang='lat' dir='ltr'><strong>nullus,</strong></span> <span class='ocrx_word' id='word_1_215' title='bbox 552 3211 635 3291; x_wconf 92' lang='lat' dir='ltr'><strong>quod</strong></span> <span class='ocrx_word' id='word_1_216' title='bbox 669 3211 770 3287; x_wconf 79' lang='lat' dir='ltr'><strong>sciam,</strong></span> <span class='ocrx_word' id='word_1_217' title='bbox 810 3209 985 3285; x_wconf 88' lang='lat' dir='ltr'><strong>inveniatur,</strong></span> <span class='ocrx_word' id='word_1_218' title='bbox 1017 3210 1068 3293; x_wconf 91' lang='lat' dir='ltr'><strong>qui</strong></span> <span class='ocrx_word' id='word_1_219' title='bbox 1103 3209 1189 3272; x_wconf 89' lang='lat' dir='ltr'><strong>vocis</strong></span> <span class='ocrx_word' id='word_1_220' title='bbox 1225 3203 1375 3290; x_wconf 69' lang='grc' dir='ltr'>ἐπιμείίων</span> 
     </span>
     <span class='ocr_line' id='line_1_28' title="bbox 275 3309 1376 3398; baseline -0.002 -22"><span class='ocrx_word' id='word_1_221' title='bbox 275 3313 446 3394; x_wconf 87' lang='lat' dir='ltr'><strong>exemplum</strong></span> <span class='ocrx_word' id='word_1_222' title='bbox 470 3317 631 3395; x_wconf 85' lang='lat' dir='ltr'><strong>contineat,</strong></span> <span class='ocrx_word' id='word_1_223' title='bbox 659 3325 758 3380; x_wconf 83' lang='lat' dir='ltr'><strong>tomen</strong></span> <span class='ocrx_word' id='word_1_224' title='bbox 786 3317 885 3398; x_wconf 90' lang='lat' dir='ltr'><strong>ipsum</strong></span> <span class='ocrx_word' id='word_1_225' title='bbox 906 3317 1086 3380; x_wconf 82' lang='lat' dir='ltr'><strong>vocobulum</strong></span> <span class='ocrx_word' id='word_1_226' title='bbox 1108 3317 1228 3398; x_wconf 78' lang='lat' dir='ltr'><strong>linguae</strong></span> <span class='ocrx_word' id='word_1_227' title='bbox 1250 3309 1376 3391; x_wconf 77' lang='lat' dir='ltr'><strong>analogia</strong></span> 
     </span>
     <span class='ocr_line' id='line_1_29' title="bbox 274 3422 477 3486; baseline 0.015 -4"><span class='ocrx_word' id='word_1_228' title='bbox 274 3422 347 3483; x_wconf 87' lang='lat' dir='ltr'><strong>satis</strong></span> <span class='ocrx_word' id='word_1_229' title='bbox 370 3427 477 3486; x_wconf 87' lang='lat' dir='ltr'><strong>tuetur.</strong></span> 
     </span>
    </p>
   </div>
   <div class='ocr_carea' id='block_1_7' title="bbox 276 3541 1373 3718">
    <p class='ocr_par' dir='ltr' id='par_1_7' title="bbox 276 3541 1373 3718">
     <span class='ocr_line' id='line_1_30' title="bbox 359 3541 1373 3632; baseline -0.002 -22"><span class='ocrx_word' id='word_1_230' title='bbox 359 3547 409 3610; x_wconf 81' lang='lat'><strong>36.</strong></span> <span class='ocrx_word' id='word_1_231' title='bbox 452 3547 566 3612; x_wconf 81' lang='lat' dir='ltr'><strong>Eodem</strong></span> <span class='ocrx_word' id='word_1_232' title='bbox 585 3552 730 3614; x_wconf 85' lang='lat' dir='ltr'><strong>sententia</strong></span> <span class='ocrx_word' id='word_1_233' title='bbox 753 3550 864 3630; x_wconf 80' lang='lat' dir='ltr'><strong>legitur</strong></span> <span class='ocrx_word' id='word_1_234' title='bbox 885 3553 966 3632; x_wconf 88' lang='lat' dir='ltr'><strong>apud</strong></span> <span class='ocrx_word' id='word_1_235' title='bbox 988 3551 1098 3613; x_wconf 81' lang='lat' dir='ltr'><strong>Aulon.</strong></span> <span class='ocrx_word' id='word_1_236' title='bbox 1119 3558 1149 3612; x_wconf 90' lang='lat' dir='ltr'><strong>et</strong></span> <span class='ocrx_word' id='word_1_237' title='bbox 1170 3553 1250 3614; x_wconf 84' lang='lat' dir='ltr'><strong>Max.</strong></span> <span class='ocrx_word' id='word_1_238' title='bbox 1271 3569 1300 3629; x_wconf 91' lang='lat' dir='ltr'><strong>p.</strong></span> <span class='ocrx_word' id='word_1_239' title='bbox 1322 3541 1373 3608; x_wconf 81' lang='lat' dir='ltr'><strong>ll5</strong></span> 
     </span>
     <span class='ocr_line' id='line_1_31' title="bbox 276 3659 396 3718; baseline 0.008 -1"><span class='ocrx_word' id='word_1_240' title='bbox 276 3670 305 3717; x_wconf 85' lang='lat' dir='ltr'><strong>et</strong></span> <span class='ocrx_word' id='word_1_241' title='bbox 326 3659 396 3718; x_wconf 76' lang='lat' dir='ltr'><strong>not.</strong></span> 
     </span>
    </p>
   </div>
   <div class='ocr_carea' id='block_1_8' title="bbox 357 3783 1223 3866">
    <p class='ocr_par' dir='ltr' id='par_1_8' title="bbox 357 3783 1223 3866">
     <span class='ocr_line' id='line_1_32' title="bbox 357 3783 1223 3866; baseline 0 -20"><span class='ocrx_word' id='word_1_242' title='bbox 357 3783 406 3846; x_wconf 81' lang='lat'><strong>37.</strong></span> <span class='ocrx_word' id='word_1_243' title='bbox 434 3783 560 3864; x_wconf 28' lang='grc' dir='ltr'><strong>,γίνοιτο</strong></span> <span class='ocrx_word' id='word_1_244' title='bbox 583 3805 640 3864; x_wconf 89' lang='lat' dir='ltr'><strong>pro</strong></span> <span class='ocrx_word' id='word_1_245' title='bbox 663 3785 792 3866; x_wconf 71' lang='grc' dir='ltr'>γίγνοιτο</span> <span class='ocrx_word' id='word_1_246' title='bbox 810 3787 873 3864; x_wconf 83' lang='lat' dir='ltr'><strong>jum</strong></span> <span class='ocrx_word' id='word_1_247' title='bbox 898 3785 1090 3847; x_wconf 86' lang='lat' dir='ltr'><strong>Durclmrdus</strong></span> <span class='ocrx_word' id='word_1_248' title='bbox 1112 3784 1223 3863; x_wconf 83' lang='lat' dir='ltr'><strong>posuit.</strong></span> 
     </span>
    </p>
   </div>
   <div class='ocr_carea' id='block_1_9' title="bbox 271 3909 1372 4315">
    <p class='ocr_par' dir='ltr' id='par_1_9' title="bbox 271 3909 1372 4315">
     <span class='ocr_line' id='line_1_33' title="bbox 356 3909 1371 3990; baseline -0.008 -18"><span class='ocrx_word' id='word_1_249' title='bbox 356 3911 406 3974; x_wconf 87' lang='lat'><strong>39.</strong></span> <span class='ocrx_word' id='word_1_250' title='bbox 448 3910 684 3990; x_wconf 88' lang='lat' dir='ltr'><strong>Repudiavimus</strong></span> <span class='ocrx_word' id='word_1_251' title='bbox 722 3911 846 3972; x_wconf 82' lang='lat' dir='ltr'><strong>altorem</strong></span> <span class='ocrx_word' id='word_1_252' title='bbox 880 3911 973 3973; x_wconf 83' lang='lat' dir='ltr'><strong>Corn.</strong></span> <span class='ocrx_word' id='word_1_253' title='bbox 1013 3909 1141 3972; x_wconf 88' lang='lat' dir='ltr'><strong>Gesneri</strong></span> <span class='ocrx_word' id='word_1_254' title='bbox 1179 3911 1371 3988; x_wconf 85' lang='lat' dir='ltr'><strong>conjecturam</strong></span> 
     </span>
     <span class='ocr_line' id='line_1_34' title="bbox 273 4006 1372 4102; baseline -0.005 -24"><span class='ocrx_word' id='word_1_255' title='bbox 273 4015 421 4100; x_wconf 82' lang='grc' dir='ltr'><strong>αὐταρκεῒ</strong></span> <span class='ocrx_word' id='word_1_256' title='bbox 438 4038 496 4098; x_wconf 89' lang='lat' dir='ltr'><strong>pro</strong></span> <span class='ocrx_word' id='word_1_257' title='bbox 521 4017 687 4102; x_wconf 70' lang='grc' dir='ltr'>αὐταρκείῃ</span> <span class='ocrx_word' id='word_1_258' title='bbox 709 4018 925 4095; x_wconf 86' lang='lat' dir='ltr'><strong>substituentis,</strong></span> <span class='ocrx_word' id='word_1_259' title='bbox 952 4019 1075 4080; x_wconf 86' lang='lat' dir='ltr'><strong>alteram</strong></span> <span class='ocrx_word' id='word_1_260' title='bbox 1106 4037 1165 4099; x_wconf 85' lang='lat' dir='ltr'><strong>qua</strong></span> <span class='ocrx_word' id='word_1_261' title='bbox 1195 4038 1252 4098; x_wconf 91' lang='lat' dir='ltr'><strong>pro</strong></span> <span class='ocrx_word' id='word_1_262' title='bbox 1273 4006 1372 4097; x_wconf 82' lang='grc' dir='ltr'>σμικρά</span> 
     </span>
     <span class='ocr_line' id='line_1_35' title="bbox 271 4113 1369 4208; baseline -0.004 -22"><span class='ocrx_word' id='word_1_263' title='bbox 271 4125 483 4188; x_wconf 89' lang='lat' dir='ltr'><strong>Democritum</strong></span> <span class='ocrx_word' id='word_1_264' title='bbox 517 4125 619 4208; x_wconf 82' lang='grc' dir='ltr'>μακρά</span> <span class='ocrx_word' id='word_1_265' title='bbox 640 4128 799 4208; x_wconf 88' lang='lat' dir='ltr'><strong>scripsisse</strong></span> <span class='ocrx_word' id='word_1_266' title='bbox 829 4125 1049 4205; x_wconf 79' lang='lat' dir='ltr'><strong>suspicabatur,</strong></span> <span class='ocrx_word' id='word_1_267' title='bbox 1079 4125 1290 4206; x_wconf 70' lang='lat' dir='ltr'><strong>probissimus,</strong></span> <span class='ocrx_word' id='word_1_268' title='bbox 1320 4113 1369 4182; x_wconf 84' lang='lat' dir='ltr'><strong>uisi</strong></span> 
     </span>
     <span class='ocr_line' id='line_1_36' title="bbox 271 4231 1369 4315; baseline -0.006 -23"><span class='ocrx_word' id='word_1_269' title='bbox 271 4231 354 4312; x_wconf 87' lang='lat' dir='ltr'><strong>quod</strong></span> <span class='ocrx_word' id='word_1_270' title='bbox 369 4250 405 4291; x_wconf 89' lang='lat' dir='ltr'><strong>cx</strong></span> <span class='ocrx_word' id='word_1_271' title='bbox 423 4231 549 4294; x_wconf 81' lang='lat' dir='ltr'><strong>donicus</strong></span> <span class='ocrx_word' id='word_1_272' title='bbox 569 4231 688 4296; x_wconf 81' lang='lat' dir='ltr'><strong>dialecti</strong></span> <span class='ocrx_word' id='word_1_273' title='bbox 703 4235 820 4314; x_wconf 79' lang='lat' dir='ltr'><strong>legibus</strong></span> <span class='ocrx_word' id='word_1_274' title='bbox 836 4232 944 4315; x_wconf 79' lang='grc' dir='ltr'>σμικρή</span> <span class='ocrx_word' id='word_1_275' title='bbox 961 4233 1155 4296; x_wconf 90' lang='lat' dir='ltr'><strong>scribendum</strong></span> <span class='ocrx_word' id='word_1_276' title='bbox 1173 4233 1238 4297; x_wconf 87' lang='lat' dir='ltr'><strong>luit.</strong></span> <span class='ocrx_word' id='word_1_277' title='bbox 1268 4231 1369 4294; x_wconf 81' lang='lat' dir='ltr'><strong>Sensus</strong></span> 
     </span>
    </p>
   </div>
   <div class='ocr_carea' id='block_1_10' title="bbox 0 0 1474 4864">
    <p class='ocr_par' dir='ltr' id='par_1_10' title="bbox 0 0 1474 4864">
     <span class='ocr_line' id='line_1_37' title="bbox 0 0 1474 4864; baseline 0 1"><span class='ocrx_word' id='word_1_278' title='bbox 0 0 1474 4864; x_wconf 95' lang='lat' dir='ltr'><strong> </strong></span> 
     </span>
    </p>
   </div>
  </div>
 </body>
</html>
