2956 4860
283 303 327 370 ω
617 301 814 366 Quaestionum
834 304 1069 362 Democriteum

283 471 439 536 itmeribus
460 471 609 548 absirrnto,
631 474 713 536 eives
739 474 767 536 ei
795 473 921 554 largitos
945 493 1021 538 esse.
1064 477 1166 559 ltaque
1187 497 1251 540 eam
1272 477 1307 538 de
1325 497 1374 558 qua

282 581 377 644 locuti
406 599 510 644 sumus
539 581 740 646 diversitatem
766 591 907 646 notarum
932 583 1182 648 arithmeticorum
1218 589 1246 660 Η
1278 593 1305 649 et
1329 577 1373 668 hd

283 675 445 808 sive'p'ff,
473 698 525 753 aut
560 687 582 773 ρ’
612 695 642 754 et
660 689 689 776 φ’
721 691 941 772 permutatione
968 698 1066 754 ortem
1092 715 1159 758 esse
1185 715 1261 758 reor.
1307 696 1374 756 lime

283 813 363 877 enim
395 812 481 894 sigua
508 829 601 892 saepe
629 811 776 874 contundi
804 812 936 874 ostendit
953 815 1074 878 Bestius
1102 815 1134 876 in
1157 818 1315 879 Comment.
1334 837 1374 895 pa-

282 925 395 1005 laeogr.
418 921 448 983 iu
469 919 624 990 Schaeleri
650 919 782 983 editione
805 920 948 1001 Gregorii
968 921 1116 985 Corinthii
1138 943 1169 1004 p.
1190 926 1249 986 715
1270 930 1298 985 et
1316 925 1374 986 dib.

282 1032 331 1095 Ab
358 1033 414 1093 hae
442 1027 644 1106 Antisthenis,
670 1029 815 1090 Demetrii
842 1035 872 1090 et
894 1029 1063 1111 Hippoboti
1091 1033 1261 1094 narratione
1281 1031 1375 1093 disere

282 1147 355 1222 pant
376 1159 412 1201 ea
433 1157 510 1220 quae
526 1136 698 1199 Athenaeus
725 1142 756 1198 et
782 1137 922 1218 antiquus
942 1137 1059 1200 Horatii
1082 1137 1230 1219 interpres
1252 1141 1374 1201 referunt

281 1249 454 1312 Athenaeus
467 1245 475 1278 ¹
488 1243 518 1326 ³)
545 1245 687 1320 affirmat,
718 1245 927 1309 Democritum
955 1265 975 1306 a
1000 1245 1116 1308 civibus
1139 1247 1204 1309 suis
1224 1245 1375 1328 patrimonii

282 1356 432 1420 consumti
457 1354 581 1417 crinrine
608 1359 783 1416 accusatum
807 1352 918 1416 librum
943 1353 995 1436 qui
1017 1351 1124 1436 Μέγας
1153 1355 1320 1438 Διάκοαμος
1341 1355 1375 1414 iu·

282 1465 478 1538 scribebatur,
506 1467 537 1523 et
564 1459 693 1522 alterum
720 1480 809 1543 quem
832 1463 879 1524 De
898 1463 1067 1525 lniorornm
1095 1464 1188 1526 rebus
1215 1465 1375 1538 coniecerat

281 1573 404 1653 publice
424 1570 543 1650 legisse,
571 1588 722 1652 quumque
743 1569 874 1646 dixisset,
900 1590 934 1632 se
956 1569 1002 1632 his
1021 1570 1230 1656 similibusque
1250 1572 1375 1634 intentum

282 1683 471 1744 fortunarum
504 1697 627 1738 suarum
648 1679 798 1756 jacueram
829 1677 953 1756 iecisse,
980 1678 1154 1742 absolutum
1181 1701 1217 1742 ac
1241 1681 1374 1742 dimissum

282 1807 357 1851 esse.
395 1787 491 1850 Vetus
512 1784 630 1848 Horatii
650 1783 818 1866 explicator
831 1785 838 1818 ¹
850 1785 881 1867 ⁴)
901 1785 959 1848 sio:
991 1787 1218 1864 „Democritus
1235 1787 1374 1850 Abderites

281 1894 499 1980 philosophus,
526 1900 697 1956 atomorum
725 1892 864 1956 inventor
891 1899 922 1956 et
946 1913 1085 1958 errorum
1115 1897 1291 1972 multorum,
1317 1895 1374 1956 dum
1451 1883 1452 1926 ³

280 2001 491 2086 philosophiae
513 2002 643 2065 intentus
666 2009 755 2078 esset,
781 2001 913 2082 neglexit
931 2023 1022 2083 agros
1040 2023 1131 2078 snos;
1167 2007 1244 2068 adeo
1265 2009 1295 2065 ut
1317 2000 1375 2062 vici-

280 2131 389 2175 norum
409 2129 521 2191 peoora
546 2109 587 2171 ibi
615 2109 710 2172 libere
737 2115 948 2191 pascerentur:
974 2111 1094 2174 taudem
1117 2113 1283 2177 dementiae
1309 2106 1375 2189 apud

275 2221 411 2299 judicem
440 2238 511 2281 reus
546 2219 643 2281 hictus
668 2217 777 2282 obtulit
802 2217 898 2280 libros
927 2217 965 2280 de
996 2239 1029 2282 re
1056 2221 1186 2300 physica
1214 2241 1233 2282 a
1259 2239 1290 2282 se
1317 2235 1375 2280 oon·

281 2331 426 2411 scriptos;
459 2327 500 2390 ob
518 2346 610 2409 quam
631 2345 753 2390 eausam
776 2325 922 2388 liberatus
944 2331 990 2388 est
1012 2334 1042 2389 et
1063 2329 1233 2408 praemium
1251 2321 1375 2405 accepit.”

363 2433 455 2519 Quod
481 2436 654 2497 Athenaeus
674 2433 777 2514 prodit
799 2453 863 2496 nou
890 2453 1017 2514 prorsus
1038 2435 1238 2514 reiioieudum
1259 2433 1375 2503 dixerim,

280 2545 428 2629 siquidem
450 2543 480 2604 iu
501 2544 560 2605 hoc
582 2561 652 2606 curn
672 2541 850 2604 Antisthene
876 2543 1083 2624 antiquissimo
1112 2551 1190 2608 teste
1211 2544 1287 2622 lacit,
1307 2538 1375 2624 quod
1450 2589 1451 2608 t

280 2656 379 2736 ipsum
401 2651 609 2714 Democritum
630 2650 671 2712 ait
695 2649 748 2710 illa
769 2649 882 2730 scripta
902 2651 1053 2729 recitasse,
1076 2651 1131 2714 sed
1154 2659 1255 2715 utrum
1270 2667 1376 2712 accusa-
1450 2625 1451 2648 ¹

280 2769 328 2825 tus
358 2781 396 2822 an
425 2758 648 2822 accusationem
680 2762 816 2820 metuens
843 2758 902 2820 hoc
931 2758 1036 2821 iecerit
1063 2759 1225 2843 solumque
1247 2775 1376 2840 ,magnete

279 2869 482 2942 Diacosmum,
508 2884 547 2927 an
575 2872 732 2947 praeterea
759 2865 872 2928 librum
893 2867 1029 2930 oroinum
1051 2867 1167 2948 legerit,
1189 2889 1252 2931 uon
1272 2865 1375 2928 definio.

278 2975 429 3038 Nimirum
456 2994 547 3057 quarn
574 2972 760 3054 negligenter
788 2974 942 3055 Diogenes
968 2975 1098 3038 aliorum
1119 2984 1278 3042 auctorum
1298 2973 1376 3038 verba

279 3081 471 3163 excerpserit,
506 3101 610 3146 omnes
641 3081 761 3144 scimus.
812 3086 914 3164 Quare
946 3103 1002 3163 per
1033 3103 1081 3146 me
1112 3083 1259 3147 Athenaei
1292 3085 1376 3144 lienes

279 3189 380 3252 salvus
402 3196 476 3252 esto.
502 3191 563 3253 Sed
584 3189 718 3270 praemio
739 3189 864 3272 aliisque
886 3190 1113 3254 berrevolentiae
1138 3193 1233 3272 signis
1253 3193 1377 3254 allectum

279 3315 346 3358 esse
376 3299 597 3375 Democritum,
629 3299 711 3380 quod
743 3305 929 3360 caeterorum
954 3298 1088 3361 orrurium
1110 3299 1282 3363 testimonio
1308 3313 1377 3358 eom-

278 3403 434 3484 probatur,
457 3406 594 3468 omittere
615 3405 734 3468 videtur
756 3404 938 3484 Athenaeus,
951 3407 1014 3468 sive
1038 3426 1099 3468 uon
1121 3427 1237 3470 memor
1252 3405 1376 3486 judicum

278 3510 443 3576 sententiae
468 3517 520 3573 aut
546 3514 714 3575 communis
741 3513 852 3576 civium
876 3513 984 3592 judicii
1009 3515 1195 3594 populiscitu
1225 3505 1377 3592 significati,
1449 3575 1450 3580 η

279 3619 343 3682 sive
365 3625 535 3682 accuratam
564 3619 609 3682 rei
633 3620 717 3684 velut
742 3621 773 3683 in
791 3623 918 3684 transitu
939 3622 1150 3685 memorandae
1170 3619 1377 3702 expositionem
1449 3605 1450 3662 l

281 3769 481 3781 -——

351 3861 390 3927 ¹³)
415 3863 566 3916 Athenaeus
591 3863 635 3915 lib.
654 3865 694 3926 lV,
714 3865 746 3917 19
770 3882 794 3930 p.
815 3863 871 3918 168.
889 3866 915 3917 Β.
940 3859 992 3918 Καὶ
1010 3862 1173 3937 Δημόκριτον
1194 3863 1221 3916 b’
1240 3860 1377 3932 Ἀβδηρῖτίῑ

278 3940 392 4012 δημοσίᾳ
419 3943 565 4014 κρίνοντες,
591 3943 627 4002 ὼς
652 3941 852 4016 anrtpbnpndra
874 3945 907 3997 ari
928 3949 1055 4016 πατρῷα,
1081 3947 1135 3999 teet
1161 3945 1284 4014 ἀναγνοὺς
1300 3941 1377 3992 αὐτοῖς

277 4020 321 4074 τὸν
339 4017 429 4090 Μέγαν
454 4020 603 4094 Διάκοσμον
631 4025 676 4077 itai
699 4025 731 4077 ri
750 4027 806 4097 περὶ
824 4030 877 4078 τῶν
897 4024 924 4077 ἐν
937 4021 1030 4081 “Audon
1050 4026 1118 4080 eiust
1137 4025 1172 4084 εἰς
1189 4029 1269 4077 ταῦτα
1287 4019 1377 4089 deuito·

278 4102 361 4160 κέναι,
379 4099 484 4174 ἀφείθη.
525 4107 688 4170 scripsimus
715 4107 758 4158 hic
778 4105 847 4158 alnov
877 4120 910 4158 ox
936 4107 1071 4161 lluehncri
1090 4110 1244 4174 conjectum
1262 4105 1296 4158 ad
1313 4104 1375 4164 Dios

276 4185 317 4246 lx,
336 4181 370 4234 39
388 4199 438 4247 pro
458 4187 564 4250 vulgate
583 4183 671 4238 elada.

352 4277 360 4306 ¹
368 4276 391 4338 ⁴)
411 4278 492 4329 Vetus
512 4277 612 4328 Horatii
629 4277 784 4342 explanator
803 4279 837 4330 ud
858 4279 935 4343 epist.
956 4274 974 4342 l,
997 4237 1035 4342 lb,
1059 4276 1097 4330 Γ),
