2932 4862
335 285 421 340 Liber
432 281 484 340 ill.
521 281 592 341 aaa.
611 282 645 337 ad
666 283 745 341 usn.
763 302 807 358 op.
827 287 923 360 lmgm.
1113 289 1180 356 369

71 456 152 520 locus
170 456 207 520 ll.
228 455 260 516 Ρ.
284 454 312 530 2,
336 456 371 516 7:
385 445 493 517 Ὀλιιις
516 449 551 511 δὲ
573 451 632 512 πᾶν
660 447 691 512 ἐν
715 451 823 536 σκίλλῃ
850 454 1061 538 φυτευόμινσν
1086 455 1175 543 ἔβλα·

73 584 131 637 ors,
151 561 202 625 καλ
222 560 333 622 θᾶττον
355 555 527 626 αὐξάνεται.
572 556 685 620 Eadem
705 561 797 623 tradit
811 561 849 624 de
872 563 909 626 G.
932 563 965 626 P.
990 565 1019 639 5,
1039 565 1076 626 7:
1093 557 1178 626 Ὅσα

73 671 106 734 dt
125 667 154 732 ἐν
180 667 275 754 σχίνῳ
296 663 481 750 φυτεύουσιν
504 664 523 747 ἦ
552 664 670 748 σκίλλῃ,
689 666 788 729 πάντα
808 669 861 749 τῆς
882 665 1065 754 εὐβλαστίατ
1089 670 1180 736 ἕνεκα

71 777 119 842 καί
149 773 313 860 εὐτρσφίατ
341 771 536 856 φυτεύουσιν.
583 767 672 856 Ἔχει
695 772 754 856 γάρ
782 793 848 836 τινα
878 772 974 858 ἄμφω
1001 773 1178 863 θερμότητα

70 886 120 950 καὶ
139 881 299 968 ὑγρότητα.
345 879 438 962 Quod
459 879 566 943 attinet
588 879 628 941 ad
649 899 774 972 succum
796 879 904 944 laseris
926 881 1085 962 Cyrenaici
1106 889 1176 951 vide

71 1013 145 1075 quos
176 993 247 1053 citat
277 989 423 1052 Albertus
456 987 494 1050 ad
536 989 666 1068 llasych.
709 1006 737 1050 v.
778 983 897 1051 Βάττου
933 992 1062 1074 σιλφισν.
1114 997 1177 1059 Sed

70 1101 199 1164 omnium
218 1099 312 1160 naar
334 1095 463 1159 nasein
484 1095 707 1158 suntuodaeus
730 1095 769 1158 aa
785 1097 939 1177 rneopnr.
960 1079 992 1178 r.
1006 1102 1175 1167 aaa-ooo

70 1215 100 1268 et
124 1204 232 1286 Spanb.
263 1204 302 1266 de
332 1223 391 1268 usu
419 1210 450 1265 et
469 1202 653 1284 praestantia
676 1220 758 1265 rrum
788 1203 906 1268 dissert.
928 1207 957 1282 6,
985 1203 1013 1288 §.
1037 1212 1063 1271 1.
1114 1210 1176 1273 Ex-

70 1323 162 1378 trema
183 1311 216 1374 τὸ
238 1309 313 1375 αὐτὸ
332 1311 470 1393 πατήσεις
490 1308 541 1372 καὶ
565 1307 615 1370 ἐπὶ
637 1355 796 1373 ......
818 1311 969 1396 ιιιρασέας
986 1315 1174 1379 illustrantur

70 1418 240 1500 aGargilio
263 1417 401 1480 Martiale
429 1417 510 1498 apud
540 1415 652 1478 Pallad.
681 1417 737 1494 Xl,
763 1421 811 1495 11,
833 1424 862 1483 7.
911 1420 1001 1484 Adde
1034 1423 1174 1486 Dictrbm

69 1529 158 1592 naara
177 1527 214 1588 da
234 1524 413 1592 lindunae
433 1543 474 1587 ou
494 1523 654 1587 concanora
678 1525 840 1587 raama
861 1533 917 1589 etc.
962 1529 1055 1594 Paris.
1081 1534 1172 1596 1776.

68 1637 98 1700 8.
139 1634 205 1699 nra.
229 1633 365 1698 Crrinbr

151 1743 179 1804 t.
222 1739 393 1802 Columella
422 1737 542 1816 libili,
570 1759 636 1820 cap.
662 1739 732 1817 ΧΗ,
755 1741 790 1802 5:
832 1745 951 1822 „Quam
972 1743 1052 1805 coeli
1074 1745 1173 1826 regio-

66 1870 136 1914 nem
154 1855 293 1930 spaetare
315 1845 444 1910 debeant
462 1845 575 1924 vineae,
598 1852 685 1910 vetus
710 1853 757 1910 est
779 1846 938 1926 dissensio,
961 1849 1093 1914 Saserna
1112 1872 1173 1916 ma-

64 1959 144 2022 xime
159 1957 307 2038 probante
335 1953 410 2017 solis
439 1961 549 2034 ertum,
578 1973 649 2018 mox
671 1955 779 2016 deinde
799 1954 970 2032 meridiem,
996 1963 1060 2020 tum
1083 1979 1173 2022 oeca-

64 2085 150 2130 sum:
195 2062 359 2126 Tremellio
394 2060 505 2124 Scrofa
542 2063 737 2143 praecipuam
765 2061 947 2142 positionem
977 2065 1172 2130 meridianam

63 2170 220 2236 censente:
254 2167 386 2249 Virgilio
418 2168 456 2230 da
482 2168 629 2232 industria
655 2187 797 2232 occasum
821 2168 866 2231 sie
886 2169 1072 2250 repudiante,
1092 2175 1174 2238 Nava

63 2278 124 2344 tibi
139 2279 183 2342 ad
200 2279 292 2342 solem
310 2283 443 2356 vergant
462 2278 567 2338 einata
588 2275 759 2337 cadentem:
791 2277 968 2340 Democrito
989 2285 1021 2359 et,
1041 2281 1172 2360 Magone

62 2385 256 2450 laudantibus
283 2382 362 2446 coeli
392 2381 511 2464 plagam
540 2381 818 2463 septentrionalem,
849 2383 919 2464 qnia
939 2383 1122 2465 existiment,
1144 2387 1173 2450 ei

65 2494 217 2573 subjectas
245 2489 445 2554 feracissimas
473 2489 540 2552 fieri
563 2489 682 2566 vineas,
711 2508 788 2572 quae
819 2497 917 2554 tamen
948 2493 1082 2556 bonitate
1112 2495 1173 2558 vini

62 2605 254 2682 superentur.
302 2598 400 2660 Nobis
428 2599 458 2660 in
486 2597 661 2660 universum
695 2595 871 2680 praecipere
899 2599 1046 2678 optimum
1074 2600 1172 2664 usum

60 2715 119 2785 est,
142 2707 226 2769 utin
255 2705 332 2768 locis
359 2705 475 2786 frigidis
501 2703 669 2766 meridiano
698 2705 799 2765 vineta
827 2703 1035 2782 subjiciantur,
1063 2707 1172 2786 tepidis

59 2814 174 2880 orienti
196 2813 399 2889 advertantur,
422 2811 448 2874 si
478 2818 575 2872 tamen
598 2829 660 2872 uon
686 2809 906 2874 infestabuntur
927 2811 1047 2876 Ananis
1069 2814 1173 2878 Euris-

59 2941 134 3005 que,
160 2919 245 2982 velut
273 2938 348 2981 orae
375 2917 542 2981 maritimas
574 2917 605 2979 in
631 2915 764 2980 Baetica.
821 2917 877 2980 Sin
905 2929 1005 2980 autam
1030 2921 1172 3002 regiones

56 3027 225 3110 praedietis
248 3027 345 3088 ventis
377 3024 488 3089 inerint
510 3025 669 3100 obnoxiae,
700 3023 806 3088 melius
831 3024 976 3108 aquiloni
1005 3027 1054 3089 val
1074 3029 1173 3090 Favo·

56 3135 114 3200 nio
143 3133 377 3198 committantur.
428 3133 509 3196 Nam
535 3131 719 3194 serventibus
738 3131 904 3211 provinciis
926 3139 960 3196 ut
979 3131 1121 3215 Aegypto
1143 3142 1173 3197 at

56 3241 207 3306 Numidia
233 3241 285 3304 uni
308 3237 508 3321 septentrioni
537 3236 649 3300 rectius
681 3237 907 3318 opponentur.'’
949 3241 1032 3304 ldem
1051 3239 1101 3304 lib.
1124 3241 1173 3319 lll,

54 3369 127 3430 cap.
149 3348 241 3425 XXl,
259 3349 295 3410 8:
337 3346 445 3428 „Quin
459 3345 556 3422 etiam,
586 3365 676 3428 quam
696 3345 777 3408 coeli
798 3353 915 3427 partem
937 3355 1056 3428 spectet
1074 3367 1172 3428 genus

52 3455 206 3540 quodque
235 3453 336 3532 vineti,
367 3451 530 3535 plurimum
557 3451 659 3514 refert
710 3453 820 3538 Neque
849 3455 928 3516 enim
957 3475 1048 3518 ornne
1073 3454 1173 3518 calido

52 3569 152 3638 statu,
174 3579 232 3624 nec
253 3579 359 3624 rursus
383 3559 494 3640 frigido
515 3558 652 3636 laetatur,
683 3561 739 3624 sed
758 3569 805 3626 est
825 3561 997 3642 proprietas
1018 3561 1049 3622 in
1069 3581 1175 3624 surcu-

50 3671 104 3744 lis,
129 3675 165 3731 ut
192 3666 242 3730 alii
265 3665 431 3728 meridiano
462 3685 518 3726 axe
551 3665 772 3746 convalescant,
802 3669 873 3750 quia
898 3669 1001 3749 rigore
1018 3668 1175 3740 vitiantur,

49 3775 111 3840 alii
130 3773 377 3856 Septentrionem
397 3771 578 3849 desiderant,
600 3773 671 3855 quia
689 3775 908 3839 contristentur
929 3781 1032 3848 aestu,
1056 3773 1177 3857 quidam

48 3887 301 3963 temperamento
335 3879 485 3942 laetentur
513 3879 647 3943 Orientis
679 3887 709 3942 et
746 3879 954 3944 Occidentis.”
1005 3880 1178 3942 Democriti

49 3989 240 4052 seutentiam
267 3985 462 4067 amplectitur
490 3986 602 4050 Pallad.
630 3987 746 4065 1‚6,t
777 3995 808 4050 et
836 3990 872 4066 ll,
905 3989 953 4064 13,
982 3991 1011 4052 6.
1062 3987 1178 4050 Plinius

47 4097 160 4173 XVII,
183 4097 219 4158 λι
256 4093 344 4170 „Nec
371 4092 505 4156 arbitror
527 4099 706 4176 perpetuum
729 4095 892 4178 quidquam
914 4095 945 4157 in
965 4095 1025 4157 boc
1045 4091 1180 4173 praecipi

43 4221 161 4284 posse.
204 4201 253 4264 Ad
276 4201 335 4264 soli
355 4206 502 4278 naturam,
534 4199 573 4262 ad
596 4199 658 4265 loci
684 4201 846 4283 ingenium,
872 4203 911 4267 ad
935 4200 1014 4266 eoeli
1032 4199 1180 4284 errjrrsqne

890 4313 930 4374 ‘it
