2892 4872
263 313 325 380 154
593 308 790 373 Quaestionum
819 309 1053 368 macritatem

263 499 416 563 exponere
431 479 533 560 operis
544 479 634 558 hujus
646 478 791 559 angustiis
802 479 982 560 prohibitus,
992 485 1116 561 rogatos
1127 481 1219 544 velim
1229 481 1373 556 lactosae,

262 597 297 655 ut
316 590 342 654 si
367 591 446 652 forte
473 607 490 650 e
518 585 705 668 reliquorum
734 587 821 648 turba
851 607 944 650 unum
968 588 1132 652 altemmve
1157 591 1293 671 fragmen
1320 609 1374 668 pa-

263 697 393 764 coemto
423 715 481 760 suo
508 675 634 776 dignum
661 694 843 772 invenerint,
870 715 909 758 ne
933 703 1096 778 propterea
1122 698 1221 762 mirrrrs
1247 698 1374 760 idoneas

263 809 334 873 milri
356 807 489 869 rationes
513 803 620 880 fuisse,
647 823 702 865 cur
727 803 956 883 repudiaverim,
977 805 1168 869 arbitrentur.
1210 805 1374 868 Caeterum

264 919 294 982 in
326 913 504 996 colligendis
537 911 711 994 philosophi
743 912 832 991 huJus
864 931 992 992 operum
1021 913 1158 996 reliquiis
1190 913 1284 976 satius
1315 913 1375 974 fuit

263 1025 428 1091 omittendo
451 1041 541 1104 quam
558 1020 699 1083 addendo
720 1039 858 1100 peccare.
894 1020 1009 1104 'Neque
1028 1021 1107 1084 enim
1126 1021 1289 1104 quidquam
1311 1028 1375 1082 tur-

264 1137 333 1218 pius
354 1139 408 1209 est,
427 1151 517 1215 quam
538 1127 717 1211 posterioris
738 1127 883 1208 temporis
905 1129 1061 1194 fraudibus
1083 1132 1173 1194 fidem
1192 1129 1374 1209 adjunxisse.

238 1249 240 1254 “
264 1245 327 1308 Sed
353 1241 402 1306 vel
424 1239 457 1301 in
487 1239 523 1301 iis
553 1257 631 1320 quae
653 1235 783 1318 genuina
800 1255 882 1299 esse
903 1257 1063 1300 censemus
1084 1238 1257 1320 fragmentis
1275 1237 1377 1300 ionica

264 1352 409 1415 disiectus
429 1347 460 1408 in
479 1362 669 1410 communem
690 1363 838 1408 conversa
859 1352 914 1422 est,
939 1352 1030 1430 atque
1058 1346 1090 1410 iu
1109 1346 1302 1429 antiquorum
1320 1366 1378 1406 vo-

264 1459 442 1524 cabulorum
459 1455 562 1519 locum
588 1453 738 1516 interdum
764 1471 857 1516 voces
885 1453 983 1516 malae
1001 1453 1245 1538 inelegantesqua
1264 1454 1378 1516 substi-

263 1575 345 1632 tutae
372 1572 450 1628 sumt
493 1564 540 1626 Cf
569 1563 675 1642 fragm
701 1564 737 1624 ll
773 1558 801 1644 §.
819 1562 860 1624 36
886 1562 970 1625 etal.
1020 1565 1089 1626 lam
1109 1563 1136 1626 si
1159 1582 1199 1626 ex
1220 1563 1266 1625 luis
1288 1563 1378 1644 qnasi

264 1673 424 1740 ruderibus
443 1671 516 1734 licet
537 1670 655 1752 pristini
677 1669 804 1732 aedificii
823 1671 924 1732 auinro
947 1670 1110 1734 informare
1131 1671 1298 1752 imaginem,
1316 1679 1377 1732 sta-

263 1783 375 1848 tuimus
405 1779 624 1854 Democritum,
657 1799 749 1862 quum
784 1799 857 1859 ager
890 1785 972 1842 recte
1010 1779 1075 1860 coli¹
1101 1799 1164 1843 uon
1191 1778 1290 1860 possit
1318 1779 1378 1840 nisi

264 1895 425 1972 perspecta
453 1887 518 1965 ejus
543 1893 665 1963 natura,
693 1884 779 1948 initio
805 1884 966 1948 voluminis
993 1886 1031 1950 de
1060 1887 1121 1951 soli
1147 1888 1319 1950 diversitate
1346 1893 1380 1948 et

264 1998 434 2080 plantarum
472 2001 580 2075 sponte
615 1993 802 2057 nascentium
835 1995 978 2058 varietate
1011 2015 1175 2078 earumque
1205 2017 1275 2058 cum
1306 1994 1379 2058 solo

264 2103 474 2170 convenientia
503 2103 689 2184 disputasse,
717 2109 780 2164 tum
809 2106 1007 2166 straturomrm
1028 2111 1126 2176 ternae
1148 2104 1379 2186 plantarumque

265 2222 296 2276 et
319 2213 478 2288 arborum,
502 2211 612 2294 quibus
641 2209 759 2273 telluris
786 2211 962 2290 superficies
987 2213 1104 2274 consita
1123 2220 1178 2289 est,
1208 2212 1308 2274 habita
1330 2231 1380 2272 ra-

265 2321 357 2398 tione,
386 2320 424 2382 de
453 2321 539 2401 aquis
560 2319 773 2400 investigandis
795 2319 986 2399 praecepisse
1008 2320 1127 2400 (fragm.
1144 2321 1188 2401 2),
1210 2319 1319 2382 deinde
1339 2321 1379 2380 de

264 2429 362 2492 venus
383 2448 420 2491 ac
439 2428 478 2490 de
497 2428 576 2490 aeris
596 2428 741 2507 temperie
760 2427 897 2489 locutum
919 2445 986 2488 esse
1007 2428 1164 2509 (fragmi
1186 2436 1216 2491 et
1240 2431 1285 2508 5),
1306 2435 1379 2508 post

264 2539 340 2600 haec
360 2537 399 2600 de
420 2536 500 2617 agris
522 2535 680 2618 lrortisque
698 2533 836 2598 colendis
857 2532 1037 2597 disseruisse
1057 2537 1176 2616 (fragm.
1195 2537 1224 2612 3,
1245 2539 1275 2613 6,
1295 2539 1325 2612 7,
1348 2539 1379 2612 8,

265 2625 604 2726 9,10)‚denique'de
631 2641 810 2706 animalibus
837 2662 914 2726 quae
939 2643 1098 2706 maximam
1125 2645 1266 2724 agricolis
1291 2664 1381 2724 prae-

265 2755 346 2812 stant
362 2737 528 2827 utilitatem,
548 2749 726 2831 exposuisse
748 2750 870 2831 (fragm.
884 2755 946 2832 11).
989 2751 1074 2814 'l'alia
1098 2753 1239 2814 nimirum
1259 2759 1380 2816 veteres

266 2855 419 2942 multaque
439 2858 498 2920 alia
518 2857 653 2920 inlibris
676 2857 714 2920 de
734 2877 876 2939 agrorum
898 2857 1015 2921 crrltura
1035 2859 1155 2941 scriptis
1176 2866 1307 2924 mactare
1329 2881 1381 2922 so

265 2963 386 3040 lebant,
412 2967 496 3048 quod
522 2986 593 3028 cum
617 2965 754 3043 aliunde,
782 2972 846 3028 tum
874 2985 892 3028 e
920 2965 1106 3029 columellae
1129 2987 1223 3048 opere
1243 2969 1381 3031 omnium

266 3072 486 3153 perfectissimo
507 3073 641 3154 perspici
661 3081 771 3155 potest.
806 3076 912 3136 Utrum
932 3075 1132 3154 fragmentum
1153 3076 1191 3138 de
1211 3075 1381 3156 leporibus,

267 3179 317 3243 cui
338 3181 476 3245 ultimum
496 3181 599 3243 locum
625 3181 840 3258 concessimus,
863 3182 894 3243 in
914 3183 973 3244 hoc
994 3183 1162 3245 Democriti
1183 3184 1263 3246 libro
1287 3205 1327 3246 an
1348 3185 1379 3246 in

269 3307 379 3367 magno
408 3289 446 3352 de
472 3289 650 3352 animalibus
676 3288 828 3352 volumine
855 3289 965 3367 suerit,
982 3309 1044 3352 non
1065 3291 1185 3354 definio.
1238 3294 1378 3375 Denique

268 3395 423 3458 coronidis
444 3399 516 3461 loco
537 3417 649 3478 ponam
663 3397 831 3461 Democriti
852 3399 1029 3461 seutentiam
1044 3398 1248 3462 aColnmella
1267 3399 1320 3463 lib.
1332 3401 1377 3462 xl

268 3523 334 3582 cap.
355 3503 374 3565 3
396 3511 599 3582 memoratam,
621 3525 699 3588 quae
718 3505 749 3568 in
769 3505 955 3586 Geoponicis
976 3526 1040 3568 uon
1060 3507 1226 3588 reperitur:
1246 3511 1376 3584 „Demo-

268 3611 362 3672 critus
383 3609 415 3672 in
434 3631 476 3674 eo.
493 3611 587 3691 libro,
603 3631 693 3696 quem
706 3613 881 3694 Georgicon
899 3613 1070 3694 appellavit,
1091 3633 1199 3694 parum
1214 3617 1377 3697 prudenter

268 3724 372 3780 censet
392 3736 447 3779 eos
468 3717 568 3782 facere
594 3720 647 3802 qui
666 3721 764 3784 hortis
786 3729 940 3786 exstruant
962 3723 1153 3799 munimenta,
1175 3724 1259 3805 qnod
1280 3741 1375 3805 neque

267 3824 361 3888 latere
382 3824 527 3888 fabricata
549 3830 695 3892 maceries
717 3851 884 3911 perennare
906 3830 1012 3911 possit,
1036 3830 1147 3910 pluviis
1164 3851 1202 3893 ao
1220 3838 1375 3912 tempesta·

268 3933 349 3996 tibus
376 3933 554 4015 plerumque
578 3935 731 4014 infestata,
757 3958 855 4021 neque
883 3937 999 4019 lapides
1027 3959 1120 4019 supra
1140 3940 1184 4001 rei
1206 3941 1374 4021 dignitatem

267 4047 376 4121 poscat
396 4041 546 4122 impensa:
570 4044 595 4106 si
618 4063 692 4109 vero
715 4046 847 4128 amplum
873 4047 996 4110 modum
1016 4047 1116 4129 sepire
1138 4047 1205 4130 quis
1225 4049 1307 4128 velit,
1326 4069 1374 4130 pa-

269 4148 410 4212 trimonio
432 4169 499 4214 esse
522 4149 633 4232 opus'’
