2892 4872
214 296 219 308 ¹
283 309 327 375 lid
615 307 812 374 Quaestionum
830 307 1063 365 Damocritanrmn

285 478 345 542 illis
367 496 442 560 quae
470 495 575 540 omnes
594 477 818 541 admirabantur
845 475 984 540 dictionis
1006 475 1162 540 uirtutibus
1183 481 1277 539 tommo
1295 495 1374 556 pecu-

284 587 369 649 liaria
388 586 534 670 quaedam
558 585 709 648 vocabulo
730 585 888 666 usurpavit
908 585 1111 662 Democritus,
1136 605 1211 668 quae
1230 600 1266 646 ne
1286 604 1374 644 reruni

285 695 399 758 inscios
427 693 580 770 fallerent,
614 692 759 774 explicari
784 713 910 756 necesse
940 693 1004 754 tuit.
1057 698 1158 775 Quare
1182 694 1244 772 jam
1262 690 1375 772 antiquis

285 803 415 868 saeculis
436 821 497 864 uon
518 802 686 878 defuerunt,
715 800 767 883 qui
798 800 1029 881 interpretandis
1051 800 1176 862 vocibus
1195 797 1376 862 Democriteis

284 916 435 974 vacarent.
485 911 567 971 Inter
598 927 652 971 eos
677 909 792 972 clarum
819 909 988 972 habuerunt
1014 927 1125 971 nomen
1144 908 1333 972 Callimachus
1352 911 1378 966 et

284 1019 483 1100 Hegesianax,
517 1037 648 1100 quorum
681 1018 769 1099 prior
801 1017 896 1080 Snida
932 1025 1008 1078 teste
1038 1037 1063 1080 s.
1080 1035 1109 1080 v.
1138 1012 1328 1099 Καλλίμαχος
1352 1017 1377 1074 et

284 1137 409 1192 auctore
427 1127 589 1206 Anonymo
611 1125 717 1188 invita
736 1125 921 1204 Callimachi,
934 1146 1011 1209 quae
1032 1126 1122 1205 hujus
1144 1124 1284 1206 operibus
1304 1117 1398 1203 prae

285 1238 358 1319 poni
380 1236 468 1312 solet,
494 1232 663 1297 Democriti
683 1233 796 1314 scripta
816 1241 1010 1297 recensuerat
1040 1233 1071 1295 ἐν
1092 1234 1194 1296 πίνακι
1214 1237 1271 1294 τῶν
1291 1230 1377 1312 Δηρο

283 1344 386 1426 κρίτου
408 1343 557 1424 γλωσσῶν
585 1341 636 1404 καὶ
666 1341 879 1424 συνταγμάτων
892 1341 933 1423 ²),
960 1343 1116 1423 posterior
1141 1341 1289 1422 Stephano
1314 1343 1378 1400 teste

284 1452 316 1515 in
338 1447 458 1534 Τρωίοίς
484 1449 573 1512 simili
599 1469 694 1530 opere
721 1448 791 1512 huie
820 1451 1005 1531 philosopho
1032 1459 1140 1514 navata
1168 1449 1236 1534 περὶ
1262 1451 1311 1530 τῆς
1333 1447 1378 1506 τοῦ

274 1543 476 1642 ’Δημοκρίτου
500 1555 613 1626 λέξεως
631 1557 766 1620 libellum
789 1559 1022 1640 corrscripserat.
1061 1559 1125 1622 Alii
1147 1556 1307 1622 Democriti
1324 1552 1378 1633 opi-

282 1667 389 1730 niones
408 1665 574 1729 litterarum
595 1665 797 1728 monumentis
819 1665 956 1746 proditas
969 1665 1190 1747 impugnabant,
1206 1666 1254 1730 vel
1272 1663 1377 1727 ormino

282 1775 321 1838 de
348 1777 413 1853 ejus
441 1773 563 1854 scriptis
584 1774 871 1837 commentabontnr.
915 1775 1054 1856 Namque
1082 1776 1237 1856 Diogenes
1256 1771 1376 1836 Laertius

281 1883 334 1946 lib.
357 1883 396 1960 V,
427 1882 466 1944 87
489 1882 584 1945 etuti
618 1883 679 1944 duo
709 1883 878 1946 Heraclidis
909 1881 1028 1945 Pontici
1061 1884 1212 1964 opuscula
1240 1883 1377 1952 memorat,

281 2011 410 2076 quorum
439 1988 567 2052 alterum
597 1989 817 2053 inscribebatur
844 1988 927 2074 Πρὸς
956 1988 1146 2073 Δημόκριτον
1176 1990 1244 2075 περὶ
1271 1993 1325 2051 τῶν
1352 1985 1377 2046 n

282 2097 405 2183 οὐρανῷ
428 2096 492 2178 (vel
517 2105 551 2160 ut
568 2096 633 2160 vult
655 2098 813 2162 Fabricius
831 2099 909 2161 Bibl.
933 2119 977 2180 gr.
998 2098 1098 2162 vol.H
1116 2120 1149 2180 p.
1163 2101 1223 2164 utu
1242 2100 1286 2162 ed.
1300 2093 1377 2170 Harl,

280 2251 482 2268 μ

280 2345 339 2400 pag.
361 2331 418 2384 731.
453 2332 568 2384 Dubium
591 2335 645 2394 ast,
670 2335 735 2399 qnid
759 2335 933 2386 statuendum
961 2335 997 2385 sit
1020 2335 1054 2386 de
1081 2338 1157 2389 Sexti
1185 2334 1303 2402 Empirici
1327 2333 1375 2382 loca

281 2417 340 2468 adv.
360 2415 440 2467 math.
459 2413 503 2465 lib.
523 2415 566 2464 Vll
586 2416 609 2480 5.
626 2413 677 2465 ms
696 2429 755 2478 pag.
776 2413 828 2466 tua
849 2417 891 2469 ad.
912 2415 1013 2468 Febris.
1035 2417 1081 2468 ubi
1101 2420 1270 2471 Democritus
1294 2415 1376 2466 dicitnr

279 2497 354 2548 lovis
374 2499 436 2548 voci
456 2496 603 2557 assimilari,
625 2495 697 2561 quod
719 2497 866 2560 intelligunt
886 2497 928 2546 ulii
949 2498 983 2548 de
1004 2501 1139 2550 sonoritate
1160 2502 1217 2563 ejus
1237 2503 1264 2550 et
1281 2494 1376 2561 perspi-

281 2579 387 2640 cuitate,
408 2576 457 2637 alil,
477 2581 507 2626 ut
528 2575 664 2626 Fabricius
685 2577 759 2627 adh.
780 2578 793 2628 l.
815 2582 842 2628 et
858 2578 1034 2629 Valesius-ad
1054 2581 1184 2632 Ammien.
1205 2574 1374 2630 Marcellhhll

280 2672 339 2723 sap.
357 2655 389 2710 16
407 2653 532 2723 pagato
555 2657 589 2710 da
618 2671 651 2708 eo
668 2658 809 2722 rccipiunt,
836 2660 909 2724 qnod
937 2659 1008 2710 dicia
1028 2661 1085 2723 aius
1107 2663 1298 2714 iueriutcerta.
1329 2657 1376 2706 Huc

279 2742 395 2805 denique
415 2740 556 2792 reserenda
572 2741 613 2792 est
632 2739 673 2788 illu
691 2739 758 2801 laus,
777 2753 830 2805 qua
849 2741 941 2792 Timon
959 2742 1032 2804 apud
1051 2741 1124 2807 Dlog.
1144 2745 1230 2796 Laert
1248 2743 1288 2794 tib.
1303 2739 1337 2802 lli,
1348 2733 1376 2786 ld

278 2821 461 2872 Democritum
481 2821 570 2871 afficit.
606 2821 649 2871 Sic
668 2823 758 2870 autern
776 2821 827 2872 sit:

476 2894 536 2952 Οῖον
555 2894 716 2970 Δημόκριτόν
733 2917 760 2951 τε
777 2899 929 2973 περίφρονα,
949 2901 1059 2970 ποιμένα
1078 2898 1182 2969 pillum,

477 2977 621 3051 Ἀμφίνοον
640 2979 746 3053 himma.
766 2979 782 3032 ἃ
803 2983 868 3049 μετὰ
886 2982 1024 3053 πρώτοισιν
1044 2982 1170 3052 ἀνέγνων.

277 3065 315 3127 (ln
337 3065 378 3116 his
397 3063 488 3115 verbis
513 3075 563 3127 pro
589 3059 716 3133 ἀμφίνοον
737 3061 833 3136 λίορην
860 3063 1033 3116 scribendum
1054 3079 1115 3118 esse
1134 3061 1268 3136 ἀρρινόων
1287 3059 1374 3129 λεπρῶν

277 3158 331 3195 uon
359 3144 485 3196 viderunt
507 3145 631 3208 Diogenis
655 3145 782 3196 editores.
827 3147 884 3206 Qua
909 3148 1056 3198 mutatione
1084 3147 1153 3197 lucta
1179 3147 1240 3198 terri
1265 3133 1373 3208 potestd

277 3225 350 3291 quod
376 3226 469 3276 Timon
497 3224 575 3276 simul
598 3225 632 3276 ed
658 3221 757 3292 philone
783 3229 810 3276 et
834 3227 869 3278 ad
898 3231 1051 3291 appositum
1078 3227 1142 3290 (τὰς)
1162 3225 1257 3298 λίτρας
1280 3220 1372 3275 rettulit

276 3309 377 3358 Sensus
403 3311 457 3357 est:
489 3305 574 3371 qualis
602 3305 651 3356 tuit
676 3307 803 3358 cordatus
837 3308 878 3358 ille
905 3308 1091 3372 Democritus,
1123 3315 1220 3361 unctor
1244 3305 1373 3358 verborum

277 3387 464 3450 dictorumque
485 3387 644 3450 prudentius
660 3388 809 3451 plenorum,
831 3403 902 3455 qnae
920 3389 1051 3452 imprimis
1071 3391 1206 3454 lectitavi).
1242 3385 1334 3450 Quodsi
1351 3382 1372 3428 in

275 3469 307 3519 iis
317 3480 385 3531 quae
399 3467 477 3518 hodie
487 3472 633 3530 supersunt
646 3469 800 3532 fragmentis
811 3473 899 3522 minus
912 3471 1047 3522 interdum
1061 3473 1126 3522 nitet
1137 3469 1281 3523 Democriti
1291 3463 1371 3518 oratio,

276 3561 358 3612 quum
380 3547 405 3597 in
425 3546 621 3599 summobono
641 3550 747 3601 dicendi
762 3552 852 3602 studio
870 3555 960 3603 tomen
987 3553 1096 3604 infantia
1122 3554 1255 3618 quaedam
1270 3550 1309 3599 hic
1330 3541 1372 3592 ittic

275 3631 411 3694 appareat,
432 3629 513 3678 nolim
540 3631 701 3693 existimare,
725 3633 890 3694 Ciceronem,
917 3633 1082 3697 Dionysium,
1100 3635 1277 3692 Plutarchum,
1294 3623 1371 3676 muri-

275 3721 334 3759 mos
351 3707 496 3758 Democriti
515 3709 677 3775 laudatores,
698 3725 811 3776 errasse,
835 3714 884 3766 sed
909 3715 999 3776 potins
1020 3715 1188 3777 crediderim,
1209 3727 1261 3764 non
1277 3715 1371 3767 serni*er

274 3789 390 3840 eundern
412 3788 536 3842 dictionis
557 3791 743 3846 Democriteus
769 3796 890 3846 tenorem
913 3795 1003 3846 iniisse.
1051 3796 1143 3861 Neque
1162 3797 1232 3846 enirn
1255 3801 1319 3842 vona
1336 3785 1371 3834 esi

273 3871 436 3934 conjectura,
463 3871 489 3920 in
517 3871 549 3922 iis
573 3871 655 3934 libris,
674 3889 742 3940 qnos
764 3877 882 3927 oninium
901 3878 1003 3940 primos
1023 3876 1112 3937 edidit,
1130 3877 1219 3926 uolnus
1236 3875 1303 3924 bene
1318 3867 1370 3917 sin-

273 3953 333 4017 gula
352 3953 476 4004 elimasse
494 3953 681 4018 philosophum
698 3955 900 4019 abderit-nuum,
920 3971 1001 4022 quam
1023 3959 1048 4006 in
1070 3954 1270 4022 posterioribus.

343 4044 365 4107 ²)
384 4044 420 4094 Ex
440 4045 491 4096 hoc
511 4047 661 4098 Callimachi
678 4061 760 4111 opere
781 4051 839 4100 sins
859 4047 941 4098 dubio
961 4049 1122 4112 depromtae
1146 4051 1209 4099 sunt
1227 4053 1304 4096 voces
1319 4037 1369 4086 Di·

273 4125 435 4188 mocriticaa,
458 4141 527 4192 quoe
545 4128 624 4180 hodie
642 4131 749 4180 exstant
766 4130 839 4192 upnd
862 4129 1032 4192 Hesychium,
1059 4129 1167 4180 Snidam
1186 4131 1213 4179 et
1236 4115 1367 4174 Aristotelis

271 4204 440 4268 interpretes.
485 4207 589 4270 contar,
617 4212 646 4260 ut
669 4211 735 4260 alios
754 4211 883 4270 omit-iam,
906 4208 963 4260 Joh.
983 4210 1081 4272 Philop.
1102 4210 1137 4260 ad
1156 4211 1232 4261 Arist.
1250 4207 1282 4257 de
1298 4199 1366 4250 anim·

271 4285 299 4336 D.
315 4299 340 4350 p.
360 4281 400 4336 tt.
436 4287 537 4339 Herum
557 4290 723 4342 locutionum
740 4291 855 4342 indicem
874 4288 942 4340 inira
961 4289 1100 4343 exhibebo.
