2938 4864
319 299 384 366 310
661 303 858 366 Quantioann
878 301 1112 360 nomenniomen

320 489 391 534 vum
411 471 497 534 affert
517 471 647 552 Hesyclr.
664 472 693 534 b.
706 489 734 532 ν.
754 469 849 554 κακὴν
873 467 1055 532 κατάστασιν
1081 469 1240 552 explicans
1280 467 1397 532 Similiter

322 577 401 642 δοιώ
426 599 484 662 pro
503 577 594 642 οδοία
618 585 665 640 est
683 577 834 657 Archytae
854 597 902 658 ap.
923 577 1010 641 Stob.
1032 577 1137 660 Eclog.
1159 579 1247 660 Phys.
1267 599 1295 658 p.
1315 579 1349 640 81
1367 576 1401 638 ed.

321 687 441 752 Canter.
471 693 502 750 et
530 685 654 750 ἀπεετώ
683 705 741 768 pro
777 683 937 766 ἀποδημία
960 685 1146 750 Callimacho
1175 707 1222 768 ap.
1248 685 1326 750 Suid.
1366 683 1400 745 Cf.

321 796 483 859 Bclforeus
504 793 543 858 ad
563 794 759 858 Cleomedem
779 813 809 874 p.
832 794 893 856 257
917 799 948 854 et
964 795 1170 860 flemsterlrus.
1189 793 1300 856 Anecl.
1321 815 1347 874 p.
1358 795 1401 854 ili

324 904 371 966 ecl
394 903 480 967 Geel.

407 1011 479 1074 2⁰7.
521 1009 604 1072 llaec
632 1009 780 1074 sententia
806 1007 899 1090 vulgo
928 1009 999 1074 inde
1026 1030 1046 1071 a
1072 1009 1173 1074 verbis
1204 1009 1253 1074 καὶ
1274 1011 1358 1071 ταῦτα
1373 1007 1402 1068 sic

324 1119 438 1200 scripta
467 1115 593 1199 legitur:
628 1116 680 1180 καί
707 1119 804 1180 ταῦτα
832 1116 849 1179 δ
875 1120 972 1180 ποιῶν
1001 1115 1165 1201 ἐπιθορίης
1192 1116 1244 1180 καί
1274 1115 1348 1198 δίκης
1370 1114 1402 1175 ari

323 1225 459 1309 θάροοος
488 1227 613 1305 (Burclr.
636 1223 783 1308 θάρσεος)
811 1226 861 1287 καὶ
891 1224 1030 1291 undosae
1050 1223 1081 1286 ἐν
1102 1226 1190 1289 παντί
1212 1221 1314 1308 κόοριρ
1335 1221 1402 1306 μείζω

327 1337 436 1416 μοῖραν
456 1331 588 1416 μεθέξει.
632 1333 788 1396 Gesner-ns
808 1352 917 1413 parurn
939 1339 1021 1395 recte
1042 1331 1257 1414 interpretatus
1277 1339 1330 1394 est:
1359 1332 1403 1408 „lu-

324 1441 498 1504 terficienda
518 1448 589 1503 suut
613 1441 714 1502 omnia
741 1439 823 1504 ouini
851 1439 962 1517 studio,
987 1459 1064 1522 quac
1087 1445 1212 1518 praeter
1233 1442 1276 1504 fas
1300 1441 1403 1520 injuriau

324 1548 470 1611 inferunt:
502 1555 533 1610 ct
561 1547 613 1631 qui
642 1547 708 1629 ipsa
735 1547 889 1624 occiderit,
916 1547 942 1608 is
964 1545 1136 1628 cupiditatis
1156 1565 1240 1626 suae,
1262 1569 1357 1612 causae
1374 1545 1404 1606 tei

319 1655 399 1733 juris
420 1655 618 1719 confidentiae
640 1663 671 1718 et
694 1655 896 1736 possessionis
925 1656 957 1717 in
986 1660 1052 1717 toto
1081 1655 1155 1716 orbe
1177 1656 1314 1720 meliores
1333 1665 1404 1737 partes

324 1779 361 1822 ac
385 1761 576 1842 privilegium
593 1763 703 1826 lraberc
724 1760 840 1826 debet’'
882 1761 1013 1824 Videtur
1034 1765 1133 1824 tamen
1154 1765 1220 1842 Jam
1241 1763 1351 1845 κτήσιος
1367 1779 1404 1840 pro

324 1866 462 1936 κτίσεως
488 1867 614 1950 legisse,
652 1871 736 1951 qaod
763 1869 986 1950 posterioribus
1014 1869 1137 1948 negotia
1165 1871 1323 1934 facessivit.
1366 1869 1404 1928 Pra

326 1970 489 2059 ἐπιθυμίης
514 1977 733 2041 Wakefieldius
762 1977 894 2058 conjecit
927 1973 1087 2058 εὐθυμίης,
1119 1979 1205 2058 quod
1239 1977 1346 2040 calculo
1367 1991 1404 2036 saa

323 2082 465 2162 probavit
486 2085 628 2150 Orellius.
675 2086 871 2149 Barchardus
899 2083 995 2146 libere
1025 2085 1187 2163 profitetur
1212 2105 1246 2149 se
1267 2085 1350 2148 verba
1366 2080 1404 2143 ἐπι-

321 2188 435 2272 {inpius
459 2199 490 2254 et
517 2191 654 2260 κτάοεονς
684 2191 716 2256 ἐν
743 2191 831 2255 παντὶ
853 2189 961 2274 κόσμῳ
990 2209 1052 2254 non
1078 2195 1218 2277 assequi;
1248 2214 1334 2279 quare
1356 2187 1406 2252 nihil

322 2297 381 2360 uisi
401 2299 517 2364 initium
542 2301 701 2382 fragmenti
726 2319 824 2384 nsque
852 2299 891 2362 ad
920 2300 1013 2362 verba
1041 2299 1111 2384 περὶ
1139 2301 1254 2372 παντός
1282 2296 1406 2364 conterit

323 2409 409 2488 Quae
430 2427 522 2490 quum
543 2411 584 2472 ita
608 2409 675 2487 siut,
704 2421 914 2491 praeterquam
955 2407 1037 2490 qnod
1069 2427 1128 2488 pro
1162 2413 1262 2472 ποιῶν
1291 2407 1405 2472 edidimus

323 2511 449 2594 ποιέων,
472 2536 530 2596 pro
553 2514 723 2599 ἐπιθυμίης,
757 2523 790 2578 ut
819 2515 966 2577 sententia
995 2515 1116 2595 flagitat,
1147 2514 1306 2600 εὐθυμίης,
1326 2521 1352 2577 et
1368 2528 1405 2592 pro

324 2621 461 2690 κτοίοειος
484 2625 591 2703 exigua
612 2625 776 2686 mutatione
798 2623 929 2705 κτήσιος,
959 2623 1031 2685 nihil
1052 2629 1149 2686 tamen
1170 2633 1244 2703 erat,
1268 2623 1344 2708 qnod
1361 2637 1406 2680 car·

323 2727 480 2808 rigentium
499 2731 660 2794 videretur.
688 2733 817 2794 Sensum
838 2731 917 2792 bunc
942 2751 1009 2792 esse
1028 2730 1183 2794 existimo:
1207 2734 1279 2816 „qui
1298 2726 1406 2795 nocentia

324 2837 462 2900 animalia
483 2857 661 2920 quacunque
692 2839 730 2900 de
756 2859 847 2900 causa
873 2836 1066 2914 interfecerit,
1096 2839 1173 2915 fore,
1193 2847 1230 2902 ut
1250 2841 1275 2904 is
1292 2859 1347 2902 non
1365 2844 1407 2894 tau·

322 2952 386 3008 tum
407 2946 522 3025 majore
545 2964 633 3027 quarn
655 2946 766 3008 caeteri
796 2947 934 3010 homines
962 2945 1051 3008 arrimi
1080 2947 1297 3028 tranquillitate
1320 2948 1407 3008 foratu

321 3072 359 3115 ac
377 3055 492 3134 majore
515 3051 644 3116 excellat
671 3053 810 3114 firmitate
836 3059 867 3114 et
888 3052 1065 3126 constantia,
1087 3053 1142 3114 sed
1160 3055 1326 3118 cavendum
1343 3051 1406 3113 etiam

321 3179 397 3239 esse,
420 3173 454 3224 ut
483 3161 527 3224 illi
547 3161 617 3242 plus
644 3180 733 3243 quarm
760 3159 884 3242 reliquis
909 3161 1088 3224 mortalibus
1112 3163 1193 3240 juris
1217 3171 1247 3226 et
1269 3157 1406 3244 possessio

318 3287 404 3344 num,
429 3289 574 3349 quaeres
602 3269 632 3330 in
663 3268 741 3330 vitae
768 3265 951 3329 ornamentis
977 3276 1061 3346 sunt,
1083 3269 1201 3352 legibus
1227 3258 1406 3334 conceaatur?

322 3379 367 3437 Dc
400 3375 518 3459 reliquo
549 3379 608 3439 hoc
642 3377 742 3457 ipsum
772 3376 970 3454 fragmentum
1002 3395 1061 3439 uua
1092 3399 1159 3440 cunr
1191 3373 1372 3459 praecedenti
1388 3379 1406 3427 et

320 3483 441 3546 duobus
461 3486 655 3568 sequentibus
681 3484 719 3545 ad
743 3482 952 3544 Abderitarum
970 3483 1054 3565 leges
1072 3487 1178 3548 referri
1198 3483 1351 3566 probabile
1370 3488 1407 3539 eet

404 3593 476 3655 208.
513 3587 676 3674 Ὅκωςπερ
716 3589 797 3651 edidi
835 3609 902 3650 curn
937 3592 1131 3656 Burclrardo:
1175 3592 1307 3656 Orellius
1340 3587 1405 3650 ὄνοις·

318 3699 416 3762 Porro
438 3700 526 3763 δοκεῖ
552 3707 583 3762 et
601 3700 699 3761 ποιεῖν
724 3697 836 3759 mutavi
864 3695 895 3758 in
926 3697 1028 3762 δοκέει
1056 3707 1087 3762 et
1114 3697 1239 3762 ποιέειν.
1290 3703 1333 3764 De
1351 3709 1405 3756 loct

318 3806 441 3876 κίναδος
460 3809 535 3872 haec
554 3827 601 3888 ap.
622 3804 726 3870 Scirol.
748 3805 902 3887 Aristoplr.
927 3808 966 3868 aa
990 3809 1071 3870 Nub.
1092 3829 1119 3870 v.
1144 3810 1205 3871 tte
1225 3810 1358 3871 adriotata
1375 3818 1405 3861 re·

315 3915 464 3997 perimus:
488 3913 624 3982 κίναδος·
648 3911 731 3982 εἶδός
749 3935 775 3976 τι
799 3911 928 3996 θηρίου·
949 3915 1000 3976 καί
1024 3913 1225 3998 Δημοσθένης
1248 3915 1279 3977 ἐν
1299 3911 1339 3998 τῷ
1356 3905 1404 3988 περὶ

318 4023 489 4106 στεφάνου·
534 4018 633 4084 Τοῦτο
671 4022 707 4084 δὲ
750 4021 799 4084 καὶ
840 4019 930 4104 φύσει
965 4021 1087 4090 κίναδος
1123 4021 1312 4106 τάνθρώπιόν
1351 4018 1403 4080 iav-

318 4124 358 4191 Oi
379 4129 414 4192 δὲ
434 4132 493 4192 πᾶν
517 4129 572 4212 μὲν
596 4127 703 4213 θηρίον
724 4129 846 4198 κίναδος
877 4128 997 4199 ἀξιοῦσι
1018 4129 1189 4208 καλεῖσθαι,
1219 4131 1303 4199 ἰδίως
1319 4129 1349 4192 δὲ
1366 4121 1402 4200 τὴν

319 4233 478 4299 ἀλώπεκα.
524 4239 639 4300 ibidem
667 4237 724 4300 alia
760 4257 881 4320 quoque
910 4245 1008 4302 exstat
1037 4238 1136 4304 minus
1165 4247 1233 4327 apta
1261 4228 1402 4321 explanatio
