<?xml version="1.0" encoding="UTF-8"?>
<!DOCTYPE html PUBLIC "-//W3C//DTD XHTML 1.0 Transitional//EN"
    "http://www.w3.org/TR/xhtml1/DTD/xhtml1-transitional.dtd">
<html xmlns="http://www.w3.org/1999/xhtml" xml:lang="en" lang="en">
 <head>
  <title>
</title>
<meta http-equiv="Content-Type" content="text/html;charset=utf-8" />
  <meta name='ocr-system' content='tesseract 3.04.00' />
  <meta name='ocr-capabilities' content='ocr_page ocr_carea ocr_par ocr_line ocrx_word'/>
</head>
<body>
  <div class='ocr_page' id='page_1' title='image "./democritiabderi00mullgoog_0318.png"; bbox 0 0 2938 4864; ppageno 0'>
   <div class='ocr_carea' id='block_1_1' title="bbox 353 315 1385 390">
    <p class='ocr_par' dir='ltr' id='par_1_1' title="bbox 353 315 1385 390">
     <span class='ocr_line' id='line_1_1' title="bbox 353 315 1385 390; baseline -0.004 -14"><span class='ocrx_word' id='word_1_1' title='bbox 353 319 439 376; x_wconf 82' lang='lat' dir='ltr'><strong>Liber</strong></span> <span class='ocrx_word' id='word_1_2' title='bbox 456 317 506 376; x_wconf 91' lang='lat' dir='ltr'><strong>tii.</strong></span> <span class='ocrx_word' id='word_1_3' title='bbox 545 316 615 373; x_wconf 78' lang='lat' dir='ltr'><strong>Ado.</strong></span> <span class='ocrx_word' id='word_1_4' title='bbox 635 315 669 372; x_wconf 83' lang='lat' dir='ltr'><strong>ad</strong></span> <span class='ocrx_word' id='word_1_5' title='bbox 688 315 765 372; x_wconf 77' lang='lat' dir='ltr'><strong>Dan.</strong></span> <span class='ocrx_word' id='word_1_6' title='bbox 784 331 828 387; x_wconf 88' lang='lat' dir='ltr'><strong>op.</strong></span> <span class='ocrx_word' id='word_1_7' title='bbox 845 315 941 390; x_wconf 69' lang='lat' dir='ltr'><strong>tregru.</strong></span> <span class='ocrx_word' id='word_1_8' title='bbox 1135 315 1198 384; x_wconf 67' lang='lat'><strong>297</strong></span> <span class='ocrx_word' id='word_1_9' title='bbox 1366 323 1385 372; x_wconf 72' lang='grc' dir='ltr'>ο</span> 
     </span>
    </p>
   </div>
   <div class='ocr_carea' id='block_1_2' title="bbox 53 479 1254 4320">
    <p class='ocr_par' dir='ltr' id='par_1_2' title="bbox 86 479 1198 676">
     <span class='ocr_line' id='line_1_2' title="bbox 88 479 1198 569; baseline -0.003 -16"><span class='ocrx_word' id='word_1_10' title='bbox 88 511 146 569; x_wconf 79' lang='grc' dir='ltr'><strong>σοι,</strong></span> <span class='ocrx_word' id='word_1_11' title='bbox 173 489 228 554; x_wconf 92' lang='lat' dir='ltr'><strong>sed</strong></span> <span class='ocrx_word' id='word_1_12' title='bbox 254 494 388 554; x_wconf 84' lang='lat' dir='ltr'><strong>extrema</strong></span> <span class='ocrx_word' id='word_1_13' title='bbox 415 484 509 550; x_wconf 85' lang='lat' dir='ltr'><strong>verba</strong></span> <span class='ocrx_word' id='word_1_14' title='bbox 533 481 645 552; x_wconf 76' lang='grc' dir='ltr'><strong>ταύτας</strong></span> <span class='ocrx_word' id='word_1_15' title='bbox 671 479 703 544; x_wconf 87' lang='grc' dir='ltr'><strong>έν</strong></span> <span class='ocrx_word' id='word_1_16' title='bbox 724 503 792 567; x_wconf 72' lang='grc' dir='ltr'><strong>περ.</strong></span> <span class='ocrx_word' id='word_1_17' title='bbox 817 483 868 546; x_wconf 90' lang='lat' dir='ltr'><strong>vix</strong></span> <span class='ocrx_word' id='word_1_18' title='bbox 888 485 1055 548; x_wconf 75' lang='lat' dir='ltr'><strong>Democriti</strong></span> <span class='ocrx_word' id='word_1_19' title='bbox 1073 492 1144 550; x_wconf 86' lang='lat' dir='ltr'><strong>suot</strong></span> <span class='ocrx_word' id='word_1_20' title='bbox 1168 493 1198 550; x_wconf 90' lang='lat' dir='ltr'><strong>et</strong></span> 
     </span>
     <span class='ocr_line' id='line_1_3' title="bbox 86 597 571 676; baseline -0.014 -15"><span class='ocrx_word' id='word_1_21' title='bbox 86 599 173 662; x_wconf 85' lang='lat' dir='ltr'><strong>salvo</strong></span> <span class='ocrx_word' id='word_1_22' title='bbox 192 617 284 662; x_wconf 86' lang='lat' dir='ltr'><strong>seusu</strong></span> <span class='ocrx_word' id='word_1_23' title='bbox 305 597 413 660; x_wconf 86' lang='lat' dir='ltr'><strong>abesse</strong></span> <span class='ocrx_word' id='word_1_24' title='bbox 433 599 571 676; x_wconf 75' lang='lat' dir='ltr'>possunt.</span> 
     </span>
    </p>

    <p class='ocr_par' dir='ltr' id='par_1_3' title="bbox 87 697 1199 1536">
     <span class='ocr_line' id='line_1_4' title="bbox 174 697 1198 788; baseline -0.004 -20"><span class='ocrx_word' id='word_1_25' title='bbox 174 707 244 768; x_wconf 89' lang='grc'><strong>159.</strong></span> <span class='ocrx_word' id='word_1_26' title='bbox 287 702 455 788; x_wconf 75' lang='grc' dir='ltr'><strong>κρέσσονας</strong></span> <span class='ocrx_word' id='word_1_27' title='bbox 480 699 592 781; x_wconf 77' lang='lat' dir='ltr'><strong>legitur</strong></span> <span class='ocrx_word' id='word_1_28' title='bbox 614 698 646 761; x_wconf 91' lang='lat' dir='ltr'><strong>in</strong></span> <span class='ocrx_word' id='word_1_29' title='bbox 666 698 743 762; x_wconf 80' lang='lat' dir='ltr'><strong>cod.</strong></span> <span class='ocrx_word' id='word_1_30' title='bbox 770 697 878 772; x_wconf 68' lang='lat' dir='ltr'><strong>Paiatx</strong></span> <span class='ocrx_word' id='word_1_31' title='bbox 906 699 999 782; x_wconf 76' lang='lat' dir='ltr'><strong>vulgo</strong></span> <span class='ocrx_word' id='word_1_32' title='bbox 1022 699 1072 764; x_wconf 86' lang='lat' dir='ltr'><strong>hio</strong></span> <span class='ocrx_word' id='word_1_33' title='bbox 1095 719 1198 764; x_wconf 87' lang='lat' dir='ltr'><strong>exara·</strong></span> 
     </span>
     <span class='ocr_line' id='line_1_5' title="bbox 87 804 1197 895; baseline -0.004 -21"><span class='ocrx_word' id='word_1_34' title='bbox 87 819 139 874; x_wconf 88' lang='lat' dir='ltr'><strong>tur</strong></span> <span class='ocrx_word' id='word_1_35' title='bbox 150 809 348 895; x_wconf 77' lang='grc' dir='ltr'><strong>οιριιόοονας.</strong></span> <span class='ocrx_word' id='word_1_36' title='bbox 389 809 592 891; x_wconf 80' lang='lat' dir='ltr'><strong>Deposuimus</strong></span> <span class='ocrx_word' id='word_1_37' title='bbox 608 804 726 870; x_wconf 79' lang='grc' dir='ltr'><strong>αὐτέων</strong></span> <span class='ocrx_word' id='word_1_38' title='bbox 740 806 835 886; x_wconf 87' lang='lat' dir='ltr'><strong>ejecta</strong></span> <span class='ocrx_word' id='word_1_39' title='bbox 855 807 954 869; x_wconf 83' lang='lat' dir='ltr'><strong>torma</strong></span> <span class='ocrx_word' id='word_1_40' title='bbox 972 807 1063 870; x_wconf 84' lang='lat' dir='ltr'><strong>attica</strong></span> <span class='ocrx_word' id='word_1_41' title='bbox 1085 804 1197 871; x_wconf 76' lang='grc' dir='ltr'><strong>αὐτῶν.</strong></span> 
     </span>
     <span class='ocr_line' id='line_1_6' title="bbox 87 912 1198 1002; baseline -0.003 -20"><span class='ocrx_word' id='word_1_42' title='bbox 87 920 148 982; x_wconf 84' lang='lat' dir='ltr'><strong>Pro</strong></span> <span class='ocrx_word' id='word_1_43' title='bbox 168 915 458 1002; x_wconf 77' lang='lat' dir='ltr'><strong>rrpooxoaeadpaxor</strong></span> <span class='ocrx_word' id='word_1_44' title='bbox 478 917 673 980; x_wconf 86' lang='lat' dir='ltr'><strong>Barchardus</strong></span> <span class='ocrx_word' id='word_1_45' title='bbox 697 913 747 978; x_wconf 87' lang='lat' dir='ltr'><strong>vel</strong></span> <span class='ocrx_word' id='word_1_46' title='bbox 765 912 1035 998; x_wconf 78' lang='grc' dir='ltr'><strong>προσκοπούμενον</strong></span> <span class='ocrx_word' id='word_1_47' title='bbox 1056 914 1106 979; x_wconf 91' lang='lat' dir='ltr'><strong>vei</strong></span> <span class='ocrx_word' id='word_1_48' title='bbox 1125 935 1198 1000; x_wconf 81' lang='grc' dir='ltr'>προ·</span> 
     </span>
     <span class='ocr_line' id='line_1_7' title="bbox 90 1021 1199 1110; baseline -0.002 -20"><span class='ocrx_word' id='word_1_49' title='bbox 90 1023 297 1110; x_wconf 74' lang='grc' dir='ltr'>σκοπεύμενον</span> <span class='ocrx_word' id='word_1_50' title='bbox 326 1024 518 1090; x_wconf 86' lang='lat' dir='ltr'><strong>seribeodum</strong></span> <span class='ocrx_word' id='word_1_51' title='bbox 547 1042 614 1088; x_wconf 90' lang='lat' dir='ltr'><strong>esse</strong></span> <span class='ocrx_word' id='word_1_52' title='bbox 639 1027 733 1104; x_wconf 81' lang='lat' dir='ltr'><strong>potat</strong></span> <span class='ocrx_word' id='word_1_53' title='bbox 782 1021 824 1086; x_wconf 81' lang='lat' dir='ltr'><strong>At</strong></span> <span class='ocrx_word' id='word_1_54' title='bbox 851 1024 980 1088; x_wconf 82' lang='lat' dir='ltr'><strong>tortasse</strong></span> <span class='ocrx_word' id='word_1_55' title='bbox 1009 1023 1123 1088; x_wconf 85' lang='lat' dir='ltr'><strong>servari</strong></span> <span class='ocrx_word' id='word_1_56' title='bbox 1142 1043 1199 1105; x_wconf 75' lang='lat' dir='ltr'><strong>pe</strong></span> 
     </span>
     <span class='ocr_line' id='line_1_8' title="bbox 89 1127 1198 1215; baseline 0.001 -20"><span class='ocrx_word' id='word_1_57' title='bbox 89 1137 150 1196; x_wconf 83' lang='lat' dir='ltr'><strong>test</strong></span> <span class='ocrx_word' id='word_1_58' title='bbox 166 1133 288 1215; x_wconf 75' lang='lat' dir='ltr'><strong>uulgata</strong></span> <span class='ocrx_word' id='word_1_59' title='bbox 309 1134 460 1214; x_wconf 89' lang='lat' dir='ltr'><strong>scriptura</strong></span> <span class='ocrx_word' id='word_1_60' title='bbox 480 1133 576 1196; x_wconf 86' lang='lat' dir='ltr'><strong>veteri</strong></span> <span class='ocrx_word' id='word_1_61' title='bbox 594 1131 726 1196; x_wconf 85' lang='lat' dir='ltr'><strong>lectione</strong></span> <span class='ocrx_word' id='word_1_62' title='bbox 746 1127 906 1192; x_wconf 80' lang='grc' dir='ltr'><strong>οιιοπεύειν</strong></span> <span class='ocrx_word' id='word_1_63' title='bbox 928 1150 975 1212; x_wconf 88' lang='lat' dir='ltr'><strong>ap.</strong></span> <span class='ocrx_word' id='word_1_64' title='bbox 989 1131 1198 1210; x_wconf 81' lang='lat' dir='ltr'><strong>Herodot1,8</strong></span> 
     </span>
     <span class='ocr_line' id='line_1_9' title="bbox 90 1237 1198 1324; baseline -0.001 -22"><span class='ocrx_word' id='word_1_65' title='bbox 90 1259 169 1322; x_wconf 89' lang='lat' dir='ltr'><strong>quae</strong></span> <span class='ocrx_word' id='word_1_66' title='bbox 188 1259 269 1304; x_wconf 87' lang='lat' dir='ltr'><strong>nouo</strong></span> <span class='ocrx_word' id='word_1_67' title='bbox 289 1248 418 1324; x_wconf 88' lang='lat' dir='ltr'><strong>propter</strong></span> <span class='ocrx_word' id='word_1_68' title='bbox 445 1242 560 1306; x_wconf 78' lang='lat' dir='ltr'><strong>formae</strong></span> <span class='ocrx_word' id='word_1_69' title='bbox 580 1238 732 1302; x_wconf 83' lang='lat' dir='ltr'><strong>raritatem</strong></span> <span class='ocrx_word' id='word_1_70' title='bbox 757 1255 922 1321; x_wconf 87' lang='lat' dir='ltr'><strong>eorumque</strong></span> <span class='ocrx_word' id='word_1_71' title='bbox 950 1237 1124 1318; x_wconf 86' lang='lat' dir='ltr'>opinionem</span> <span class='ocrx_word' id='word_1_72' title='bbox 1146 1240 1198 1322; x_wconf 87' lang='lat' dir='ltr'><strong>qui</strong></span> 
     </span>
     <span class='ocr_line' id='line_1_10' title="bbox 89 1344 1199 1430; baseline 0 -21"><span class='ocrx_word' id='word_1_73' title='bbox 89 1345 190 1410; x_wconf 85' lang='lat' dir='ltr'><strong>bonos</strong></span> <span class='ocrx_word' id='word_1_74' title='bbox 210 1349 377 1430; x_wconf 84' lang='lat' dir='ltr'><strong>scriptores</strong></span> <span class='ocrx_word' id='word_1_75' title='bbox 405 1367 526 1430; x_wconf 80' lang='lat' dir='ltr'>semper</span> <span class='ocrx_word' id='word_1_76' title='bbox 558 1344 697 1410; x_wconf 75' lang='grc' dir='ltr'>σκοπέειν</span> <span class='ocrx_word' id='word_1_77' title='bbox 719 1345 861 1426; x_wconf 82' lang='lat' dir='ltr'><strong>posuisse</strong></span> <span class='ocrx_word' id='word_1_78' title='bbox 878 1344 1056 1424; x_wconf 88' lang='lat' dir='ltr'><strong>existimant,</strong></span> <span class='ocrx_word' id='word_1_79' title='bbox 1076 1365 1094 1408; x_wconf 91' lang='lat' dir='ltr'><strong>e</strong></span> <span class='ocrx_word' id='word_1_80' title='bbox 1116 1351 1199 1410; x_wconf 87' lang='lat' dir='ltr'><strong>texto</strong></span> 
     </span>
     <span class='ocr_line' id='line_1_11' title="bbox 92 1455 881 1536; baseline -0.001 -20"><span class='ocrx_word' id='word_1_81' title='bbox 92 1455 220 1536; x_wconf 88' lang='lat' dir='ltr'><strong>expulsa</strong></span> <span class='ocrx_word' id='word_1_82' title='bbox 241 1463 295 1520; x_wconf 85' lang='lat' dir='ltr'><strong>est.</strong></span> <span class='ocrx_word' id='word_1_83' title='bbox 339 1459 386 1520; x_wconf 82' lang='lat' dir='ltr'><strong>Gt.</strong></span> <span class='ocrx_word' id='word_1_84' title='bbox 410 1455 543 1519; x_wconf 85' lang='lat' dir='ltr'><strong>Lobeok.</strong></span> <span class='ocrx_word' id='word_1_85' title='bbox 565 1456 605 1518; x_wconf 89' lang='lat' dir='ltr'><strong>ad</strong></span> <span class='ocrx_word' id='word_1_86' title='bbox 625 1455 734 1533; x_wconf 85' lang='lat' dir='ltr'><strong>Phryn.</strong></span> <span class='ocrx_word' id='word_1_87' title='bbox 756 1474 786 1533; x_wconf 88' lang='lat' dir='ltr'><strong>p.</strong></span> <span class='ocrx_word' id='word_1_88' title='bbox 810 1455 881 1516; x_wconf 83' lang='lat'><strong>591.</strong></span> 
     </span>
    </p>

    <p class='ocr_par' dir='ltr' id='par_1_4' title="bbox 88 1559 1254 2078">
     <span class='ocr_line' id='line_1_12' title="bbox 176 1559 1254 1646; baseline -0.004 -20"><span class='ocrx_word' id='word_1_89' title='bbox 176 1565 246 1629; x_wconf 91' lang='grc'><strong>161.</strong></span> <span class='ocrx_word' id='word_1_90' title='bbox 289 1564 485 1627; x_wconf 89' lang='lat' dir='ltr'><strong>Burchardus</strong></span> <span class='ocrx_word' id='word_1_91' title='bbox 511 1561 652 1646; x_wconf 77' lang='lat' dir='ltr'><strong>neglecto</strong></span> <span class='ocrx_word' id='word_1_92' title='bbox 679 1561 817 1625; x_wconf 84' lang='lat' dir='ltr'><strong>Jouismo</strong></span> <span class='ocrx_word' id='word_1_93' title='bbox 845 1564 877 1622; x_wconf 87' lang='lat' dir='ltr'><strong>et</strong></span> <span class='ocrx_word' id='word_1_94' title='bbox 907 1559 1079 1640; x_wconf 82' lang='lat' dir='ltr'><strong>posthabite</strong></span> <span class='ocrx_word' id='word_1_95' title='bbox 1107 1561 1196 1624; x_wconf 86' lang='lat' dir='ltr'><strong>codd.</strong></span> <span class='ocrx_word' id='word_1_96' title='bbox 1252 1569 1254 1574; x_wconf 85' lang='lat'>&#39;</span> 
     </span>
     <span class='ocr_line' id='line_1_13' title="bbox 89 1667 1198 1755; baseline 0 -24"><span class='ocrx_word' id='word_1_97' title='bbox 89 1669 269 1734; x_wconf 86' lang='lat' dir='ltr'><strong>auctoritate</strong></span> <span class='ocrx_word' id='word_1_98' title='bbox 297 1671 391 1736; x_wconf 78' lang='lat' dir='ltr'><strong>edidit</strong></span> <span class='ocrx_word' id='word_1_99' title='bbox 419 1668 474 1755; x_wconf 86' lang='grc' dir='ltr'><strong>ὑφ’</strong></span> <span class='ocrx_word' id='word_1_100' title='bbox 504 1669 572 1737; x_wconf 76' lang='lat' dir='ltr'><strong>iaie</strong></span> <span class='ocrx_word' id='word_1_101' title='bbox 598 1675 629 1732; x_wconf 89' lang='lat' dir='ltr'><strong>et</strong></span> <span class='ocrx_word' id='word_1_102' title='bbox 655 1669 748 1732; x_wconf 77' lang='grc' dir='ltr'>δοκεῖ.</span> <span class='ocrx_word' id='word_1_103' title='bbox 798 1667 890 1749; x_wconf 80' lang='lat' dir='ltr'><strong>Apud</strong></span> <span class='ocrx_word' id='word_1_104' title='bbox 916 1667 1028 1730; x_wconf 85' lang='lat' dir='ltr'><strong>Autou.</strong></span> <span class='ocrx_word' id='word_1_105' title='bbox 1061 1674 1092 1730; x_wconf 90' lang='lat' dir='ltr'><strong>et</strong></span> <span class='ocrx_word' id='word_1_106' title='bbox 1119 1669 1198 1732; x_wconf 84' lang='lat' dir='ltr'><strong>Max.</strong></span> 
     </span>
     <span class='ocr_line' id='line_1_14' title="bbox 88 1775 1199 1859; baseline -0.001 -19"><span class='ocrx_word' id='word_1_107' title='bbox 88 1796 119 1857; x_wconf 88' lang='lat' dir='ltr'><strong>p.</strong></span> <span class='ocrx_word' id='word_1_108' title='bbox 140 1779 201 1840; x_wconf 73' lang='lat'><strong>721</strong></span> <span class='ocrx_word' id='word_1_109' title='bbox 231 1778 351 1859; x_wconf 86' lang='lat' dir='ltr'><strong>adjecto</strong></span> <span class='ocrx_word' id='word_1_110' title='bbox 382 1778 522 1842; x_wconf 83' lang='lat' dir='ltr'><strong>lemmate</strong></span> <span class='ocrx_word' id='word_1_111' title='bbox 550 1779 602 1840; x_wconf 80' lang='lat' dir='ltr'><strong>Ex</strong></span> <span class='ocrx_word' id='word_1_112' title='bbox 631 1776 721 1856; x_wconf 63' lang='lat' dir='ltr'><strong>aaut</strong></span> <span class='ocrx_word' id='word_1_113' title='bbox 745 1783 775 1838; x_wconf 83' lang='lat' dir='ltr'><strong>et</strong></span> <span class='ocrx_word' id='word_1_114' title='bbox 798 1775 957 1838; x_wconf 61' lang='lat' dir='ltr'><strong>senentes</strong></span> <span class='ocrx_word' id='word_1_115' title='bbox 977 1775 1118 1855; x_wconf 65' lang='lat' dir='ltr'><strong>memti,</strong></span> <span class='ocrx_word' id='word_1_116' title='bbox 1139 1779 1199 1840; x_wconf 82' lang='lat' dir='ltr'><strong>Iso-</strong></span> 
     </span>
     <span class='ocr_line' id='line_1_15' title="bbox 88 1882 1199 1966; baseline 0.001 -20"><span class='ocrx_word' id='word_1_117' title='bbox 88 1887 186 1946; x_wconf 80' lang='lat' dir='ltr'><strong>cratia</strong></span> <span class='ocrx_word' id='word_1_118' title='bbox 205 1893 248 1948; x_wconf 84' lang='lat' dir='ltr'><strong>et·</strong></span> <span class='ocrx_word' id='word_1_119' title='bbox 264 1889 458 1950; x_wconf 79' lang='lat' dir='ltr'><strong>Deruocrota&#39;r</strong></span> <span class='ocrx_word' id='word_1_120' title='bbox 485 1886 566 1948; x_wconf 90' lang='lat' dir='ltr'><strong>idem</strong></span> <span class='ocrx_word' id='word_1_121' title='bbox 594 1885 815 1966; x_wconf 75' lang='lat' dir='ltr'><strong>apophthegm</strong></span> <span class='ocrx_word' id='word_1_122' title='bbox 842 1882 987 1946; x_wconf 86' lang='lat' dir='ltr'><strong>mendose</strong></span> <span class='ocrx_word' id='word_1_123' title='bbox 1008 1883 1054 1945; x_wconf 89' lang='lat' dir='ltr'><strong>sio</strong></span> <span class='ocrx_word' id='word_1_124' title='bbox 1073 1883 1199 1966; x_wconf 75' lang='lat' dir='ltr'><strong>iegitur:</strong></span> 
     </span>
     <span class='ocr_line' id='line_1_16' title="bbox 88 1987 987 2078; baseline -0.002 -24"><span class='ocrx_word' id='word_1_125' title='bbox 88 1987 167 2054; x_wconf 82' lang='grc' dir='ltr'><strong>Ἀπ’</strong></span> <span class='ocrx_word' id='word_1_126' title='bbox 189 1990 315 2062; x_wconf 74' lang='grc' dir='ltr'><strong>οὐδενὸς</strong></span> <span class='ocrx_word' id='word_1_127' title='bbox 338 1993 495 2078; x_wconf 72' lang='grc' dir='ltr'>φιλεῖσθαι</span> <span class='ocrx_word' id='word_1_128' title='bbox 527 1991 655 2056; x_wconf 73' lang='grc' dir='ltr'>δοκείτω</span> <span class='ocrx_word' id='word_1_129' title='bbox 674 2013 719 2060; x_wconf 83' lang='grc' dir='ltr'><strong>τις</strong></span> <span class='ocrx_word' id='word_1_130' title='bbox 741 1988 860 2075; x_wconf 76' lang='grc' dir='ltr'><strong>μηδένα</strong></span> <span class='ocrx_word' id='word_1_131' title='bbox 878 1992 987 2075; x_wconf 84' lang='grc' dir='ltr'><strong>φιλῶν.</strong></span> 
     </span>
    </p>

    <p class='ocr_par' dir='ltr' id='par_1_5' title="bbox 69 2083 1201 2290">
     <span class='ocr_line' id='line_1_17' title="bbox 69 2083 1200 2184; baseline -0.001 -21"><span class='ocrx_word' id='word_1_132' title='bbox 69 2083 72 2089; x_wconf 43' lang='grc'><strong>’</strong></span> <span class='ocrx_word' id='word_1_133' title='bbox 176 2103 246 2164; x_wconf 70' lang='lat'><strong>162.</strong></span> <span class='ocrx_word' id='word_1_134' title='bbox 290 2102 351 2165; x_wconf 86' lang='lat' dir='ltr'><strong>Pro</strong></span> <span class='ocrx_word' id='word_1_135' title='bbox 379 2101 487 2184; x_wconf 74' lang='grc' dir='ltr'>μηδεὶς</span> <span class='ocrx_word' id='word_1_136' title='bbox 513 2101 544 2164; x_wconf 91' lang='lat' dir='ltr'><strong>in</strong></span> <span class='ocrx_word' id='word_1_137' title='bbox 572 2101 649 2164; x_wconf 77' lang='lat' dir='ltr'><strong>(iod.</strong></span> <span class='ocrx_word' id='word_1_138' title='bbox 679 2099 773 2162; x_wconf 84' lang='lat' dir='ltr'><strong>Putat.</strong></span> <span class='ocrx_word' id='word_1_139' title='bbox 794 2105 841 2162; x_wconf 87' lang='lat' dir='ltr'><strong>est</strong></span> <span class='ocrx_word' id='word_1_140' title='bbox 864 2095 938 2181; x_wconf 82' lang='grc' dir='ltr'><strong>μηδ’</strong></span> <span class='ocrx_word' id='word_1_141' title='bbox 961 2096 1014 2165; x_wconf 75' lang='grc' dir='ltr'><strong>εἷς.</strong></span> <span class='ocrx_word' id='word_1_142' title='bbox 1050 2099 1200 2162; x_wconf 79' lang='lat' dir='ltr'><strong>Burctuar-</strong></span> 
     </span>
     <span class='ocr_line' id='line_1_18' title="bbox 91 2205 1201 2290; baseline 0 -21"><span class='ocrx_word' id='word_1_143' title='bbox 91 2207 149 2271; x_wconf 86' lang='lat' dir='ltr'><strong>dus</strong></span> <span class='ocrx_word' id='word_1_144' title='bbox 172 2209 243 2272; x_wconf 86' lang='lat' dir='ltr'><strong>citat</strong></span> <span class='ocrx_word' id='word_1_145' title='bbox 262 2209 355 2272; x_wconf 89' lang='lat' dir='ltr'><strong>isoor.</strong></span> <span class='ocrx_word' id='word_1_146' title='bbox 383 2209 422 2271; x_wconf 95' lang='lat' dir='ltr'><strong>ad</strong></span> <span class='ocrx_word' id='word_1_147' title='bbox 453 2212 579 2272; x_wconf 91' lang='lat' dir='ltr'><strong>Demon.</strong></span> <span class='ocrx_word' id='word_1_148' title='bbox 608 2209 649 2272; x_wconf 89' lang='grc'><strong>30</strong></span> <span class='ocrx_word' id='word_1_149' title='bbox 680 2207 776 2269; x_wconf 81' lang='lat' dir='ltr'><strong>Oreti</strong></span> <span class='ocrx_word' id='word_1_150' title='bbox 802 2225 874 2287; x_wconf 92' lang='lat' dir='ltr'><strong>opp.</strong></span> <span class='ocrx_word' id='word_1_151' title='bbox 896 2207 924 2268; x_wconf 93' lang='lat' dir='ltr'><strong>lt</strong></span> <span class='ocrx_word' id='word_1_152' title='bbox 952 2225 982 2286; x_wconf 90' lang='lat' dir='ltr'><strong>p.</strong></span> <span class='ocrx_word' id='word_1_153' title='bbox 1004 2207 1063 2269; x_wconf 72' lang='lat'><strong>28:</strong></span> <span class='ocrx_word' id='word_1_154' title='bbox 1083 2205 1201 2290; x_wconf 80' lang='grc' dir='ltr'>ὁμοίως</span> 
     </span>
    </p>

    <p class='ocr_par' dir='ltr' id='par_1_6' title="bbox 53 2285 1199 2485">
     <span class='ocr_line' id='line_1_19' title="bbox 53 2285 1199 2402; baseline -0.002 -24"><span class='ocrx_word' id='word_1_155' title='bbox 53 2285 76 2328; x_wconf 58' lang='lat'>⁸</span> <span class='ocrx_word' id='word_1_156' title='bbox 90 2313 148 2399; x_wconf 67' lang='grc' dir='ltr'><strong>γὰρ</strong></span> <span class='ocrx_word' id='word_1_157' title='bbox 169 2313 307 2402; x_wconf 80' lang='grc' dir='ltr'><strong>αἰσχρόν,</strong></span> <span class='ocrx_word' id='word_1_158' title='bbox 334 2314 451 2400; x_wconf 77' lang='grc' dir='ltr'><strong>μηδένα</strong></span> <span class='ocrx_word' id='word_1_159' title='bbox 478 2315 566 2402; x_wconf 87' lang='grc' dir='ltr'><strong>φιλον</strong></span> <span class='ocrx_word' id='word_1_160' title='bbox 599 2311 680 2399; x_wconf 82' lang='grc' dir='ltr'>ἔχειν</span> <span class='ocrx_word' id='word_1_161' title='bbox 704 2312 755 2376; x_wconf 78' lang='grc' dir='ltr'><strong>καὶ</strong></span> <span class='ocrx_word' id='word_1_162' title='bbox 775 2310 911 2379; x_wconf 80' lang='grc' dir='ltr'><strong>πολλοὺς</strong></span> <span class='ocrx_word' id='word_1_163' title='bbox 932 2309 1071 2396; x_wconf 78' lang='grc' dir='ltr'><strong>ἑταίροις</strong></span> <span class='ocrx_word' id='word_1_164' title='bbox 1092 2313 1199 2396; x_wconf 77' lang='grc' dir='ltr'><strong>μεταλ-</strong></span> 
     </span>
     <span class='ocr_line' id='line_1_20' title="bbox 92 2422 218 2485; baseline -0.008 0"><span class='ocrx_word' id='word_1_165' title='bbox 92 2422 218 2485; x_wconf 82' lang='grc' dir='ltr'><strong>λάττειν.</strong></span> 
     </span>
    </p>

    <p class='ocr_par' dir='ltr' id='par_1_7' title="bbox 91 2525 1204 3692">
     <span class='ocr_line' id='line_1_21' title="bbox 178 2525 1200 2614; baseline -0.002 -20"><span class='ocrx_word' id='word_1_166' title='bbox 178 2533 246 2594; x_wconf 85' lang='grc'><strong>153.</strong></span> <span class='ocrx_word' id='word_1_167' title='bbox 290 2531 426 2594; x_wconf 85' lang='lat' dir='ltr'><strong>Oreilius</strong></span> <span class='ocrx_word' id='word_1_168' title='bbox 455 2531 548 2596; x_wconf 81' lang='lat' dir='ltr'><strong>scribi</strong></span> <span class='ocrx_word' id='word_1_169' title='bbox 573 2530 638 2594; x_wconf 85' lang='lat' dir='ltr'><strong>vult</strong></span> <span class='ocrx_word' id='word_1_170' title='bbox 668 2528 753 2614; x_wconf 77' lang='grc' dir='ltr'>φιλίη</span> <span class='ocrx_word' id='word_1_171' title='bbox 780 2547 838 2609; x_wconf 89' lang='lat' dir='ltr'><strong>pro</strong></span> <span class='ocrx_word' id='word_1_172' title='bbox 862 2525 964 2610; x_wconf 71' lang='grc' dir='ltr'>φιλίας</span> <span class='ocrx_word' id='word_1_173' title='bbox 994 2532 1086 2592; x_wconf 87' lang='lat' dir='ltr'><strong>reete.</strong></span> <span class='ocrx_word' id='word_1_174' title='bbox 1130 2525 1200 2592; x_wconf 86' lang='lat' dir='ltr'><strong>Vid.</strong></span> 
     </span>
     <span class='ocr_line' id='line_1_22' title="bbox 94 2633 1200 2728; baseline -0.002 -29"><span class='ocrx_word' id='word_1_175' title='bbox 94 2657 172 2720; x_wconf 87' lang='lat' dir='ltr'><strong>quae</strong></span> <span class='ocrx_word' id='word_1_176' title='bbox 193 2657 285 2720; x_wconf 90' lang='lat' dir='ltr'><strong>supra</strong></span> <span class='ocrx_word' id='word_1_177' title='bbox 306 2639 435 2702; x_wconf 87' lang='lat' dir='ltr'><strong>diximus</strong></span> <span class='ocrx_word' id='word_1_178' title='bbox 461 2640 499 2702; x_wconf 90' lang='lat' dir='ltr'><strong>ad</strong></span> <span class='ocrx_word' id='word_1_179' title='bbox 522 2641 627 2720; x_wconf 70' lang='lat' dir='ltr'><strong>tregru.</strong></span> <span class='ocrx_word' id='word_1_180' title='bbox 652 2639 722 2702; x_wconf 89' lang='grc'><strong>153.</strong></span> <span class='ocrx_word' id='word_1_181' title='bbox 771 2636 839 2728; x_wconf 82' lang='lat' dir='ltr'><strong>Huc</strong></span> <span class='ocrx_word' id='word_1_182' title='bbox 862 2635 1054 2698; x_wconf 76' lang='lat' dir='ltr'><strong>referendum</strong></span> <span class='ocrx_word' id='word_1_183' title='bbox 1071 2633 1200 2713; x_wconf 78' lang='lat' dir='ltr'><strong>videtum,</strong></span> 
     </span>
     <span class='ocr_line' id='line_1_23' title="bbox 94 2741 1201 2830; baseline -0.004 -23"><span class='ocrx_word' id='word_1_184' title='bbox 94 2745 206 2810; x_wconf 86' lang='lat' dir='ltr'><strong>dietum</strong></span> <span class='ocrx_word' id='word_1_185' title='bbox 232 2745 316 2825; x_wconf 90' lang='lat' dir='ltr'><strong>iilud,</strong></span> <span class='ocrx_word' id='word_1_186' title='bbox 344 2748 427 2829; x_wconf 90' lang='lat' dir='ltr'><strong>quod</strong></span> <span class='ocrx_word' id='word_1_187' title='bbox 454 2749 571 2810; x_wconf 87' lang='lat' dir='ltr'><strong>Seneca</strong></span> <span class='ocrx_word' id='word_1_188' title='bbox 597 2747 684 2830; x_wconf 86' lang='lat' dir='ltr'><strong>epist.</strong></span> <span class='ocrx_word' id='word_1_189' title='bbox 712 2747 731 2810; x_wconf 85' lang='lat'><strong>7</strong></span> <span class='ocrx_word' id='word_1_190' title='bbox 760 2743 937 2808; x_wconf 86' lang='lat' dir='ltr'><strong>Democrito</strong></span> <span class='ocrx_word' id='word_1_191' title='bbox 966 2741 1087 2806; x_wconf 87' lang='lat' dir='ltr'><strong>tribuit:</strong></span> <span class='ocrx_word' id='word_1_192' title='bbox 1117 2762 1201 2804; x_wconf 81' lang='grc' dir='ltr'><strong>αααι</strong></span> 
     </span>
     <span class='ocr_line' id='line_1_24' title="bbox 91 2849 1201 2936; baseline -0.003 -21"><span class='ocrx_word' id='word_1_193' title='bbox 91 2853 172 2916; x_wconf 64' lang='lat' dir='ltr'><strong>aare·</strong></span> <span class='ocrx_word' id='word_1_194' title='bbox 186 2873 247 2934; x_wconf 83' lang='lat' dir='ltr'><strong>pro</strong></span> <span class='ocrx_word' id='word_1_195' title='bbox 260 2856 377 2936; x_wconf 79' lang='lat' dir='ltr'><strong>populo</strong></span> <span class='ocrx_word' id='word_1_196' title='bbox 396 2861 450 2930; x_wconf 82' lang='lat' dir='ltr'><strong>est,</strong></span> <span class='ocrx_word' id='word_1_197' title='bbox 471 2861 501 2916; x_wconf 78' lang='lat' dir='ltr'><strong>et</strong></span> <span class='ocrx_word' id='word_1_198' title='bbox 516 2855 653 2936; x_wconf 73' lang='lat' dir='ltr'><strong>populeo</strong></span> <span class='ocrx_word' id='word_1_199' title='bbox 665 2873 727 2935; x_wconf 83' lang='lat' dir='ltr'><strong>pro</strong></span> <span class='ocrx_word' id='word_1_200' title='bbox 746 2871 819 2916; x_wconf 80' lang='lat' dir='ltr'><strong>uno.</strong></span> <span class='ocrx_word' id='word_1_201' title='bbox 862 2851 960 2916; x_wconf 87' lang='lat' dir='ltr'><strong>Simili</strong></span> <span class='ocrx_word' id='word_1_202' title='bbox 974 2849 1067 2912; x_wconf 91' lang='lat' dir='ltr'><strong>modo</strong></span> <span class='ocrx_word' id='word_1_203' title='bbox 1089 2854 1119 2912; x_wconf 90' lang='lat' dir='ltr'><strong>et</strong></span> <span class='ocrx_word' id='word_1_204' title='bbox 1137 2855 1201 2912; x_wconf 87' lang='lat' dir='ltr'><strong>tao-</strong></span> 
     </span>
     <span class='ocr_line' id='line_1_25' title="bbox 93 2955 1204 3044; baseline -0.005 -21"><span class='ocrx_word' id='word_1_205' title='bbox 93 2981 183 3043; x_wconf 85' lang='lat' dir='ltr'><strong>quam</strong></span> <span class='ocrx_word' id='word_1_206' title='bbox 211 2961 367 3044; x_wconf 86' lang='lat' dir='ltr'><strong>proverbii</strong></span> <span class='ocrx_word' id='word_1_207' title='bbox 398 2961 470 3026; x_wconf 88' lang='lat' dir='ltr'><strong>loeo</strong></span> <span class='ocrx_word' id='word_1_208' title='bbox 501 2963 611 3025; x_wconf 84' lang='lat' dir='ltr'><strong>Cicero</strong></span> <span class='ocrx_word' id='word_1_209' title='bbox 635 2963 675 3024; x_wconf 90' lang='lat' dir='ltr'><strong>ad</strong></span> <span class='ocrx_word' id='word_1_210' title='bbox 701 2961 763 3023; x_wconf 73' lang='lat' dir='ltr'><strong>Ata</strong></span> <span class='ocrx_word' id='word_1_211' title='bbox 785 2961 863 3036; x_wconf 87' lang='lat'>11,5</span> <span class='ocrx_word' id='word_1_212' title='bbox 895 2959 990 3022; x_wconf 87' lang='lat' dir='ltr'><strong>utitur</strong></span> <span class='ocrx_word' id='word_1_213' title='bbox 1016 2955 1117 3020; x_wconf 84' lang='lat' dir='ltr'><strong>verbis</strong></span> <span class='ocrx_word' id='word_1_214' title='bbox 1147 2957 1204 3035; x_wconf 80' lang='lat' dir='ltr'><strong>qua&#39;</strong></span> 
     </span>
     <span class='ocr_line' id='line_1_26' title="bbox 93 3061 1202 3150; baseline 0 -22"><span class='ocrx_word' id='word_1_215' title='bbox 93 3068 173 3130; x_wconf 74' lang='lat' dir='ltr'><strong>miti</strong></span> <span class='ocrx_word' id='word_1_216' title='bbox 190 3090 274 3132; x_wconf 80' lang='lat' dir='ltr'><strong>unm</strong></span> <span class='ocrx_word' id='word_1_217' title='bbox 292 3077 336 3132; x_wconf 81' lang='lat' dir='ltr'><strong>ert</strong></span> <span class='ocrx_word' id='word_1_218' title='bbox 347 3088 409 3150; x_wconf 78' lang='lat' dir='ltr'><strong>pro</strong></span> <span class='ocrx_word' id='word_1_219' title='bbox 430 3079 552 3132; x_wconf 78' lang='lat' dir='ltr'><strong>emtum</strong></span> <span class='ocrx_word' id='word_1_220' title='bbox 574 3067 712 3132; x_wconf 67' lang='lat' dir='ltr'><strong>mittetur</strong></span> <span class='ocrx_word' id='word_1_221' title='bbox 740 3076 770 3132; x_wconf 90' lang='lat' dir='ltr'><strong>et</strong></span> <span class='ocrx_word' id='word_1_222' title='bbox 790 3069 877 3145; x_wconf 86' lang='lat' dir='ltr'>XVI,</span> <span class='ocrx_word' id='word_1_223' title='bbox 899 3070 952 3130; x_wconf 90' lang='lat' dir='ltr'><strong>tt:</strong></span> <span class='ocrx_word' id='word_1_224' title='bbox 980 3063 1024 3133; x_wconf 77' lang='lat' dir='ltr'><strong>air</strong></span> <span class='ocrx_word' id='word_1_225' title='bbox 1054 3061 1124 3147; x_wconf 81' lang='lat' dir='ltr'><strong>ipat</strong></span> <span class='ocrx_word' id='word_1_226' title='bbox 1149 3063 1202 3147; x_wconf 78' lang='lat' dir='ltr'><strong>pd-</strong></span> 
     </span>
     <span class='ocr_line' id='line_1_27' title="bbox 96 3172 1201 3258; baseline 0 -21"><span class='ocrx_word' id='word_1_227' title='bbox 96 3195 165 3258; x_wconf 86' lang='grc' dir='ltr'><strong>ριοι.</strong></span> <span class='ocrx_word' id='word_1_228' title='bbox 215 3178 261 3239; x_wconf 85' lang='lat' dir='ltr'><strong>Ex</strong></span> <span class='ocrx_word' id='word_1_229' title='bbox 294 3179 339 3242; x_wconf 87' lang='lat' dir='ltr'><strong>his</strong></span> <span class='ocrx_word' id='word_1_230' title='bbox 371 3176 491 3240; x_wconf 86' lang='lat' dir='ltr'><strong>indiciis</strong></span> <span class='ocrx_word' id='word_1_231' title='bbox 517 3185 598 3241; x_wconf 87' lang='lat' dir='ltr'><strong>reete</strong></span> <span class='ocrx_word' id='word_1_232' title='bbox 623 3179 688 3256; x_wconf 88' lang='lat' dir='ltr'><strong>jam</strong></span> <span class='ocrx_word' id='word_1_233' title='bbox 713 3179 851 3240; x_wconf 84' lang='lat' dir='ltr'><strong>Muretus</strong></span> <span class='ocrx_word' id='word_1_234' title='bbox 879 3195 941 3238; x_wconf 80' lang='lat' dir='ltr'><strong>var.</strong></span> <span class='ocrx_word' id='word_1_235' title='bbox 966 3173 1047 3236; x_wconf 76' lang='lat' dir='ltr'><strong>lectt</strong></span> <span class='ocrx_word' id='word_1_236' title='bbox 1072 3172 1201 3250; x_wconf 79' lang='lat' dir='ltr'>XVL5</span> 
     </span>
     <span class='ocr_line' id='line_1_28' title="bbox 95 3281 1203 3366; baseline -0.002 -20"><span class='ocrx_word' id='word_1_237' title='bbox 95 3285 226 3365; x_wconf 85' lang='lat' dir='ltr'><strong>conjecit</strong></span> <span class='ocrx_word' id='word_1_238' title='bbox 253 3286 326 3348; x_wconf 86' lang='lat' dir='ltr'><strong>dicti</strong></span> <span class='ocrx_word' id='word_1_239' title='bbox 357 3287 446 3366; x_wconf 89' lang='lat' dir='ltr'><strong>hujus</strong></span> <span class='ocrx_word' id='word_1_240' title='bbox 479 3293 635 3349; x_wconf 83' lang='lat' dir='ltr'><strong>auctorem</strong></span> <span class='ocrx_word' id='word_1_241' title='bbox 672 3304 740 3348; x_wconf 89' lang='lat' dir='ltr'><strong>esse</strong></span> <span class='ocrx_word' id='word_1_242' title='bbox 773 3281 989 3347; x_wconf 89' lang='lat' dir='ltr'><strong>Democritum.</strong></span> <span class='ocrx_word' id='word_1_243' title='bbox 1041 3282 1203 3346; x_wconf 75' lang='lat' dir='ltr'><strong>Caeterum</strong></span> 
     </span>
     <span class='ocr_line' id='line_1_29' title="bbox 94 3389 1203 3475; baseline 0.002 -21"><span class='ocrx_word' id='word_1_244' title='bbox 94 3392 176 3473; x_wconf 92' lang='lat' dir='ltr'><strong>quod</strong></span> <span class='ocrx_word' id='word_1_245' title='bbox 200 3393 239 3455; x_wconf 89' lang='lat' dir='ltr'><strong>ad</strong></span> <span class='ocrx_word' id='word_1_246' title='bbox 262 3393 346 3456; x_wconf 89' lang='lat' dir='ltr'><strong>iilam</strong></span> <span class='ocrx_word' id='word_1_247' title='bbox 375 3411 454 3475; x_wconf 89' lang='lat' dir='ltr'><strong>quae</strong></span> <span class='ocrx_word' id='word_1_248' title='bbox 481 3393 512 3456; x_wconf 91' lang='lat' dir='ltr'><strong>in</strong></span> <span class='ocrx_word' id='word_1_249' title='bbox 537 3401 621 3458; x_wconf 89' lang='lat' dir='ltr'><strong>textu</strong></span> <span class='ocrx_word' id='word_1_250' title='bbox 644 3400 690 3457; x_wconf 89' lang='lat' dir='ltr'><strong>est</strong></span> <span class='ocrx_word' id='word_1_251' title='bbox 708 3391 885 3456; x_wconf 84' lang='lat' dir='ltr'><strong>senteutiam</strong></span> <span class='ocrx_word' id='word_1_252' title='bbox 909 3389 1023 3466; x_wconf 86' lang='lat' dir='ltr'><strong>attinet,</strong></span> <span class='ocrx_word' id='word_1_253' title='bbox 1037 3389 1117 3454; x_wconf 89' lang='lat' dir='ltr'><strong>idem</strong></span> <span class='ocrx_word' id='word_1_254' title='bbox 1139 3392 1203 3456; x_wconf 87' lang='lat' dir='ltr'><strong>iere</strong></span> 
     </span>
     <span class='ocr_line' id='line_1_30' title="bbox 95 3495 1204 3596; baseline 0.002 -36"><span class='ocrx_word' id='word_1_255' title='bbox 95 3498 170 3560; x_wconf 91' lang='lat' dir='ltr'><strong>dixit</strong></span> <span class='ocrx_word' id='word_1_256' title='bbox 191 3499 373 3596; x_wconf 54' lang='lat' dir='ltr'><strong>anacharsis</strong></span> <span class='ocrx_word' id='word_1_257' title='bbox 394 3499 475 3581; x_wconf 91' lang='lat' dir='ltr'><strong>apud</strong></span> <span class='ocrx_word' id='word_1_258' title='bbox 498 3501 705 3582; x_wconf 81' lang='lat' dir='ltr'><strong>Diog.1.aert.</strong></span> <span class='ocrx_word' id='word_1_259' title='bbox 727 3501 749 3577; x_wconf 79' lang='lat' dir='ltr'><strong>i,</strong></span> <span class='ocrx_word' id='word_1_260' title='bbox 777 3501 852 3562; x_wconf 82' lang='lat'>1⁰5:</span> <span class='ocrx_word' id='word_1_261' title='bbox 873 3499 1014 3580; x_wconf 81' lang='grc' dir='ltr'><strong>ιιροῖοοον</strong></span> <span class='ocrx_word' id='word_1_262' title='bbox 1038 3495 1093 3560; x_wconf 83' lang='grc' dir='ltr'><strong>ένα</strong></span> <span class='ocrx_word' id='word_1_263' title='bbox 1115 3495 1204 3582; x_wconf 74' lang='grc' dir='ltr'><strong>φίλον</strong></span> 
     </span>
     <span class='ocr_line' id='line_1_31' title="bbox 97 3601 910 3692; baseline -0.001 -24"><span class='ocrx_word' id='word_1_264' title='bbox 97 3601 180 3690; x_wconf 72' lang='grc' dir='ltr'>ἔχειν</span> <span class='ocrx_word' id='word_1_265' title='bbox 201 3609 320 3672; x_wconf 81' lang='grc' dir='ltr'><strong>πολλοῦ</strong></span> <span class='ocrx_word' id='word_1_266' title='bbox 344 3607 427 3678; x_wconf 80' lang='grc' dir='ltr'><strong>ἄξιον</strong></span> <span class='ocrx_word' id='word_1_267' title='bbox 450 3609 469 3692; x_wconf 80' lang='grc' dir='ltr'><strong>ἦ</strong></span> <span class='ocrx_word' id='word_1_268' title='bbox 492 3607 628 3676; x_wconf 80' lang='grc' dir='ltr'><strong>πολλοὺς</strong></span> <span class='ocrx_word' id='word_1_269' title='bbox 648 3607 780 3691; x_wconf 77' lang='grc' dir='ltr'><strong>μηδενὸς</strong></span> <span class='ocrx_word' id='word_1_270' title='bbox 799 3603 910 3675; x_wconf 75' lang='grc' dir='ltr'><strong>ἀξίους.</strong></span> 
     </span>
    </p>

    <p class='ocr_par' dir='ltr' id='par_1_8' title="bbox 95 3711 1207 4208">
     <span class='ocr_line' id='line_1_32' title="bbox 184 3711 1205 3800; baseline -0.002 -22"><span class='ocrx_word' id='word_1_271' title='bbox 184 3717 254 3778; x_wconf 83' lang='grc'><strong>161.</strong></span> <span class='ocrx_word' id='word_1_272' title='bbox 298 3717 358 3778; x_wconf 87' lang='lat' dir='ltr'><strong>Pro</strong></span> <span class='ocrx_word' id='word_1_273' title='bbox 381 3714 492 3799; x_wconf 76' lang='grc' dir='ltr'><strong>εὑρεῖν,</strong></span> <span class='ocrx_word' id='word_1_274' title='bbox 520 3717 605 3800; x_wconf 92' lang='lat' dir='ltr'><strong>quod</strong></span> <span class='ocrx_word' id='word_1_275' title='bbox 630 3717 751 3797; x_wconf 89' lang='lat' dir='ltr'><strong>priores</strong></span> <span class='ocrx_word' id='word_1_276' title='bbox 773 3713 905 3776; x_wconf 89' lang='lat' dir='ltr'><strong>editores</strong></span> <span class='ocrx_word' id='word_1_277' title='bbox 927 3711 1137 3792; x_wconf 76' lang='lat' dir='ltr'><strong>toleraverant,</strong></span> <span class='ocrx_word' id='word_1_278' title='bbox 1157 3732 1205 3776; x_wconf 88' lang='lat' dir='ltr'><strong>re-</strong></span> 
     </span>
     <span class='ocr_line' id='line_1_33' title="bbox 95 3817 1205 3906; baseline -0.003 -21"><span class='ocrx_word' id='word_1_279' title='bbox 95 3821 255 3903; x_wconf 88' lang='lat' dir='ltr'><strong>posuimus</strong></span> <span class='ocrx_word' id='word_1_280' title='bbox 277 3820 405 3906; x_wconf 82' lang='grc' dir='ltr'><strong>εὑρέειν,</strong></span> <span class='ocrx_word' id='word_1_281' title='bbox 429 3822 679 3906; x_wconf 88' lang='lat' dir='ltr'><strong>quemadmodum</strong></span> <span class='ocrx_word' id='word_1_282' title='bbox 701 3824 733 3884; x_wconf 87' lang='lat' dir='ltr'><strong>in</strong></span> <span class='ocrx_word' id='word_1_283' title='bbox 753 3822 858 3902; x_wconf 76' lang='lat' dir='ltr'><strong>fragm.</strong></span> <span class='ocrx_word' id='word_1_284' title='bbox 883 3822 943 3884; x_wconf 88' lang='grc'><strong>135</strong></span> <span class='ocrx_word' id='word_1_285' title='bbox 965 3827 1011 3882; x_wconf 90' lang='lat' dir='ltr'><strong>est</strong></span> <span class='ocrx_word' id='word_1_286' title='bbox 1032 3817 1205 3903; x_wconf 78' lang='lat' dir='ltr'><strong>dpaprtera.</strong></span> 
     </span>
     <span class='ocr_line' id='line_1_34' title="bbox 95 3927 1206 4014; baseline -0.002 -22"><span class='ocrx_word' id='word_1_287' title='bbox 95 3931 145 3992; x_wconf 92' lang='lat' dir='ltr'><strong>De</strong></span> <span class='ocrx_word' id='word_1_288' title='bbox 165 3930 284 4014; x_wconf 89' lang='lat' dir='ltr'><strong>reliquo</strong></span> <span class='ocrx_word' id='word_1_289' title='bbox 311 3931 389 3992; x_wconf 91' lang='lat' dir='ltr'><strong>idem</strong></span> <span class='ocrx_word' id='word_1_290' title='bbox 413 3933 635 4012; x_wconf 78' lang='lat' dir='ltr'><strong>apophthegme</strong></span> <span class='ocrx_word' id='word_1_291' title='bbox 657 3929 809 4011; x_wconf 71' lang='lat' dir='ltr'><strong>reperitur</strong></span> <span class='ocrx_word' id='word_1_292' title='bbox 831 3949 879 4010; x_wconf 88' lang='lat' dir='ltr'><strong>ap.</strong></span> <span class='ocrx_word' id='word_1_293' title='bbox 904 3930 1015 3991; x_wconf 75' lang='grc' dir='ltr'><strong>Αιιιοιι.</strong></span> <span class='ocrx_word' id='word_1_294' title='bbox 1037 3935 1068 3989; x_wconf 90' lang='lat' dir='ltr'><strong>et</strong></span> <span class='ocrx_word' id='word_1_295' title='bbox 1086 3927 1206 3990; x_wconf 85' lang='lat' dir='ltr'><strong>Maxim.</strong></span> 
     </span>
     <span class='ocr_line' id='line_1_35' title="bbox 95 4037 1207 4119; baseline -0.004 -18"><span class='ocrx_word' id='word_1_296' title='bbox 95 4058 126 4119; x_wconf 93' lang='lat' dir='ltr'><strong>p.</strong></span> <span class='ocrx_word' id='word_1_297' title='bbox 151 4040 212 4101; x_wconf 73' lang='lat'><strong>721</strong></span> <span class='ocrx_word' id='word_1_298' title='bbox 235 4039 338 4103; x_wconf 86' lang='lat' dir='ltr'><strong>addito</strong></span> <span class='ocrx_word' id='word_1_299' title='bbox 357 4039 512 4102; x_wconf 86' lang='lat' dir='ltr'><strong>lemmate:</strong></span> <span class='ocrx_word' id='word_1_300' title='bbox 533 4059 572 4100; x_wconf 79' lang='lat' dir='ltr'><strong>er</strong></span> <span class='ocrx_word' id='word_1_301' title='bbox 592 4039 750 4102; x_wconf 68' lang='lat' dir='ltr'><strong>manue</strong></span> <span class='ocrx_word' id='word_1_302' title='bbox 769 4037 911 4119; x_wconf 79' lang='lat' dir='ltr'><strong>Epicteti,</strong></span> <span class='ocrx_word' id='word_1_303' title='bbox 933 4037 1076 4100; x_wconf 77' lang='lat' dir='ltr'><strong>Isocratis</strong></span> <span class='ocrx_word' id='word_1_304' title='bbox 1095 4043 1124 4098; x_wconf 81' lang='lat' dir='ltr'><strong>et</strong></span> <span class='ocrx_word' id='word_1_305' title='bbox 1146 4037 1207 4098; x_wconf 82' lang='lat' dir='ltr'><strong>De-</strong></span> 
     </span>
     <span class='ocr_line' id='line_1_36' title="bbox 95 4148 249 4208; baseline 0 0"><span class='ocrx_word' id='word_1_306' title='bbox 95 4148 249 4208; x_wconf 65' lang='lat' dir='ltr'><strong>monaco.</strong></span> 
     </span>
    </p>

    <p class='ocr_par' dir='ltr' id='par_1_9' title="bbox 185 4250 1209 4320">
     <span class='ocr_line' id='line_1_37' title="bbox 185 4250 1209 4320; baseline -0.001 -4"><span class='ocrx_word' id='word_1_307' title='bbox 185 4256 255 4316; x_wconf 83' lang='grc'><strong>165.</strong></span> <span class='ocrx_word' id='word_1_308' title='bbox 299 4252 392 4317; x_wconf 82' lang='lat' dir='ltr'><strong>Falso</strong></span> <span class='ocrx_word' id='word_1_309' title='bbox 424 4255 513 4318; x_wconf 83' lang='lat' dir='ltr'><strong>vertit</strong></span> <span class='ocrx_word' id='word_1_310' title='bbox 546 4251 756 4320; x_wconf 86' lang='lat' dir='ltr'><strong>Durohardus:</strong></span> <span class='ocrx_word' id='word_1_311' title='bbox 794 4250 871 4316; x_wconf 84' lang='lat' dir='ltr'><strong>xiele</strong></span> <span class='ocrx_word' id='word_1_312' title='bbox 910 4251 1126 4315; x_wconf 74' lang='grc' dir='ltr'><strong>οονοολοαολονι</strong></span> <span class='ocrx_word' id='word_1_313' title='bbox 1159 4251 1209 4315; x_wconf 91' lang='lat' dir='ltr'><strong>die</strong></span> 
     </span>
    </p>
   </div>
   <div class='ocr_carea' id='block_1_3' title="bbox 0 0 1481 4864">
    <p class='ocr_par' dir='ltr' id='par_1_10' title="bbox 0 0 1481 4864">
     <span class='ocr_line' id='line_1_38' title="bbox 0 0 1481 4864; baseline 0 0"><span class='ocrx_word' id='word_1_314' title='bbox 0 0 1481 4864; x_wconf 95' lang='lat' dir='ltr'><strong> </strong></span> 
     </span>
    </p>
   </div>
  </div>
 </body>
</html>
