2938 4864
322 319 408 376 Liber
425 317 475 376 iii.
509 317 579 374 Ado.
595 317 630 372 ad
650 317 721 372 De·
748 333 790 389 op.
807 316 903 389 rap.
1103 317 1168 383 335

52 489 89 555 εύ
117 493 215 554 ποιεῖν
246 487 288 573 μὴ
313 485 542 570 καπηλεύηται,
575 483 626 550 καὶ
653 483 688 546 τδ
717 481 886 569 εὐεργετεῖν
911 485 962 549 καὶ
991 485 1166 570 ἀληθεύειν.

51 599 166 662 Αιιιοιι.
189 605 220 660 et
239 599 319 660 itiox.
343 615 372 677 p.
394 599 475 666 θῖῖι
503 615 550 676 op.
577 593 671 656 Orell.
698 612 727 656 n.
750 594 820 658 135.
862 598 928 660 Gur
953 598 1029 660 hene
1050 605 1169 660 senteu-

53 709 125 770 tiam
141 706 318 770 Democrito
330 704 546 784 abjudicemus,
566 701 680 766 dietum
691 709 738 766 est
753 701 784 765 in
796 704 983 784 praefatione
996 705 1169 787 fragmentis

51 835 228 897 praemissa

140 949 190 1010 to.
226 941 286 1008 Ἦν
307 943 435 1026 πιστεύῃ
461 963 514 1020 τις,
541 939 634 1009 θεοὺς
664 939 1003 1022 trinorciensem,
1026 943 1097 1010 οὔτε
1118 947 1168 1011 λά.

52 1055 116 1140 θρη
147 1053 217 1118 odae
240 1057 382 1138 φανερῶς
411 1049 629 1134 ἁμαρτήσεται.
672 1053 846 1114 Democrot
874 1072 923 1133 op.
950 1053 1094 1118 Οιε11.ιι.
1118 1059 1168 1120 80.

58 1167 105 1225 De
126 1164 185 1225 hoc
206 1181 329 1245 quoque
352 1160 520 1242 fragmento
542 1157 574 1220 in
595 1160 700 1222 eadem
720 1160 908 1240 praefatione
926 1160 1064 1227 diximus.

226 1461 272 1518 Ι.
312 1457 557 1510 ΑθΝθΤᾸΤΙΟΝΕὸ
576 1457 619 1508 ΑΒ
640 1457 833 1512 FRAGMENTA
855 1459 999 1513 Piti'srcn.

146 1648 173 1707 1.
216 1643 397 1707 Mutavimus
416 1641 507 1724 ἡμεῖς
524 1642 563 1704 od
584 1643 802 1706 restituendum
820 1643 990 1708 donismum
1011 1647 1042 1710 in
1067 1646 1170 1729 ἡμέες,

61 1751 200 1834 συνίεμεν
220 1773 258 1814 ex
275 1750 442 1814 Democriti
466 1771 521 1813 usu
543 1751 573 1812 in
596 1749 743 1833 irrumpier,
764 1749 913 1836 διαθήκην
936 1765 1037 1816 autem
1053 1754 1083 1815 in
1108 1754 1169 1816 δια-

61 1861 158 1942 θιηήν,
183 1861 221 1923 de
241 1879 301 1944 quo
320 1859 472 1922 vocabulo
497 1858 693 1922 disseruimus
716 1859 754 1920 od
777 1859 881 1940 fragm.
895 1861 1000 1924 morai.
1013 1863 1062 1924 22.
1091 1862 1169 1925 Nom

61 1965 210 2052 διαθήκην
233 1967 281 2030 hie
310 1969 383 2030 ferri
403 1987 464 2030 non
486 1985 578 2047 posse
601 1985 651 2029 res
678 1966 745 2048 ipsa
772 1967 914 2050 loquitur.
966 1970 1064 2034 Porro
1085 1970 1170 2051 ηινιύ-

63 2097 143 2138 ακειν
171 2076 321 2139 edidimus
349 2094 407 2154 pro
435 2077 624 2157 rependerem,
653 2071 738 2158 ἴδμεν
770 2095 828 2155 pro
852 2073 955 2158 iopen,
988 2075 1170 2162 ἑπιῤῥιναμίη

62 2204 119 2266 pro
144 2183 317 2268 ἐπιρυαμίη,
343 2182 427 2266 qnod
455 2183 580 2265 proprie
607 2183 688 2246 volet
714 2183 910 2266 affluentium
939 2185 993 2248 sed
1021 2187 1080 2250 troo
1110 2189 1172 2250 De·

62 2292 182 2356 moeniti
203 2293 275 2355 loeo
293 2312 358 2354 rem
381 2293 570 2354 ertnirsecur
589 2293 730 2354 allatam.
759 2293 942 2372 Hesychius:
965 2291 1172 2378 sordidemur,

64 2399 212 2486 ἐπιδρέαν.
257 2403 416 2464 Praeterea
435 2401 622 2462 exoravimus
643 2397 798 2482 ξύμπαντα
819 2419 877 2480 pro
902 2399 1070 2484 σύμπαντα.
1112 2403 1160 2466 De

64 2508 155 2592 nique
171 2508 321 2590 flagitante
345 2529 437 2572 sensu
466 2506 688 2592 ἀποκεκριμένη
709 2508 884 2588 scripsimus
904 2529 963 2590 pro
984 2507 1172 2592 ἀποκεκρυμ-

65 2615 152 2700 μένη,
171 2619 254 2700 quod
272 2618 376 2682 vitium
399 2617 541 2680 miramur
566 2617 679 2700 fugisse
696 2617 882 2698 Stephanum
904 2617 935 2680 in
958 2618 1045 2700 poesi
1063 2617 1172 2699 philos.

63 2747 94 2806 p.
120 2729 178 2788 1:37
201 2733 230 2788 et
249 2725 424 2788 Fabricium
451 2725 482 2786 in
509 2725 593 2788 Sexti
618 2725 751 2788 editione
776 2746 806 2805 p.
828 2729 900 2790 400.
944 2729 1104 2790 Caeterum
1122 2727 1173 2788 vix

64 2842 110 2898 est
132 2835 216 2917 quod
235 2855 389 2912 moneam,
418 2833 449 2896 in
477 2834 577 2896 verbis
604 2832 675 2896 ὅταν
698 2874 765 2884 -
789 2832 914 2918 δύνηται
942 2855 990 2897 me
1017 2836 1174 2898 sustulisse

64 2943 206 3006 mendum
232 2963 294 3006 non
326 2943 567 3006 oninmdrersum
596 2941 737 3006 Fabricio
759 2943 778 3006 i.
799 2943 819 3006 l.
838 2943 1061 3024 Popencordtio
1080 2965 1109 3027 p.
1133 2947 1173 3008 59

63 3061 96 3116 et
117 3051 323 3116 Deimsoethio
341 3073 371 3132 p.
393 3054 440 3114 te.
483 3052 562 3114 Nom
585 3053 667 3136 quod
689 3059 735 3116 est
758 3052 789 3114 in
811 3052 899 3116 codd.
919 3071 990 3116 mss.
1013 3051 1084 3116 ὅταν
1106 3093 1175 3108 -

63 3159 201 3236 δύναται,
226 3161 255 3222 id
278 3179 339 3222 non
368 3179 434 3222 esse
455 3161 691 3238 Democriteum,
720 3163 775 3224 sed
803 3161 967 3242 posteriori
987 3163 1107 3225 demum
1126 3183 1176 3226 ae-

64 3277 126 3332 tate
147 3269 305 3346 evoluisse,
329 3270 407 3330 iuter
428 3269 511 3330 viros
535 3289 643 3350 graece
672 3270 779 3334 doctos
799 3275 938 3334 constore
958 3271 1097 3335 arbitror.
1140 3274 1176 3336 ln

63 3376 312 3455 interpretatione
333 3375 546 3438 καθάπτεσθαι
566 3377 612 3440 sic
635 3379 846 3461 expressimus,
869 3386 902 3443 ui
923 3381 1109 3444 reddendum
1130 3388 1176 3444 est

61 3505 111 3566 ap.
134 3483 246 3548 Derod.
269 3485 320 3562 Vi,
342 3486 392 3548 68.

150 3619 178 3680 θ.
220 3619 255 3679 ln
276 3618 449 3682 universum
475 3637 583 3681 moneo
610 3618 722 3681 formas
742 3619 773 3681 in
793 3619 962 3682 Democriti
980 3621 1080 3684 verbis
1102 3621 1176 3684 ioni-

63 3746 127 3802 cas,
150 3744 227 3808 quae
248 3744 267 3787 a
288 3725 418 3789 librariis
441 3727 501 3790 hoc
525 3727 596 3790 ioco
623 3727 662 3788 od
691 3747 782 3789 unam
803 3747 908 3790 omnes
929 3729 959 3790 in
978 3728 1085 3790 atticas
1104 3747 1177 3790 con-

62 3853 171 3898 versae
202 3839 295 3910 erant,
326 3855 345 3896 ιι
376 3855 424 3898 me
454 3855 521 3900 csse
545 3836 707 3899 restitutas.
758 3835 870 3898 Eadem
898 3837 1045 3898 sententia
1073 3837 1177 3916 paucis

62 3942 186 4007 mutatis
206 3948 303 4005 exstat
323 3960 370 4022 ap.
392 3944 661 4024 Pseudopiutarch.
689 3945 727 4006 de
749 3945 849 4026 piscit
871 3945 941 4025 phil.
963 3945 1014 4008 lib.
1039 3946 1177 4026 1V,oop.

66 4055 116 4116 19.
160 4053 289 4114 Brevius
308 4053 396 4114 etiam
424 4053 599 4134 Simplicius
626 4053 664 4116 ad
687 4053 779 4117 Arist.
801 4057 889 4135 Phys.
913 4053 964 4118 iol.
988 4057 1020 4116 7:
1045 4051 1176 4138 πεφυκέ-

63 4183 115 4224 ναι
135 4159 193 4243 ηὰρ
220 4158 254 4220 τδ
283 4157 391 4242 ύμοιον
413 4149 476 4224 'ind
505 4165 559 4224 ταῦ
583 4161 693 4245 ὁμοίαν
720 4161 870 4225 κινεῖσθαι
895 4164 946 4227 καὶ
968 4161 1119 4248 φέρεσθαι
1139 4158 1177 4224 td

64 4269 195 4352 συγγενῆ
218 4267 295 4352 πρὸς
315 4265 448 4351 ἄλληλα.
