2938 4864
634 285 831 350 Quaestionum
857 285 1090 346 Democriteum

659 503 702 554 DE
723 501 924 555 intonsus
944 503 1073 556 SPUllllS.

397 627 498 704 Quum
520 621 558 682 de
579 618 661 682 omni
683 621 918 699 fragmentorum
937 637 1048 698 genere
1070 621 1190 684 difficile
1212 629 1257 684 est
1273 622 1392 700 judicare.

313 736 348 793 nt
369 729 499 811 gerrrrina
528 749 546 790 a
571 727 772 808 supposititiis
804 727 1019 804 discernamus
1049 736 1112 792 tum
1139 730 1177 792 de
1198 729 1351 792 Democriti
1369 729 1391 786 li-

314 843 441 903 brorum
462 837 659 919 fragminibus
679 835 896 912 difficillimum,
910 837 1040 914 euiusiu
1061 839 1233 920 praeceptis
1252 837 1395 902 moralibus,

316 949 429 1010 sicum
454 947 570 1028 relique
594 944 767 1025 philosophi
796 945 933 1006 doctrina
959 955 1174 1025 comparentur
1200 943 1396 1008 inconstantiam

316 1056 465 1139 quandam
488 1055 551 1134 jam
580 1072 673 1133 snpra
699 1053 860 1132 attigimus
917 1056 1019 1134 erare
1048 1055 1105 1116 nisi
1136 1063 1249 1117 certum
1273 1050 1397 1134 judie-andi

316 1184 453 1227 nonnam
472 1161 573 1223 animo
602 1160 818 1236 informaveris,
846 1161 934 1222 facile
963 1162 993 1224 in
1023 1163 1079 1224 heo
1097 1163 1224 1225 materia
1242 1161 1271 1224 in
1293 1161 1397 1222 lrauden

317 1273 452 1335 incidere
475 1269 584 1351 possis.
628 1269 720 1350 Quod
742 1268 904 1330 hleinersio
919 1271 1075 1334 'accidisse
1106 1271 1247 1346 diximus,
1269 1271 1316 1350 qni
1334 1285 1398 1348 qnnu

317 1379 525 1442 Democritum
554 1375 585 1439 in
615 1377 706 1438 rebus
734 1375 842 1437 divinis
869 1383 1010 1440 constare
1039 1381 1096 1443 sibi
1128 1380 1230 1456 vellet,
1251 1398 1309 1441 nou
1329 1374 1399 1436 solnm

319 1487 476 1571 praeclara
498 1485 548 1546 illa
568 1487 742 1564 fragmenta,
762 1484 869 1566 quibus
889 1489 1054 1550 secundum
1077 1495 1107 1550 et
1128 1487 1320 1550 centesimum
1338 1479 1399 1560 septi·

320 1616 400 1658 munr
421 1595 522 1656 locnrn
545 1593 691 1668 dedimus,
713 1592 875 1654 Abderitae
895 1595 1085 1672 abjudicavit,
1105 1597 1159 1657 sed
1183 1596 1243 1658 alia
1264 1595 1344 1656 etiam
1362 1605 1399 1648 non

322 1704 394 1766 setis
422 1701 575 1764 intellecta
606 1721 623 1762 e
657 1697 920 1763 Dernocriteormn
954 1723 1081 1783 operum
1112 1705 1251 1786 reliquiis
1283 1696 1399 1781 expediit

322 1809 501 1892 llujnsmodi
529 1816 575 1871 est
602 1809 748 1870 sententia
778 1809 973 1888 nonagesima
1000 1814 1148 1888 secunda,
1188 1835 1278 1896 quarn
1304 1807 1400 1888 spurien

323 1941 390 1982 esse
413 1917 616 1998 pronuntiavit
637 1915 757 1978 collatis
779 1917 966 1997 octogesima
989 1920 1092 2000 quinta
1108 1925 1138 1980 et
1159 1920 1321 1981 centesima
1338 1933 1400 1976 irona-

324 2027 438 2108 gesimo
464 2025 575 2106 quinta.
625 2023 665 2085 ht
692 2031 886 2104 praeceptum
913 2027 1140 2105 nonagesimum
1167 2027 1338 2096 secundun,
1364 2037 1401 2100 epu

325 2135 461 2198 hominos
481 2140 583 2193 monet
605 2129 808 2208 Democritum,
833 2152 871 2194 no
896 2133 967 2214 quid
989 2134 1067 2196 ultra
1088 2135 1169 2196 vires
1191 2134 1356 2214 suscipiant,
1372 2145 1401 2186 ne-

254 2321 258 2330 ,
327 2261 474 2324 quaquam
497 2219 674 2320 oppositum
703 2245 749 2300 est
776 2241 904 2304 caeteris
932 2241 1050 2304 duobus
1068 2243 1156 2306 locis.
1202 2245 1258 2306 llis
1280 2241 1401 2302 eninm

327 2351 469 2431 gistrutns
492 2355 522 2409 et
539 2348 670 2408 honores
691 2365 856 2430 regumque
877 2349 1005 2412 unricitiu
1023 2359 1161 2434 toriquam
1186 2371 1237 2414 res
1257 2341 1401 2430 expetenda·

328 2457 575 2521 connnendantur
597 2463 725 2534 propter
746 2456 901 2520 utilitatem
928 2479 1006 2539 quae
1029 2459 1098 2521 iude
1120 2461 1151 2521 in
1173 2459 1326 2522 hominnm
1343 2452 1401 2510 niun

327 2565 485 2639 redundet,
508 2582 544 2624 ac
564 2567 723 2642 praetereo
745 2583 796 2625 ars
822 2565 933 2628 bellica
962 2567 1101 2630 laudetur
1117 2570 1201 2650 iique
1224 2568 1346 2634 labores,
1364 2555 1402 2638 qui·

326 2677 385 2736 bus
407 2673 519 2734 clarum
541 2689 651 2732 nomen
672 2671 772 2734 soleat
790 2674 899 2752 parari.
942 2675 1029 2736 hlitto
1049 2685 1169 2739 caetera
1189 2695 1267 2760 quae
1282 2671 1402 2734 molesmo

329 2789 376 2843 est
395 2800 579 2843 enrrnrerore.
623 2779 685 2841 Sed
709 2780 767 2841 ulia
781 2787 877 2858 sunt,
898 2781 936 2842 ud
965 2803 1042 2866 quoe
1068 2793 1155 2846 caute
1176 2779 1351 2847 secernenda
1366 2769 1403 2832 ni

329 2911 411 2951 muru
435 2889 485 2952 ille
505 2887 626 2948 minime
644 2887 781 2950 advertit.
824 2889 1013 2953 Ferebuntnr
1034 2894 1115 2974 apud
1136 2901 1257 2956 veteres
1279 2881 1404 2952 sententio·

331 2995 445 3057 ἐκτῶν
471 2994 674 3076 Δημοκρίτου,
702 2990 882 3078 Ἐπικτήτου
915 2998 965 3061 καὶ
988 2997 1183 3082 Ἰσοκράτους
1210 3003 1242 3062 in
1263 3018 1345 3060 rrtrurn
1363 3005 1404 3049 tos·

331 3123 389 3183 pus
413 3104 561 3164 reductae.
613 3102 673 3183 Qui
696 3103 754 3163 hoo
773 3106 988 3167 sententiarum
1009 3127 1123 3189 corpus
1142 3115 1215 3188 post
1234 3091 1403 3171 stobaenn'l

333 3209 476 3285 condidit,
496 3211 628 3272 auctoris
650 3229 759 3270 nornen
783 3211 909 3290 singulis
929 3215 1027 3277 enatis
1045 3235 1104 3278 non
1117 3217 1237 3279 videtur
1255 3205 1404 3294 aripennem

333 3317 375 3378 ita
395 3323 428 3379 ut
449 3336 511 3378 non
534 3319 766 3397 perspiceretur,
793 3341 870 3399 quae
893 3331 993 3385 essent
1011 3325 1186 3400 Dernoeriti,
1210 3342 1287 3406 quae
1304 3307 1403 3396 Epicteti

334 3443 411 3505 quae
433 3425 582 3487 lsocratis.
626 3428 697 3506 Quo
727 3427 912 3506 factumest,
939 3438 973 3492 nt
989 3431 1140 3494 Antonius
1164 3438 1194 3494 et
1212 3430 1357 3496 dioximus,
1374 3411 1403 3494 qni

334 3533 393 3592 hoo
415 3531 568 3593 volumine
591 3533 638 3594 usi
669 3543 748 3609 suut,
778 3555 834 3616 pro
862 3536 986 3598 libidine
1013 3559 1105 3600 unuin
1133 3539 1248 3600 exiliis
1269 3525 1402 3597 tribnssiu·

336 3639 475 3718 gulorum
511 3642 794 3722 apophthegmaturu
830 3652 985 3705 orrotorem
1015 3646 1224 3725 perhiberent,
1254 3643 1301 3705 vel
1332 3647 1403 3697 eonul

336 3745 469 3809 omnium
500 3749 622 3810 nornine
653 3749 824 3828 adjicerent
881 3751 969 3812 Adde
998 3753 1080 3833 qnod
1105 3751 1271 3814 Democriti
1296 3749 1362 3808 dieta
1383 3751 1402 3794 n

336 3853 437 3916 ionico
464 3855 494 3916 in
525 3875 713 3918 communem
741 3879 912 3922 sermonem
941 3880 1089 3922 conversa
1108 3863 1170 3940 jam
1190 3856 1362 3920 inveniebant
1375 3837 1402 3897 ¹1¹¹

337 3962 395 4042 ipsi
419 3964 643 4040 convertebant,
664 3966 704 4026 ito
726 3974 759 4028 nt
777 3967 907 4049 posteris
923 3966 1079 4045 judicandi
1095 3967 1253 4028 difficultas
1274 3964 1402 4042 erigeretur·

408 4159 429 4222 ¹)
448 4159 515 4210 lluio
534 4162 651 4223 opinioni
671 4161 785 4214 tortasse
803 4163 893 4215 obstat
920 4165 983 4217 Cod.
1003 4165 1070 4218 Flor.
1088 4166 1161 4218 Stob.
1182 4180 1206 4230 p.
1227 4159 1283 4224 ist,
1301 4171 1345 4210 non
1361 4153 1400 4198 tteu

335 4237 459 4302 uulgatus
475 4239 584 4292 Stobaei
605 4245 700 4294 textus.
