2932 4862
340 307 424 364 Liber
436 307 485 364 ΙΙΙ.
518 307 590 362 Aha.
609 307 643 363 ah
662 307 740 364 Dan.
760 323 805 380 op.
825 309 919 380 fragm
1121 313 1186 380 355

65 475 275 540 Schneiderus
302 473 368 560 ἔχει
394 482 477 540 recte
507 475 632 538 mutavit
658 476 688 538 in
715 472 808 559 ἔχειν.
856 476 917 540 Pro
943 475 1073 561 θερμοῦ,
1100 483 1183 564 quod

64 584 297 665 Philippscnius
324 583 473 659 servavit,
499 583 673 647 necessario
700 601 717 645 e
746 583 913 646 Burchardi
942 587 1117 664 conjecture
1135 609 1180 653 re·

63 693 243 774 ponendum
265 701 312 757 est
334 690 478 775 ἐρυθροῦ.
521 693 555 754 lu
573 690 768 774 sequentibus
790 698 861 773 post
882 691 1042 756 κάλλιστον
1067 686 1182 780 χρῶμα

64 799 272 863 Schneiderns
291 820 350 882 pro
372 799 423 862 hei
441 798 534 862 edidit
555 799 629 876 δεῖν,
649 799 732 882 quod
756 798 819 863 loci
840 804 993 863 structura
1010 802 1145 884 requirit

152 907 204 971 38.
247 906 328 970 Male
357 905 582 987 Philippsonius
616 927 674 988 pro
702 906 809 992 μικρὰν
845 906 880 970 δὲ
912 909 968 970 ταῦ
996 905 1130 990 μέλανας
1161 933 1179 976 e

62 1014 158 1079 codd.
182 1015 276 1078 Paris.
306 1019 336 1078 et
356 1013 440 1077 Flor.
468 1013 603 1094 vulgavit
634 1012 752 1096 μακρὰν
774 1036 802 1076 a.
825 1035 850 1076 τ.
873 1015 901 1076 λ.
923 1016 997 1080 fisus
1016 1034 1094 1080 voce
1113 1017 1177 1082 ἐνν-
1294 1091 1296 1099 ,

60 1121 189 1207 πάρχει,
212 1141 302 1206 quam
329 1122 360 1184 iu
389 1119 584 1204 sequentibus
602 1139 764 1202 perperam
785 1120 998 1202 interpretatus
1019 1127 1122 1187 estin
1143 1145 1177 1190 co

60 1249 219 1311 superare.
260 1231 351 1294 Isatin
372 1228 445 1314 quid
465 1227 557 1310 vulgo
578 1228 754 1292 vocaverint
774 1206 901 1306 veteres,
919 1237 1023 1293 notum
1043 1251 1081 1294 ex
1100 1233 1176 1297 Ptin.
1211 1269 1215 1276 ·

62 1339 134 1401 hist
152 1344 211 1402 nat.
232 1339 282 1402 lib.
302 1339 378 1416 XX,
402 1342 421 1401 7
442 1343 473 1400 et
490 1335 661 1399 Dioscorid.
685 1337 722 1414 11,
743 1337 815 1414 215,
835 1337 907 1400 216.
948 1337 1006 1400 Hie
1023 1338 1088 1418 ipse
1112 1343 1176 1420 ejus

62 1446 156 1508 cohor
177 1447 285 1510 eodem
307 1445 429 1509 nomine
450 1442 628 1524 appellatur.
656 1443 730 1505 Post
751 1443 997 1528 πορφυραειδοός
1016 1465 1084 1510 cum
1100 1450 1177 1511 Bur-

60 1554 178 1616 chardo
199 1552 324 1616 lacunae
352 1553 438 1633 signa
464 1551 563 1631 posui,
583 1557 746 1632 propterea
767 1551 851 1630 quod
875 1553 1031 1634 sequentia
1050 1574 1119 1616 curn
1140 1557 1176 1618 iis

60 1679 142 1744 quae
172 1680 253 1724 nune
282 1662 312 1723 in
341 1658 542 1740 Theophrasti
570 1664 652 1722 textu
688 1658 826 1740 proxime
852 1659 1048 1738 antecedunt,
1076 1659 1176 1726 'neuti-

59 1788 153 1851 quam
173 1769 337 1831 cohaerere
355 1767 457 1850 liquet.

147 1875 197 1938 39.
219 1873 463 1958 -1ιινονχλωρὸν
486 1880 516 1936 et
535 1874 672 1958 μιχθῇιι
701 1873 879 1936 Schneideri
901 1874 1075 1954 conjectum
1098 1877 1176 1941 inse

57 1984 177 2046 ωἰιιιιιε
205 1981 310 2044 πλέον.
361 1981 440 2044 Ante
467 1982 519 2044 καὶ
550 1979 752 2064 μελανόχρων
787 1980 880 2062 vulgo
911 1981 1023 2062 legitur
1057 1982 1174 2065 ἄσκιον,

58 2090 145 2174 quod
165 2089 391 2170 Philippsonius
421 2090 498 2152 mue
525 2089 650 2152 mutavit
673 2091 703 2150 in
725 2087 884 2164 ἀνάτκιανς
912 2090 1002 2155 loeus
1022 2092 1101 2154 euim
1122 2114 1174 2156 ιια-

57 2198 183 2261 τάαιιιον
205 2197 340 2279 requirit
392 2197 547 2260 Servanda
571 2202 618 2258 est
642 2214 704 2257 vox
728 2194 915 2278 διαχεῖσθαι,
937 2217 995 2278 pro
1017 2219 1077 2281 qua
1096 2200 1174 2260 Bur-

58 2304 192 2368 chardus
217 2304 359 2366 substitui
393 2305 490 2367 voluit
518 2300 735 2386 διαφαίνεσθαι
767 2301 860 2366 aliato
892 2323 983 2367 versu
1010 2306 1172 2369 Homerico

58 2412 173 2492 Odyss.
201 2411 350 2488 1x‚379.
393 2413 473 2474 Nam
502 2408 678 2495 διαχεῖσθαι
707 2410 761 2474 ubi
789 2411 827 2472 de
851 2409 943 2474 rebus
962 2412 1044 2475 duris
1069 2419 1100 2476 et
1120 2413 1173 2477 irn-

56 2519 185 2582 maturis
205 2527 369 2599 usurpatur
399 2519 479 2582 valet
506 2520 677 2582 mollescere
703 2525 735 2582 et
753 2525 964 2597 mammem,
988 2539 1065 2601 quae
1087 2521 1172 2583 vocis

56 2626 239 2707 significatio
255 2627 318 2704 jam
341 2646 359 2688 a
380 2626 526 2688 Passovio
548 2632 708 2707 perspecta
729 2624 910 2690 novissimae
933 2627 1080 2690 Thesauri
1103 2629 1172 2690 Ste-

54 2733 179 2815 phaniei
200 2733 333 2810 editioni,
357 2739 523 2795 memorato
542 2733 601 2796 hoc
624 2733 824 2816 Theophrasti
842 2732 923 2810 loco,
953 2734 1093 2796 addenda
1115 2741 1170 2797 est

54 2841 139 2903 Ante
150 2840 324 2923 χρωμάτων
336 2840 407 2902 οΙίιιι
417 2840 576 2920 legebatur
587 2837 789 2923 ἑπιμέμιιιται,
800 2841 882 2924 quod
894 2861 986 2922 quum
997 2839 1171 2920 displiceret

54 2947 257 3025 Schneidero,
285 2947 329 3010 sic
352 2947 480 3010 rescribi
503 2945 609 3024 jussit:
639 2945 793 3010 τοσούτων
817 2945 1018 3030 ἐπιμέμνηται
1039 2987 1108 3000 -
1129 2945 1168 3010 ei-

53 3053 223 3143 ναέφιρπις
243 3072 306 3115 non
329 3053 416 3132 maie,
437 3053 493 3116 sed
515 3054 643 3116 sortasse
665 3054 779 3136 rectius
802 3075 871 3118 cum
891 3053 1101 3135 Philippsonie
1120 3055 1169 3118 hic

53 3162 182 3244 ponitur
213 3158 422 3245 ἐπιμαμίχθαι.
468 3163 546 3224 Τιιιιι
574 3160 723 3241 genitivus
758 3161 932 3244 χρωμάτων
960 3181 998 3224 ex
1022 3163 1168 3224 ταααῦταν

53 3268 179 3351 pendet,
200 3269 238 3330 de
257 3288 316 3349 qua
339 3272 492 3330 structura
512 3267 549 3330 ct.
569 3266 737 3330 Bernhardi
758 3268 882 3348 Syntax.
905 3271 1011 3349 p.152
1031 3275 1062 3332 et
1081 3271 1170 3350 Wyt·

53 3375 248 3440 tenhachium
279 3375 311 3436 in
337 3374 466 3457 epistola
496 3374 609 3436 critica
657 3375 762 3437 Verba
786 3373 823 3436 τὰ
851 3376 1014 3459 χρώματα,
1036 3395 1114 3459 quae
1137 3375 1169 3437 in

52 3481 180 3565 reliquis
202 3483 383 3545 membranis
407 3481 624 3558 desiderantur,
651 3500 669 3542 e
698 3481 766 3544 ced.
788 3480 882 3544 Paris.
903 3482 1019 3545 addidit
1036 3482 1169 3562 Philipp-

52 3589 170 3652 scuius.
212 3590 309 3653 Paulo
328 3589 454 3652 inferius
477 3587 568 3672 μίτρῃ
591 3588 803 3666 Schneiderus‚
830 3588 1082 3671 quemadmodum
1102 3609 1170 3652 sen-

52 3695 148 3758 tentia
169 3695 290 3776 flagitat,
310 3717 369 3777 pro
394 3695 474 3775 vulg.
500 3693 614 3776 μίσγειν
642 3696 786 3776 reposuit.
828 3694 910 3758 idem
929 3695 986 3758 sub
1008 3697 1096 3758 finem
1115 3697 1169 3758 hu-

47 3805 101 3880 jus
122 3803 302 3883 paragraphi
319 3801 451 3886 hure'poe
474 3801 505 3864 in
529 3799 651 3885 θατέρῳ
671 3801 828 3864 convertit

140 3910 190 3971 40.
234 3909 393 3973 Excidisse
425 3907 572 3972 nonnulla
600 3907 679 3970 inter
708 3909 931 3992 πραοαφαρίζει
959 3905 1021 3989 (ed.
1049 3909 1158 3970 Camot

53 4015 310 4099 πρασαφαρίζειν)
340 4023 370 4078 et
390 4014 504 4098 cippus,
535 4015 584 4077 vei
612 4015 699 4076 aliam
720 4015 890 4096 quampiam
910 4015 958 4076 hic
976 4012 1071 4076 latere
1099 4031 1168 4074 cor·

53 4121 204 4202 ruptelam
237 4121 371 4186 editores
403 4121 551 4184 viderunt.
610 4120 816 4184 Schneiderus
844 4125 964 4206 παρῆκε
989 4119 1055 4214 vel·
1071 4116 1168 4181 simile

52 4227 180 4292 verbum
203 4247 294 4292 sensu
314 4227 441 4310 flagitari
459 4227 609 4292 observat.
652 4227 846 4292 Barchardua
864 4228 1056 4304 collatohoe
1068 4227 1166 4288 Theo-

880 4333 965 4400 23*
