2938 4864
343 314 428 371 Liber
446 313 496 372 111.
533 313 603 380 Ado.
621 313 656 370 ad
674 313 753 372 nem.
772 331 815 386 op.
832 315 928 388 tngo.
1132 317 1197 385 259

77 483 213 564 Besitz);
241 482 365 546 deshaib
394 483 510 564 besiegt
540 481 585 544 sie
613 481 677 561 (die
704 482 851 563 letztere)
886 483 981 546 durch
1011 485 1193 568 Geringeres

78 593 139 657 und
160 593 303 656 Sioberes
333 591 377 672 (d.
395 593 423 655 b.
448 591 500 654 bei
528 588 658 666 sichem,
679 609 767 652 wenn
786 591 863 653 anob
885 593 1045 674 peringern
1065 595 1192 674 Giitem,

77 701 123 764 als
145 701 194 764 die
214 701 320 782 Tycbe
340 700 482 782 spendet)
507 699 644 780 griisere
662 699 855 780 tioiinungen
875 700 952 782 (db.
974 700 1032 764 den
1052 705 1191 769 Wunsob

76 811 155 874 naeb
175 811 333 890 griisseren
357 811 496 886 Giitem).

166 919 214 981 16.
257 917 318 980 Pro
341 918 442 1000 ψυχῆς
463 915 589 978 Grotius
608 911 704 999 τύχης
721 915 881 996 legendum
903 919 1085 996 conjecerat,
1103 939 1192 1002 qnam

79 1027 285 1106 conjecturam
306 1026 341 1086 F.
363 1023 524 1088 Jaaobsius
547 1023 577 1086 in
600 1025 668 1086 adn.
689 1023 728 1084 ad
745 1021 868 1086 Antbol.
891 1025 998 1090 Gnaeo.
1022 1027 1108 1089 Tam.
1129 1028 1190 1090 XII

14 1163 15 1178 2
78 1156 109 1219 p.
133 1135 194 1197 116
216 1134 351 1215 probans
379 1132 423 1196 sic
444 1132 559 1196 exarari
579 1131 685 1211 jussit:
711 1127 902 1214 Ἀνοήμονες
922 1129 1107 1216 ῥυομοῦντοιι
1130 1139 1194 1205 τοῖς

14 1283 15 1286 =
77 1245 132 1326 τῆς
149 1240 244 1328 τύχης
271 1238 404 1324 κέρδεσι,
433 1239 463 1302 οἱ
486 1239 522 1302 δὲ
549 1241 609 1302 τῶν
635 1237 764 1302 τοιῶνδε
789 1237 1029 1323 δαημονέοτεροι
1059 1243 1122 1309 τοῖς
1140 1245 1194 1325 τῆς

80 1349 201 1434 σοφίης,
225 1355 259 1411 ut
281 1367 388 1412 sensus
410 1354 505 1411 esset:
527 1348 620 1410 stulti
643 1367 674 1409 ee
693 1347 928 1409 accommodant
950 1349 1047 1410 lucris
1067 1349 1129 1428 (vel
1150 1369 1193 1412 ee-

80 1465 223 1538 quemtur
241 1459 346 1538 lacera)
360 1455 535 1539 fortunae,
553 1455 772 1537 prudentiores
799 1473 877 1516 vero·
896 1457 1075 1537 sapientiae.
1119 1457 1194 1521 Pro-

78 1565 163 1630 bavit
188 1567 265 1628 bane
295 1565 533 1629 emendationem
560 1565 742 1628 Sebaeierus
771 1564 871 1627 Melet.
894 1564 958 1626 crit.
983 1584 1013 1645 p.
1034 1565 1104 1643 118,
1134 1567 1193 1628 nisi

14 1685 17 1698 '
79 1672 163 1756 quod
188 1675 351 1755 positivum
369 1673 532 1756 Ιδαήμονες
558 1672 678 1734 minime
704 1671 927 1736 sollicitandum
960 1679 1043 1734 ratus
1075 1679 1130 1750 est,
1159 1681 1194 1736 ut

14 1791 17 1826 ¹
79 1782 235 1865 δαήμονες
256 1781 383 1845 τοιῶνδε
406 1781 466 1846 ie.
487 1777 624 1864 κερδέων
641 1781 700 1843 sint
720 1782 910 1862 experientia
933 1800 1038 1842 eoram
1053 1781 1194 1862 pruden-

14 1905 17 1936 =
78 1898 124 1953 ta
135 1889 237 1972 sacti.
282 1889 428 1952 Jacobsio
449 1888 601 1970 astipulati
621 1895 692 1951 sunt
711 1887 845 1951 Oreilius
866 1895 896 1950 et
916 1890 1122 1954 Burebardus.
1152 1889 1195 1953 At

14 2013 19 2048 ;
78 1998 232 2079 vulgatam
262 2017 351 2081 quam
377 2015 436 2061 nos
463 1995 658 2073 servavimus,
682 2014 744 2058 non
774 1997 853 2059 male
881 1997 1016 2061 defendit
1043 1997 1192 2061 Luzaeins

14 2146 20 2158 1·
76 2107 209 2168 Exercit.
233 2105 328 2169 baad.
352 2105 383 2168 in
402 2104 506 2185 Eurip.
530 2125 559 2185 p.
582 2106 620 2167 11
643 2123 726 2187 seqq.
751 2110 826 2168 teste
848 2107 1014 2170 Sebaeiero
1034 2106 1054 2168 1.
1073 2104 1093 2168 1.
1134 2107 1194 2168 Ln-

77 2215 155 2277 zaoii
174 2214 286 2277 librum
308 2213 458 2294 inspicere
479 2213 549 2274 mibi
569 2231 632 2274 non
651 2211 745 2275 licuit.
787 2213 867 2276 Sunt
887 2219 987 2276 autem
1004 2209 1042 2275 τὰ
1063 2216 1117 2297 τῆς
1139 2219 1192 2298 ψυ-

14 2323 15 2330 '
75 2325 137 2407 χῆς
162 2320 276 2405 κέρδεα
309 2321 381 2383 trito
417 2339 475 2382 usu
496 2319 620 2399 ingenii
642 2321 784 2396 astutiae,
811 2341 964 2404 quumque
997 2321 1035 2383 de
1064 2321 1193 2384 aliorum
1304 2363 1308 2372 ,

76 2429 195 2494 astutiis
214 2429 407 2510 cogitandum
434 2428 474 2490 sit
500 2429 558 2490 boo
579 2426 661 2500 loeo,
688 2429 788 2490 alieni
816 2431 939 2510 :agona
964 2431 1097 2492 araas
1122 2429 1194 2490 licet

16 2593 17 2596 ,
77 2537 278 2618 interpretari.
313 2537 422 2618 Neque
439 2554 514 2598 vero
536 2533 694 2597 mirabitur
715 2533 753 2596 τὰ
773 2537 827 2617 τῆς
849 2541 953 2621 ψυχῆς
971 2535 1084 2621 κέρδεα
1105 2535 1195 2598 alieni

17 2697 20 2706 ,
77 2647 190 2728 ingenii
211 2645 300 2708 dolos
322 2651 352 2706 et
371 2643 518 2706 vafritiam
539 2641 651 2720 vocari,
672 2642 724 2725 qui
744 2645 931 2725 reputaverit
949 2643 986 2706 τὰ
1006 2649 1060 2728 τῆς
1082 2642 1195 2726 σοφίης

18 2781 19 2786 ’
76 2753 191 2838 κέρδεα
211 2753 260 2815 bio
280 2773 343 2815 non
364 2771 431 2814 esse
452 2758 574 2814 nostrae
597 2751 770 2832 sapientiae,
793 2752 849 2815 sed
870 2753 994 2815 omnino
1020 2751 1193 2834 sapientiae,

76 2869 129 2926 aut
152 2869 234 2925 certe
261 2861 375 2923 alienae
405 2859 569 2940 sapientiae
596 2859 686 2922 bona.
706 2875 709 2884 ’
730 2859 804 2923 Non
826 2861 907 2922 enim
924 2867 1031 2924 nostra
1051 2881 1108 2924 nos
1130 2861 1194 2922 ior·

21 2997 22 3000 ¹
76 2977 140 3034 mat
160 2974 191 3033 et
212 2969 312 3031 erudit
333 2969 487 3049 sapientia,
508 2967 561 3030 sed
583 2967 632 3029 vel
653 2966 781 3031 aliorum
807 2967 935 3050 ingeniis
955 2967 1006 3030 vel
1030 2967 1127 3048 ipsius
1148 2985 1195 3028 sa-

76 3078 209 3161 pientiae
234 3075 491 3156 contemplatione
518 3075 703 3155 proficimus.
753 3077 913 3139 caeterum
942 3075 1049 3138 Orellii
1073 3073 1193 3154 opinio-

75 3207 156 3260 nem,
175 3185 226 3268 qui
248 3185 273 3246 si
292 3187 394 3268 ψυχῆς
412 3203 486 3245 vera
515 3181 554 3245 sit
574 3181 677 3261 lectio,
702 3203 738 3247 ea
761 3183 911 3264 designari
933 3183 1005 3247 dicit
1025 3186 1116 3247 lucra
1137 3183 1191 3245 ha-

75 3295 171 3356 aa'm'e
197 3293 347 3355 animalis
366 3292 422 3353 τοῦ
444 3293 577 3375 ψυχικοῦ
601 3289 897 3375 dvbpebnou,veram
918 3311 1068 3356 essenon
1090 3311 1192 3373 posse,

75 3421 139 3466 non
169 3407 215 3463 est
243 3399 326 3483 quod
356 3399 567 3461 demonstrem.
618 3399 758 3483 Denique
792 3401 952 3465 Sebowins
984 3401 1063 3465 male
1097 3401 1192 3464 edidit

76 3509 266 3592 ῥυδμοῡνται
291 3527 348 3588 pro
374 3505 569 3590 ῥυομοῦνται.
615 3507 694 3570 Vide
716 3528 792 3591 quae
813 3509 890 3570 inira
913 3508 1132 3591 disputabimus
1155 3510 1193 3571 de

75 3635 154 3680 vooe
178 3612 293 3699 δοσμδς
317 3621 348 3677 et
368 3615 468 3677 adnot
490 3614 528 3676 ad
547 3614 652 3696 fragm.
676 3615 736 3678 133
758 3623 788 3678 et
808 3619 879 3680 905.

164 3726 212 3787 18.
257 3725 385 3786 Constat
402 3721 587 3784 aveteribus
606 3720 781 3804 οἰοδητικός
793 3724 943 3787 interdum
963 3725 1085 3806 passivo
1104 3744 1195 3788 sensu

78 3831 217 3896 adhiberi
245 3831 285 3894 ad
311 3830 444 3893 notanda
472 3849 509 3892 ea
534 3829 635 3892 onmia
663 3849 741 3912 quae
772 3832 829 3894 sub
866 3853 974 3896 sensus
1005 3832 1117 3896 eadunt
1143 3838 1195 3892 aut

31 3959 32 3966 ¹
77 3939 219 4003 sensibus
238 3939 454 4019 percipiuntur.
485 3941 587 4020 Quum
609 3937 701 4019 igitur
719 3939 880 4003 simulacra
898 3942 996 4003 οονΙίο
1013 3947 1194 4016 cernantur,

78 4047 135 4110 bac
157 4047 225 4128 ipsa
254 4046 386 4109 dictione
416 4047 448 4108 in
476 4044 633 4108 reddendo
663 4047 722 4108 boo
751 4048 902 4111 vocabulo
933 4068 1008 4112 usus
1028 4067 1103 4112 suna
1148 4045 1195 4110 Ci.

33 4151 34 4158 ’
78 4155 225 4218 uaesana.
246 4153 350 4234 Steph.
371 4153 432 4217 νοΙ.
451 4154 464 4215 l
483 4152 542 4216 ool.
564 4154 645 4217 1061
675 4155 722 4218 ed
751 4153 822 4218 Has.
864 4155 988 4220 Latinus
1009 4155 1133 4220 Stobaei
1152 4155 1197 4216 in·

77 4265 196 4344 terpres
216 4262 295 4325 male
319 4261 411 4324 vertit
428 4261 609 4342 arte'fioa'oea,
632 4279 722 4342 quem
743 4281 880 4326 errorem
901 4265 1034 4328 Orellius
1053 4265 1195 4328 intactum

905 4373 988 4438 17*
