2932 4862
343 305 428 362 Liber
448 305 495 364 Ν.
532 305 575 362 llo
593 307 745 362 Democriti
763 305 881 378 praetor.
1103 309 1168 375 383
1259 346 1262 352 ·

59 481 117 534 tem
140 473 263 554 intelligi
283 471 384 552 vellet,
405 492 551 556 nusquam
576 473 747 536 definivisse
769 471 954 553 scimus'⁷).
996 477 1063 539 lluc
1082 497 1168 542 acce-

59 584 111 655 dit,
133 583 215 662 quod
245 582 438 644 Democritus
457 580 620 642 Aristotele
652 585 729 642 testo
754 581 793 642 ad
821 582 1038 662 explanandam
1067 605 1166 650 rerum

57 690 205 751 rationem
226 690 299 752 nihil
329 691 386 752 nisi
412 707 533 768 semper
560 707 627 749 earn
646 688 771 750 eandem
796 688 891 752 tuisse
916 691 1082 769 affirmavit,
1112 695 1166 754 sed

57 817 115 858 cur
136 815 257 876 semper
277 799 367 860 luerit
390 797 458 860 talis
482 814 544 857 nou
569 793 728 874 explicuit,
759 795 863 860 dicens
884 797 955 860 talia
976 807 1167 878 perscrutan-

58 911 118 964 tem
140 904 245 966 infiniti
275 905 457 986 principium
483 922 631 986 quaerere
651 899 711 981 ²⁸).
754 903 817 966 Sed
837 905 973 986 quamvis
985 906 1166 971 Aristoteles

56 1011 225 1073 naturalem
254 1011 432 1074 Abderitani
468 1011 641 1092 philosophi
673 1011 880 1074 necessitatem
911 1013 1003 1076 vitato
1034 1012 1167 1098 ἀνάγνης

56 1117 225 1195 vocabulo,
249 1120 333 1200 quod
361 1119 411 1180 alii
434 1119 521 1182 aliter
540 1118 740 1198 usurpabant,
769 1139 873 1182 asum
893 1125 922 1181 et
943 1121 1093 1184 fortunam
1112 1143 1165 1184 vo-

56 1233 151 1300 caret,
173 1225 239 1305 ipse
267 1233 366 1287 taruen
392 1226 585 1289 Democritus
614 1224 779 1288 abhorrens
808 1226 845 1287 ab
869 1226 905 1288 iis
927 1225 1066 1292 omuibus
1088 1249 1166 1310 quae

57 1333 235 1395 destinatam
264 1352 424 1395 causarum
447 1334 557 1396 seriem
583 1331 724 1394 tollerent
749 1351 910 1414 rerumque
933 1341 1069 1398 traturam
1098 1356 1167 1418 per-

57 1441 223 1516 turbarent,
250 1440 323 1501 nihil
347 1441 426 1518 juris
455 1442 593 1504 fortunae
620 1446 650 1502 et
677 1440 761 1502 casui
788 1440 818 1502 iu
839 1440 965 1520 singolis
982 1443 1074 1506 rebus
1094 1463 1167 1506 cou-

56 1547 157 1610 cessit.
215 1547 339 1628 Quippe
375 1549 526 1610 fortunam
561 1548 600 1609 ab
637 1547 807 1610 homiuibus
847 1547 1065 1628 imprudentiae
1093 1567 1166 1612 suae

54 1659 245 1734 praetextum
271 1655 483 1736 quaerentibus
509 1655 607 1716 fictam
634 1673 702 1716 esse
726 1652 897 1734 ajebar²⁹).
948 1659 1051 1736 Quum
1078 1655 1167 1737 igitur

55 1761 253 1824 Democritus
263 1778 422 1822 causarum
432 1762 630 1823 eteliectuum
645 1761 788 1823 inlinitum
804 1762 912 1823 seriem
924 1767 1167 1843 perpetuumque

55 1888 170 1930 nexum
190 1872 343 1943 statueret,
362 1866 436 1929 nibil
457 1869 521 1946 ejus
542 1869 580 1930 de
601 1868 693 1930 rebus
715 1867 823 1930 divinis
844 1877 875 1930 et
892 1869 1029 1931 humanis
1047 1869 1166 1947 Judicio

56 1973 286 2037 convenientius
305 1974 433 2054 cogitari
454 1981 564 2054 potest,
588 1993 625 2036 ea
653 1975 807 2051 sententia,
830 1996 920 2058 quam
941 1977 971 2039 in
994 1978 1168 2058 fragmentis

56 2081 191 2162 physicis
218 2089 373 2161 postremo
400 2080 472 2142 loco
496 2083 654 2162 posuimus
669 2081 728 2160 ³⁰).
780 2082 831 2143 Ait
855 2083 934 2146 euim
961 2085 1035 2147 nihil
1055 2093 1168 2148 temere

56 2189 140 2264 lieri,
171 2190 227 2250 sed
251 2189 351 2250 onmia
374 2187 474 2250 causis
500 2188 686 2251 naturalibus
709 2189 836 2270 ipsaque
865 2209 967 2252 rerum
993 2191 1110 2254 ratione
1137 2198 1168 2254 et

56 2296 237 2359 necessitate
256 2294 440 2374 contingere.

143 2403 279 2464 Transeo
308 2403 346 2463 ad
375 2402 558 2484 singularem
591 2413 762 2464 atomorum
793 2412 917 2466 motum.
963 2405 1115 2484 Epicurus
1136 2405 1167 2468 iu

56 2530 223 2590 corporum
257 2509 462 2572 insecabilium
494 2513 631 2594 pondere
666 2517 766 2572 motus
808 2511 952 2574 naturalis
986 2513 1168 2593 principium

56 2637 126 2680 esse
146 2616 253 2679 voluit:
275 2625 380 2680 contra
392 2618 585 2680 Democritus
601 2625 719 2681 atomos
740 2623 846 2681 namra
867 2639 922 2683 sua
942 2619 1080 2683 immotas
1099 2639 1168 2682 esse

56 2732 142 2786 ratus
161 2723 326 2786 violentum
350 2725 385 2786 i'm
403 2733 492 2806 atque
513 2731 668 2788 aeteruum
689 2732 803 2787 motum
826 2727 970 2802 attribuit,
989 2727 1030 2789 ita
1053 2733 1169 2790 utnon

55 2833 174 2893 interna
201 2831 230 2892 vi
258 2831 418 2907 cierentur,
447 2831 502 2894 sed
532 2834 718 2896 extrinsecus
746 2851 911 2912 percussae
932 2841 1057 2896 externo
1079 2835 1169 2915 pulsu

129 3015 168 3078 ¹⁷)
187 3015 260 3080 Diog.
277 3017 363 3066 Luort.
384 3016 424 3078 lli,
442 3013 491 3066 33:
513 3012 579 3067 rival
602 3030 637 3074 τι,
663 3011 750 3086 ὥσπερ
774 3015 883 3085 partone
902 3012 1011 3084 κόσμον,
1036 3013 1106 3068 οὗτοι
1125 3018 1170 3071 καὶ

55 3095 178 3164 αὐξήσεις
204 3095 249 3146 οιαὶ
274 3089 373 3164 φθὶοιις
396 3093 442 3145 aul
464 3090 563 3166 φθορὰς
590 3095 657 3146 κατά
681 3113 738 3148 τινιι
763 3095 887 3165 ἀνάγκην,
905 3095 937 3168 ἣν
958 3093 1034 3148 ὁποία
1050 3096 1117 3148 lorlr
1138 3093 1169 3148 ob

56 3175 189 3244 διασαφεῖ.
233 3175 589 3240 rseuuoug.1>nrros.(opp.
611 3177 629 3238 1,
655 3191 679 3241 p.
699 3176 773 3242 891J:
804 3175 841 3234 τίς
863 3174 894 3227 ἂν
920 3174 958 3245 riq
976 3175 993 3248 ἡ
1017 3176 1117 3247 ἀνάγκη
1137 3175 1168 3229 ab

54 3255 185 3325 διώριτιν.

129 3347 169 3408 ²⁸)
186 3347 294 3398 Aristot.
311 3345 346 3397 de
360 3350 477 3409 generet
497 3347 574 3397 onim.
594 3348 623 3406 ll,
641 3344 672 3396 b:
696 3341 733 3398 Ob
753 3345 842 3404 told<
863 3345 891 3400 bl
907 3345 1024 3419 λέγουσιν
1046 3345 1106 3401 rtet
1122 3349 1171 3400 rob
1192 3337 1196 3346 ’

55 3423 99 3476 διὰ
117 3423 141 3476 rt
158 3424 205 3496 τὴν
226 3423 349 3494 ἀνάγκην,
372 3421 428 3477 ὅσοι
449 3423 565 3495 λέγουσιν
587 3422 625 3477 ὄτι
644 3424 728 3485 οὕτως
744 3427 784 3480 ἀεὶ
803 3427 905 3497 γίνεται,
927 3429 972 3480 οιαὶ
989 3425 1084 3498 ταύτην
1105 3427 1171 3480 εἶναι

55 3505 205 3573 νομίζουσιν
226 3503 309 3578 ἀρχὴν
328 3504 354 3556 lu
375 3503 472 3569 αὐτοῖς,
492 3503 578 3576 ὥσπερ
598 3502 760 3579 Δημόκριτος
784 3506 798 3560 b
817 3505 980 3580 Ἀβδηρίτης,
1001 3505 1039 3559 ὅτι
1056 3513 1103 3561 τοῦ
1124 3510 1171 3577 μὲν

56 3585 97 3637 ἀεὶ
115 3585 161 3636 οιαὶ
182 3585 288 3656 dcrtpoo
309 3582 359 3638 oba
386 3583 453 3637 tortu
477 3584 552 3657 ἀρχή,
582 3584 611 3637 τὸ
636 3584 663 3638 bl
689 3587 777 3644 brial
799 3588 866 3662 ἀρχή
898 3587 927 3640 τὸ
947 3586 975 3641 δ’
999 3589 1038 3640 dal
1056 3587 1170 3659 ἄτιιρον,

56 3663 126 3716 diora
146 3663 176 3716 rb
197 3665 298 3736 ἐρωτᾷν
319 3663 349 3717 τὸ
375 3663 417 3717 bul
439 3665 464 3718 rt
488 3667 546 3737 περὶ
568 3671 621 3718 τῶν
638 3665 765 3721 τοιούτων
784 3667 852 3728 τινὸς
872 3669 901 3722 τὸ
921 3669 1006 3738 ζητεῖν
1025 3669 1090 3722 rlrul
1109 3685 1172 3741 φησι

53 3749 103 3796 τοῦ
121 3744 226 3816 dralpou
244 3745 336 3817 ἀρχήν.

130 3837 169 3902 ²⁹)
190 3837 227 3888 Cl.
249 3839 341 3901 fragm.
360 3838 452 3888 moral.
483 3834 514 3888 tl
538 3842 566 3889 et
589 3839 684 3892 Euseb.
706 3842 799 3908 Praep.
818 3857 910 3908 evang.
930 3855 990 3908 pag.
1010 3835 1068 3904 78‘2,
1090 3841 1167 3904 cutus

55 3917 141 3967 rerba
161 3931 176 3968 a
195 3917 273 3969 nobis
291 3933 374 3982 supru
393 3918 470 3968 allatu
491 3923 554 3972 sunt
572 3933 631 3983 pag.
650 3919 706 3972 129.

79 4027 81 4032 ¹
128 4007 168 4070 ³⁰)
184 4008 286 4072 magn.
301 4009 377 4074 phys.
398 4005 431 4059 li
453 4025 485 4062 ex
505 4011 579 4062 Stob.
600 4011 682 4076 eclog.
701 4015 778 4078 phys.
794 4029 819 4077 p.
841 4011 900 4065 tuo:
927 4007 1001 4080 nun
1019 4007 1067 4080 γὰρ
1087 4007 1114 4062 tv
1131 4010 1170 4080 τῷ

53 4085 114 4155 rapi
130 4091 190 4139 νοῦ·
221 4087 296 4140 abbir
318 4091 408 4160 χρῆμα
435 4091 519 4160 μάτην
545 4091 646 4160 γίνεται,
673 4089 740 4144 ἀλλὰ
765 4093 848 4144 πάντα
868 4091 899 4144 ta
916 4090 994 4162 λόγον
1014 4107 1042 4143 τι
1060 4089 1106 4141 καὶ
1124 4054 1191 4141 ὑπ”·

53 4165 181 4236 ἀνάγκης.
216 4171 282 4222 Vide
300 4185 369 4238 quae
398 4171 433 4224 ad
456 4173 639 4225 illustrandam
657 4175 727 4226 hauc
748 4176 914 4228 senteutiam
940 4186 1023 4238 supra
1043 4184 1103 4237 pus.
1121 4167 1173 4222 357

51 4249 250 4304 adnotoumus.
