2984 4876
295 315 356 382 164
632 315 828 378 Quaestionum
853 314 1086 372 Democriteum

296 485 439 560 laxarent,
460 483 542 564 apnd
564 481 729 546 Antonium
744 488 775 546 et
790 483 952 546 Maximum
967 482 1170 566 Δημοκράτης
1189 484 1335 565 scripturn
1357 489 1407 564 sit,

295 592 347 654 nbi
380 591 504 654 Stobaei
540 591 629 653 codd.
663 591 830 653 Democriti
864 608 975 654 nomen
1006 591 1155 653 exhibent.
1212 593 1352 675 Denique
1378 596 1408 656 in

297 699 422 762 Stobaei
445 700 612 778 fragmento
649 699 733 780 quod
759 699 791 760 in
815 699 893 760 God.
923 697 1102 761 Florentino
1134 703 1240 776 exstat,
1269 700 1409 780 pluribus

299 809 378 870 locis
400 806 603 889 Δημοκράτης
623 811 777 868 exaratum
798 811 853 881 esi,
870 805 923 867 nbi
943 803 1134 890 Δημόκριτος
1155 805 1248 868 scribi
1267 807 1408 884 debebat,

294 922 329 978 ut
351 935 388 976 ex
410 915 534 976 Stobaci
554 914 714 993 florilegio,
725 912 859 987 Antonii,
872 911 994 974 Maximi
1013 912 1202 997 aliommqne
1224 914 1408 994 scriptorum

295 1023 381 1085 libris
402 1021 627 1102 nitelligiturt).
662 1021 720 1086 ‚Ex
747 1020 792 1081 luis
813 1019 907 1099 signis
931 1040 967 1082 ac
988 1022 1083 1101 magis
1105 1022 1195 1084 ctiam
1218 1041 1255 1084 ex
1275 1023 1342 1103 ipsa
1363 1025 1409 1086 rei

295 1138 403 1193 notrae
430 1136 513 1192 recte
542 1127 692 1190 conclusit
708 1127 902 1190 Burchardus
916 1129 923 1160 ¹
935 1128 978 1206 ⁰),
998 1129 1160 1192 sententias
1181 1131 1407 1195 Democraticas

296 1258 371 1320 quas
393 1257 431 1299 ex
449 1242 534 1316 parte
549 1238 613 1314 jam
634 1235 765 1314 ipsarum
784 1234 1024 1297 niembranarum
1042 1237 1220 1300 anctoritate
1239 1241 1409 1303 Democriti

297 1365 364 1409 esse
385 1345 487 1426 liquet,
501 1363 598 1424 prope
612 1361 716 1403 omnes
735 1361 802 1404 esse
816 1343 992 1405 Democrito
1005 1343 1216 1423 restituendas,
1231 1350 1409 1426 praesertim

297 1474 389 1536 quum
412 1453 441 1512 in
463 1451 499 1512 iis
518 1451 623 1512 eadem
639 1469 715 1530 qnae
737 1449 982 1512 inDemocriteis
994 1451 1142 1514 sermonis
1159 1453 1250 1515 ionici
1263 1462 1407 1533 vetustas,

298 1561 403 1623 eadem
421 1559 557 1633 facilitas,
578 1557 656 1618 idem
684 1557 721 1617 de
749 1557 840 1618 rebus
869 1557 1005 1620 humenis
1027 1564 1058 1620 et
1077 1559 1137 1622 vita
1159 1563 1309 1624 communi
1324 1565 1409 1641 judi-

298 1667 378 1730 cium
406 1666 518 1748 ubique
539 1669 691 1744 appareat.
744 1664 901 1726 Postremo
926 1665 957 1725 in
995 1665 1092 1729 tribus
1124 1669 1213 1730 codd.
1245 1670 1295 1750 qni
1326 1670 1408 1734 dicta

298 1772 623 1836 Pseudodemocratiea
645 1777 774 1846 servant,
802 1789 864 1832 non
886 1769 1113 1855 Δημοκράτους,
1139 1775 1194 1836 sed
1214 1773 1406 1860 Δημοκρίτου

297 1900 408 1945 nouren
429 1882 475 1943 bis
504 1879 677 1959 fragmentis
708 1877 885 1958 inscriptum
913 1886 967 1942 est.
1016 1879 1064 1942 Cf.
1088 1882 1203 1945 llarlcs.
1227 1884 1267 1945 ad
1287 1886 1406 1950 Fabric.

296 1990 375 2052 Bibl.
396 2009 440 2069 gr.
461 1989 473 2049 l
502 2009 531 2068 ρ.
554 1989 625 2050 868.
673 1989 776 2068 ltaque
804 2007 874 2048 cnm
892 1986 1069 2049 Burcbardo
1087 1990 1141 2053 lias
1163 1992 1324 2055 sententias
1345 1997 1408 2056 De-

296 2097 462 2160 mocriticis
480 2095 602 2171 intexui,
623 2095 664 2156 ito
686 2101 793 2170 tamen,
813 2100 848 2155 nt
868 2093 1040 2172 indicarem,
1062 2116 1139 2178 qnae
1158 2101 1408 2182 apophthegmata

297 2205 328 2266 in
348 2203 529 2266 membranis
550 2201 704 2264 norrnnllis
726 2201 900 2264 Democrati
926 2202 1138 2268 tribuerentur.

743 2329 804 2404 Περὶ
824 2327 959 2401 εὐθυμίης.

384 2431 410 2488 1.
453 2423 642 2508 Δημόκριτος
660 2424 711 2486 καὶ
735 2422 863 2488 Πλάτων
885 2429 995 2493 κοινῶς
1017 2425 1048 2488 ἐν
1070 2431 1110 2511 τῇ
1130 2433 1219 2514 ψυχῇ
1237 2429 1291 2512 τὴν
1305 2428 1406 2493 εὐδαι-

298 2531 403 2615 μονίαν
416 2531 557 2594 τίθενται.
582 2529 722 2616 Γέγραφε
738 2531 773 2593 δὲ
787 2531 803 2592 b
819 2531 874 2614 μὲν
889 2531 1002 2600 οὕτως·
1025 2530 1100 2596 an
1111 2537 1258 2619 αιμονίη
1275 2540 1409 2621 ψυχῆς

296 2637 812 2722 καὶκακοδαιμονίηοόκὲν
845 2640 1060 2722 βοσκήμασι
1091 2643 1229 2721 οἰκέει,
1253 2642 1340 2706 οὐδ’
1368 2644 1408 2706 ἐν
1478 2649 1479 2732 l

295 2751 438 2832 χρυσῷ,
467 2747 572 2831 ψυχὴ
597 2745 626 2806 δ’
648 2745 887 2828 οἰκητήριον
909 2746 1234 2833 δαίμονος·τὴνὸὲ
1257 2750 1409 2836 εὐθυμίην

296 2850 1407 2942 καὶεύεοτὼκοὶὰρμονίην,ξυμμετρίηντεκαὶάταροιξίην
1478 2857 1479 2934 l

667 3072 706 3122 Do
734 3073 814 3122 animi
839 3073 1036 3138 tranquillitate.

380 3165 407 3224 l.
450 3162 642 3225 Democritus
671 3170 702 3226 et
723 3163 809 3225 Plato
840 3165 1039 3226 communiter
1061 3165 1090 3227 in
1113 3166 1213 3228 animo
1234 3167 1410 3232 felicitatem

294 3274 419 3349 ponunt.
463 3271 501 3330 Et
522 3270 573 3332 ille
596 3270 719 3351 qnidom
745 3271 790 3334 sic
813 3271 930 3333 scribit:
957 3272 1058 3334 Animi
1080 3272 1207 3336 felicitas
1228 3281 1258 3336 et
1281 3275 1409 3338 infelici-

294 3385 355 3438 tas:
384 3395 445 3438 non
473 3377 504 3437 in
527 3377 747 3458 (possidendis)
768 3377 909 3458 gregibus
939 3385 969 3441 et
1002 3399 1077 3442 auro
1106 3382 1258 3455 consistit;
1290 3384 1407 3446 animus

295 3490 341 3544 est
366 3484 550 3545 domicilium
576 3484 720 3546 numinis:
755 3492 906 3546 caeterum
936 3486 1025 3547 animi
1052 3487 1296 3568 tranquillitatem
1318 3493 1408 3553 etiarn

296 3589 409 3651 bonnm
437 3592 503 3668 ejus
529 3599 649 3665 statum,
673 3599 866 3668 concentum,
889 3594 1130 3673 aequabilitatem
1153 3603 1183 3656 et
1204 3599 1408 3675 perturbatio-

293 3716 366 3758 num
387 3697 565 3759 vacnitotem
585 3698 729 3761 nominat.
771 3698 866 3762 Nasci
887 3707 1075 3764 autemeam
1096 3700 1138 3762 ait
1158 3722 1195 3762 cx
1216 3703 1407 3785 voluptatum

293 3843 493 3855 *—

291 3943 317 3991 p.
336 3924 386 3978 :tot
415 3929 456 3980 ed.
475 3931 551 3982 Heor.
570 3933 611 3980 alii
631 3945 681 3994 pro
701 3925 862 4000 Δημόκριτος
876 3931 967 3994 legunt
983 3927 1153 4002 Δημόκρατοτ
1173 3936 1200 3984 et
1220 3928 1406 4006 Δημοκρίτου.
1478 3943 1479 3962 ¹

291 4009 329 4059 Cf.
348 4022 402 4059 var.
415 4011 474 4060 leot.
486 4024 545 4074 pag.
562 4009 604 4062 at.
638 4005 824 4088 ’iquorxpoirqc
845 4025 987 4074 perperam
1009 4015 1139 4077 scriptum
1159 4019 1200 4065 est
1217 4017 1405 4079 aprunam.

289 4089 358 4139 Alex.
377 4088 434 4141 Sin
453 4093 586 4142 conontiis
604 4092 682 4142 codd.
701 4105 750 4154 pro
766 4088 951 4162 'ilvqaiaprron

361 4181 383 4241 ⁹)
402 4182 438 4232 Cf.
460 4181 522 4232 ibid.
545 4197 568 4244 p.
587 4180 601 4230 4
622 4180 639 4230 fr
657 4195 718 4232 cnm
741 4183 866 4232 Cleonem.
888 4184 959 4234 Alos.
976 4185 1073 4236 Sirom.
1095 4185 1128 4235 lv
1147 4199 1171 4249 p.
1190 4181 1248 4236 536.

341 4271 379 4334 ¹⁰)
401 4285 458 4336 pag.
480 4271 600 4324 ill-fta.
