2938 4864
264 281 330 348 262
599 281 796 344 Quaestionum
821 277 1055 334 Democriteum

266 447 409 534 γινομένη
430 469 488 532 pro
515 445 676 532 γιγνομένη
701 447 831 512 exornvi.
871 445 953 510 Nem
972 451 1090 509 ueteres
1117 441 1210 506 Attici
1230 449 1260 506 ct
1279 441 1304 504 si
1322 438 1369 524 qni

270 567 380 642 postes
399 577 454 622 eos
476 558 580 622 imitnti
593 563 672 634 sunt,
693 559 834 620 dixerunt
852 552 1008 638 γίγνεσθαι
1023 561 1054 616 et
1071 551 1258 635 γιγνώσκειν,
1278 555 1374 613 eontm

270 667 365 730 Jcnes
386 673 417 729 et
443 667 628 730 recentiores
653 665 748 728 Attici
775 665 887 728 termes
907 660 1044 744 γίνεσθαι
1066 667 1097 724 et
1116 659 1273 742 γινώσκειν
1296 675 1374 720 usur-

270 781 390 856 parunt.
421 775 499 838 Vide
521 775 641 838 doctum
659 775 696 837 G.
713 773 864 836 Dindortri
885 771 924 833 de
940 771 995 834 huc
1014 769 1139 833 muteris
1154 764 1374 848 disputationem

272 881 303 943 in
313 882 416 964 Steph.
424 884 514 946 Thes.
521 883 579 946 vot.
587 885 613 946 lt
628 883 757 946 octono
767 901 828 964 seq.
852 879 968 944 Fabula
978 879 1121 960 Aesopee
1137 895 1226 959 quem
1238 872 1376 953 significet

272 990 475 1068 Democritus,
497 991 670 1054 imeribitnr
689 986 781 1054 Κύων
803 987 895 1074 κρέας
917 985 1057 1072 φέρουσα
1077 985 1197 1048 mene
1219 983 1266 1046 ed.
1277 981 1376 1057 Coroy.

357 1099 407 1161 Di.
462 1100 530 1162 Hoc
567 1099 765 1180 fragmentum
801 1097 832 1159 in
868 1095 1007 1177 plurimis
1040 1093 1167 1158 Stobeei
1208 1085 1377 1153 editionibus

273 1204 457 1271 Aristoxeno
486 1208 638 1283 tributum,
667 1205 919 1288 praestantiorum
947 1203 1190 1266 membranorum
1212 1193 1378 1260 cunctoriute

274 1315 468 1393 Democrito,
497 1315 615 1379 auctori
638 1335 711 1392 suo,
734 1311 865 1376 reddidit
891 1311 1061 1376 Schowius.
1113 1309 1195 1372 Num
1225 1296 1378 1367 Democriti

274 1437 341 1483 esse
368 1429 487 1502 practer
517 1424 647 1487 ionicam
674 1423 834 1486 distectum
868 1418 1020 1484 scribendi
1047 1435 1144 1498 genus
1174 1422 1205 1478 et
1233 1413 1298 1495 ipse
1323 1423 1380 1470 scn-

275 1528 367 1591 tentis
399 1533 507 1612 urgrrit.
565 1523 716 1596 Veterum
749 1529 912 1592 editionum
941 1527 1123 1608 scripturum
1153 1517 1319 1603 κακοῦγγίγ
1348 1512 1379 1574 ub

274 1635 502 1702 Hemsterhusio
533 1640 615 1719 opud
642 1638 846 1701 Goistcrdium
874 1637 913 1698 ed
936 1635 1021 1699 Suid.
1042 1653 1111 1700 voc.
1141 1629 1258 1717 ῥυσμός
1284 1639 1381 1703 οοεΰθν

276 1743 360 1807 ticue
387 1747 528 1810 vccebnii
556 1746 687 1830 διαῦηγή
716 1745 794 1808 mule
823 1745 982 1830 'defensum
1018 1742 1143 1812 omnino
1178 1729 1380 1818 repudiandam

276 1869 345 1916 esse
366 1853 512 1920 duximus.
552 1857 606 1919 Est
628 1862 728 1918 uutcm
749 1851 891 1935 διαθιγγή,
914 1857 948 1912 ut
973 1851 1092 1913 undem
1114 1848 1285 1930 explicetur
1304 1854 1381 1902 voct-

276 1959 383 2023 bnlum
410 1965 493 2046 quod
523 1965 606 2026 viros
636 1963 745 2025 doctos
773 1961 826 2024 diu
849 1959 971 2037 scietiit,
998 1959 1105 2022 vitioso
1133 1957 1284 2036 scriptura
1310 1939 1380 2026 apud

277 2067 401 2131 Suidum
426 2073 465 2150 (s.
477 2092 504 2134 v.
525 2070 654 2155 ponpis)
673 2091 731 2151 pro
754 2068 885 2152 διαθιγή,
906 2087 984 2150 quue
1002 2067 1093 2129 lectio
1116 2079 1147 2128 ct
1166 2061 1249 2145 spud
1269 2059 1380 2120 Sextum

278 2175 463 2256 Empiricnm
490 2201 520 2260 p.
541 2181 603 2244 399
629 2179 815 2242 restituendo
843 2183 897 2254 cst,
927 2176 981 2239 nbi
1011 2195 1091 2236 ιιιινιο
1115 2171 1249 2254 διαθήκη
1276 2161 1380 2243 legistis·

281 2284 461 2348 Germanum
479 2287 567 2350 vocis
595 2289 724 2350 formem
751 2285 871 2370 ὃιαῦιγή
894 2284 1025 2348 servavit
1041 2283 1234 2363 Philoponus
1255 2276 1283 2336 iu
1302 2265 1380 2332 mist

279 2393 318 2454 de
340 2393 429 2458 enirn.
452 2396 465 2457 l
489 2416 520 2476 p.
541 2397 583 2458 30
601 2407 676 2458 extr.
706 2403 737 2458 ct
762 2414 834 2476 pers
860 2395 1008 2476 quaedum
1036 2391 1188 2453 librorum
1212 2373 1379 2448 Aristotelis·

278 2501 346 2564 dum
373 2522 448 2565 vero
475 2501 599 2567 Aristot.
626 2505 758 2586 Metuph.
787 2504 838 2566 lib.
861 2505 883 2581 1,
903 2504 922 2566 4
944 2502 994 2580 uit,
1020 2498 1157 2581 διαθιγήν
1179 2519 1198 2560 e
1218 2481 1379 2557 Democrito

281 2610 430 2691 uppeiluri
452 2610 505 2694 rip
531 2610 624 2689 τάξιν,
648 2615 737 2692 cujus
765 2613 810 2675 rei
832 2613 910 2674 rotio
929 2611 995 2673 sine
1016 2609 1109 2672 dnbio
1133 2610 1209 2670 haec
1232 2609 1285 2664 est.
1321 2593 1382 2656 Pro

281 2719 348 2799 prio
371 2717 539 2802 διαθιγή,ν
561 2718 711 2802 θιγγάνειν
733 2729 800 2784 orte
820 2720 945 2797 locutio,
967 2718 1039 2780 nituit
1058 2717 1116 2780 nisi
1136 2717 1310 2777 contactum
1329 2707 1382 2762 eto·

282 2845 401 2889 morum
421 2828 498 2890 inter
512 2846 580 2890 sese
600 2829 824 2893 cohaerentium
846 2827 1029 2908 desipiebat,
1045 2824 1100 2888 sed
1122 2841 1216 2907 quum
1229 2823 1382 2884 atomorum

283 2939 441 2997 contectus
463 2954 501 2996 ex
527 2955 629 2998 curum
652 2937 711 3000 situ
732 2945 762 2999 et
780 2937 887 3000 ordine
907 2936 1044 3018 pendeat,
1064 2933 1134 3016 quie
1155 2935 1269 2994 munuc
1290 2915 1382 2983 ordine

285 3041 342 3103 eliu
365 3049 455 3123 utque
473 3041 532 3106 elin
554 3046 738 3124 corpusculo
761 3044 914 3108 individue
940 3063 974 3104 se
994 3047 1128 3124 tangunt,
1157 3040 1268 3104 fuctum
1288 3033 1337 3100 esi,
1356 3022 1383 3080 ui

283 3167 301 3208 c
323 3150 500 3212 Democrito
522 3157 680 3233 utromque
700 3155 855 3216 notionem
875 3153 1077 3232 conjungente
1097 3147 1219 3230 διαθιγή
1243 3158 1298 3224 pro
1316 3126 1383 3195 τᾶξῑῑ

203 3267 206 3272 ’
283 3255 447 3319 diceretur.
491 3261 589 3340 Quum
611 3259 774 3323 dictionem
797 3281 865 3324 cum
887 3259 954 3323 eliis
975 3259 1099 3322 micatus
1121 3256 1232 3320 Suidus
1250 3250 1306 3312 ie
1326 3251 1383 3319 per·

284 3363 378 3440 hibet,
400 3367 610 3432 Democritum
629 3369 810 3452 quibusdum
832 3367 948 3439 λέξεσιν
975 3366 1034 3451 οὐχ
1063 3366 1237 3448 ἑλλγνικαῖς
1255 3344 1382 3443 χρῆσθαι.

285 3471 326 3534 At
348 3473 404 3534 hoe
426 3494 532 3539 omnes
551 3484 622 3540 sunt
645 3478 894 3560 ἑλληνικώταται.
942 3477 988 3538 Ex
1015 3476 1062 3538 his
1085 3493 1162 3557 qnae
1185 3457 1382 3552 disputavimffi

287 3582 427 3658 efficimur,
448 3583 562 3646 nullum
585 3604 652 3648 esse
675 3586 753 3647 inter
773 3585 910 3668 διαθιγήν
932 3581 1161 3664 νικακοῦηγίην
1181 3569 1382 3662 cogneti⁰¹¹⁶¹¹¹r

288 3691 372 3773 quod
393 3693 555 3772 quominus
584 3693 614 3754 in
636 3694 813 3776 κακοθιγίην
835 3699 1055 3767 convertemus
1084 3689 1147 3752 loci
1167 3693 1272 3752 netnre
1291 3669 1382 3740 obsiti

291 3799 424 3863 Codices
447 3820 465 3863 e
489 3800 633 3863 Schcwio
655 3813 686 3864 et
707 3802 882 3866 Geisiordio
905 3799 1033 3882 inspecti
1046 3796 1196 3880 νακοηθίη
1217 3789 1384 3860 iubenti)ro

289 3929 351 3990 quo
367 3909 561 3974 Durcherdns
574 3908 748 3992 κακοηθγΐη
770 3909 933 3974 substituit.
977 3909 1045 3970 Sed·
1061 3906 1112 3990 qui
1132 3903 1294 3976 laboribus,
1312 3899 1382 3972 pree·

289 4017 393 4079 sertim
414 4017 486 4080 nihil
506 4019 674 4099 profuturis
691 4038 725 4081 se
746 4025 907 4095 macerent,
928 4018 963 4080 iis
985 4013 1150 4098 νακοηθίγ,
1164 4015 1195 4076 id
1217 4019 1272 4086 est,
1283 4005 1384 4104 meruit

281 4129 336 4186 eut
359 4124 475 4204 ingenii
496 4127 629 4207 pruvites
660 4133 691 4188 et
711 4126 879 4208 malignitas
909 4133 961 4189 out
983 4125 1061 4188 mule
1082 4122 1272 4186 consuetudo
1293 4097 1383 4176 asunbt

289 4233 403 4314 nequit,
425 4234 480 4296 sed
505 4234 646 4315 quonium
669 4253 814 4316 perverso
844 4234 966 4315 ingenio
986 4239 1065 4310 sunt,
1092 4232 1195 4312 potius
1216 4231 1237 4313 ἡ
1258 4231 1306 4308 τῆς
1324 4205 1385 4296 pd-
