2892 4872
76 1531 550 1658 onnusrioittiiu
599 1539 1183 1645 nnuocmrunntm

475 1772 685 1836 LIBER
728 1773 776 1842 ll.

290 1951 351 2019 DE
394 1952 950 2025 DEMOCRITISCRIPTIS.

522 2135 725 2147 ———

452 2236 801 2288 PROOEMIUM.

78 2357 222 2488 Constat
252 2427 462 2490 Democritum
488 2426 665 2490 Abderitum
701 2447 764 2488 nou
799 2426 893 2488 modo
922 2426 1071 2488 librorum
1107 2441 1185 2503 quos

77 2539 284 2614 composuerat
314 2534 505 2599 multitudine
534 2557 570 2600 ns
591 2535 735 2599 varietate
757 2555 850 2596 unum
872 2533 1000 2594 maxime
1025 2531 1103 2592 inter
1121 2531 1187 2610 piri-

77 2636 214 2722 losopiros
248 2643 439 2722 excelluisse,
472 2645 528 2707 sed
560 2646 650 2708 etism
682 2642 833 2706 scribendi
867 2659 978 2722 genere
1012 2637 1186 2700 clarissimis

77 2748 231 2814 verborum
248 2749 411 2814 luminibus
435 2751 583 2822 distincto,
595 2760 625 2814 ot
642 2772 740 2833 prope
761 2751 802 2814 od
819 2749 970 2829 poeticum
991 2745 1188 2827 granditatem

78 2855 149 2918 elato
175 2857 259 2923 haud
281 2877 397 2940 pensos
426 2860 561 2938 ejusdem
587 2861 692 2922 astutis
714 2859 881 2938 scriptores
902 2857 943 2918 its
964 2874 1134 2938 superasse,
1154 2861 1189 2917 ut

78 2969 262 3030 arcteribus
291 2968 357 3047 ejus
384 2968 484 3031 oratio
513 2968 621 3032 eximio
642 2967 735 3030 laude
758 2963 968 3046 smeretur¹).
1016 2965 1132 3026 Verum
1157 2961 1188 3023 iu

79 3136 274 3158 —n——n-

143 3254 164 3317 ¹1
183 3255 279 3308 cicero
296 3255 331 3308 ds
349 3261 457 3308 oratore
477 3255 520 3308 tib.
538 3257 557 3319 1,
579 3253 619 3306 tt.
658 3256 757 3307 ornate
775 3256 880 3308 locutus
900 3256 948 3318 ost,
967 3255 1038 3306 sistri
1056 3251 1141 3304 fertur
1162 3255 1190 3304 et

80 3333 136 3384 mitri
153 3337 269 3398 uidetur,
287 3339 417 3402 physicus
436 3339 478 3389 itte
497 3338 676 3389 Democritus.
714 3337 752 3387 ld.
767 3337 801 3388 de
822 3337 904 3390 divin.
921 3335 965 3387 iit).
984 3337 1014 3396 11,
1032 3329 1078 3384 ot:
1108 3333 1191 3386 Vnido

81 3411 223 3470 Heraclitus
246 3418 389 3482 obscurus,
412 3420 522 3470 minime
546 3418 724 3469 Democritus
768 3417 846 3478 Quod
866 3421 957 3470 autem
978 3418 1049 3468 Orat.
1065 3427 1089 3467 c„
1106 3411 1142 3466 lt)
1156 3415 1191 3466 de

81 3489 128 3544 hos
149 3501 308 3560 argumento
335 3502 384 3550 nit:
412 3499 477 3563 „sed
503 3499 583 3550 video
604 3499 693 3548 visum
716 3509 777 3549 esse
796 3500 928 3549 nonnuliis
948 3497 1065 3548 Piotouis
1085 3500 1113 3548 st
1133 3496 1192 3548 Ds-

83 3577 181 3626 mocntt
209 3579 381 3640 locutionem,
410 3579 461 3630 etsi
486 3579 590 3630 obsita
611 3592 700 3638 versu,
728 3581 818 3630 tumen
844 3580 917 3643 qrrsd
934 3581 1069 3630 incitatius
1091 3579 1193 3629 teretur

81 3657 105 3702 et
127 3657 281 3711 clarissimis
313 3659 460 3712 verborum
490 3659 635 3710 luminibus
662 3661 759 3722 ututur,
790 3661 880 3723 potius
911 3673 1008 3724 pocius
1034 3658 1192 3723 putandum,

83 3745 156 3796 quum
173 3741 339 3791 semissium
357 3740 533 3804 pectamur·
554 3740 582 3792 id
600 3753 654 3791 usn
674 3741 786 3791 muttum
808 3741 896 3792 ditiert
919 3755 935 3792 n
951 3741 1053 3805 judicio
1073 3740 1193 3804 Dionysii

82 3811 316 3872 Halicarnassensis
344 3821 378 3872 de
403 3833 491 3886 comp.
516 3821 591 3873 verb.
617 3834 643 3885 p.
661 3817 713 3872 ³70
731 3821 772 3872 ed.
789 3821 900 3884 Sstmct,
927 3823 972 3887 qui
992 3823 1192 3872 Democriteum

83 3895 213 3950 scribendi
230 3913 314 3963 genus
334 3902 365 3972 τῇ
386 3903 460 3974 κοινῇ
482 3899 593 3973 ἁρμονίᾳ
612 3901 772 3953 adnumerat
790 3906 817 3954 et
835 3903 958 3968 quemvis
979 3906 1037 3954 erte
1058 3907 1086 3954 st
1102 3901 1194 3954 labore

84 3971 178 4042 testum
196 3980 306 4043 iudicet,
329 3985 420 4034 temen
446 3997 509 4034 sum
535 3984 673 4034 Platonico
698 3987 725 4033 et
751 3983 911 4034 Aristoteles
932 3983 1054 4034 dictionis
1072 3983 1195 4046 philoso-

83 4053 139 4114 phi&
167 4058 261 4122 dignes
286 4063 438 4126 exemplum
460 4067 593 4128 proponit.
638 4063 796 4114 Piutsrsims
819 4062 953 4114 convivat.
985 4061 1083 4124 disput
1108 4061 1195 4112 ΗΜ

84 4143 106 4194 p.
125 4133 176 4186 002
190 4137 216 4190 li
235 4141 295 4202 (voi.
317 4143 374 4194 viu
393 4158 420 4208 p.
439 4142 492 4195 7s0
509 4145 550 4197 ed.
568 4145 665 4207 Reisk.)
685 4157 747 4196 sum
767 4141 908 4210 δαιμονίως
927 4140 972 4194 καὶ
993 4137 1195 4214 μεγαλοπρεπῶς

84 4211 198 4268 locutum
217 4233 277 4274 esse
295 4225 340 4275 eit.
369 4222 453 4286 Adde,
471 4226 544 4292 quod
563 4226 665 4291 Pyrrtm
681 4228 824 4276 venustem
842 4236 921 4276 sunm
938 4223 1045 4275 dicendi
1064 4223 1194 4274 rationem

84 4291 223 4352 Democriti
242 4303 390 4358 imitatione
410 4311 574 4361 consecutus
596 4319 657 4360 esso
674 4305 796 4360 traditur.
829 4305 866 4360 Ci.
878 4302 976 4358 Euseb.
992 4303 1085 4368 Prsop.
1097 4301 1194 4368 Errng.
