2956 4860
432 1202 887 1293 PRAEFATIO.

100 1531 223 1661 Nihil
247 1607 329 1657 esse
354 1587 399 1658 ad
423 1583 609 1659 universae
625 1579 834 1680 antiquitatis
858 1584 1088 1682 cognitionem
1103 1587 1219 1665 utilius

102 1715 139 1775 et
164 1703 372 1779 fructuosius
404 1730 524 1780 eorum
556 1703 738 1794 industria,
770 1705 829 1802 qui
858 1707 1037 1783 illustrium
1066 1709 1219 1785 virorum

101 1825 307 1900 memoriam
332 1825 532 1923 plenissime
557 1825 754 1902 renovaturi
776 1840 896 1904 vetera
917 1844 1138 1906 monumenta
1163 1831 1218 1906 di-

103 1945 251 2044 ligenter
273 1960 538 2044 perscrutantur,
559 1946 787 2044 intelligentes
807 1951 929 2024 harum
955 1977 1070 2026 rerum
1095 1951 1219 2027 existi-

103 2082 258 2144 matores
278 2073 351 2163 jam
375 2068 510 2166 pridem
539 2068 745 2165 judicamot.
795 2075 1029 2158 Quamobrem
1053 2099 1158 2170 quum
1183 2073 1219 2149 in

103 2189 264 2288 legendis
289 2190 515 2288 scriptoribus
548 2190 683 2288 graecis
716 2197 823 2266 multa
843 2192 1054 2288 reperissem
1080 2198 1126 2270 ad
1148 2201 1218 2269 De-

103 2311 286 2388 mocritum
310 2311 509 2410 spectantia,
535 2338 683 2410 quorum
708 2339 778 2388 non
800 2325 897 2387 esset
921 2313 1007 2388 ratio
1033 2314 1148 2390 habita
1174 2320 1218 2390 ab

104 2435 148 2510 iis
171 2434 231 2532 qui
255 2440 312 2509 vel
337 2439 383 2509 de
408 2439 483 2530 ejus
508 2434 599 2525 vita,
631 2432 767 2530 scriptis
795 2448 829 2508 et
855 2433 1074 2532 philosophia
1098 2436 1219 2532 dispu-

105 2570 218 2632 tarant
229 2553 253 2651 ¹)
276 2562 333 2630 vel
355 2555 389 2630 io
412 2555 615 2652 colligendis
629 2581 775 2653 operum
798 2561 873 2650 ejus
896 2554 1120 2652 fragminibus
1145 2570 1218 2629 stu-

103 2679 202 2754 dium
234 2689 436 2775 posuerant:
467 2676 622 2774 pluribus
652 2675 777 2752 abhinc
808 2675 907 2762 annis
939 2673 1119 2750 consilium
1142 2675 1219 2773 cepi

104 2797 309 2898 divulgaodi
332 2797 450 2896 operis
470 2793 497 2894 ²)
523 2823 594 2894 quo
620 2823 743 2872 omnes
765 2796 951 2872 Abderitae
976 2796 1140 2871 librorum
1162 2823 1219 2871 re-

104 2943 306 2958 -n—-U-

178 3011 200 3070 'l
223 3009 259 3060 Cl.
285 3009 416 3073 imprimis
433 3008 535 3059 l'abrie.
556 3008 621 3058 Bibl.
641 3011 684 3060 Gr.
711 3010 761 3061 vol.
782 3011 811 3065 ll.
843 3023 901 3074 pag.
920 3004 972 3057 6‘28
985 3021 1060 3073 seqq.
1077 3007 1118 3059 ed.
1137 3007 1219 3070 llari,

106 3091 200 3140 llitteri
226 3089 307 3140 libros
329 3091 363 3140 de
383 3089 495 3140 historia
522 3089 703 3152 philosophiae
723 3092 904 3156 compositos,
927 3090 1043 3140 Wandtil
1062 3089 1220 3140 adnotatio-

106 3185 158 3222 nes
182 3171 217 3220 ad
240 3171 419 3220 Tcouemaoni
453 3171 590 3221 historiam
618 3171 711 3233 philos.
734 3173 806 3222 Tom.
829 3173 848 3234 l,
873 3185 898 3234 p.
920 3167 1071 3235 attseqq.;
1099 3169 1221 3221 Gessersii

105 3253 286 3314 Quaestiooes
311 3251 495 3302 Democriteus
517 3252 657 3314 Gottingae
676 3265 746 3302 anuo
766 3248 832 3302 1899
849 3252 874 3301 in
895 3251 981 3302 lucem
1003 3252 1135 3315 prolatas,
1165 3251 1221 3300 Pa-

107 3333 261 3398 penoorrltii
289 3331 514 3392 dissertationem,
537 3346 617 3397 quam
640 3332 751 3382 Berotinl
778 3345 848 3382 anno
875 3329 941 3382 lasa
959 3345 1086 3384 excusam
1104 3331 1138 3382 de
1155 3333 1220 3381 ato-

106 3416 242 3466 mieorum
269 3413 391 3463 doctrina
417 3413 567 3476 inscripslt;
589 3413 761 3463 llelmsnethii
785 3412 901 3464 libellum
926 3414 1034 3464 bonnae
1063 3426 1133 3462 anno
1156 3407 1221 3461 1835

106 3495 182 3560 typis
199 3493 371 3557 descriptum,
389 3494 414 3542 in
431 3507 485 3558 quo
505 3506 568 3544 eum
588 3494 637 3544 alia
659 3496 814 3553 tractantur,
838 3497 893 3544 tum
912 3492 1058 3546 Democriti
1079 3493 1112 3543 de
1132 3493 1219 3542 nisime

105 3577 231 3628 doctrina
251 3573 369 3624 breviter
390 3575 540 3638 exponitur.
565 3577 707 3626 Caeterum
722 3575 776 3625 los.
793 3575 887 3639 lloppii
904 3577 939 3626 de
950 3575 1104 3625 Democrito
1121 3573 1219 3636 dispu-

105 3658 232 3714 tationes,
257 3669 325 3720 qliae
347 3657 416 3704 iuter
441 3653 602 3706 Academiae
629 3657 725 3719 hegiae
746 3657 914 3708 Monacensis
938 3655 1067 3720 opuscula
1091 3653 1222 3716 leguntur,

106 3739 244 3802 inspicere
266 3737 328 3785 mibi
354 3750 407 3786 nou
433 3737 513 3798 tierrit,
542 3749 624 3800 quarm
649 3737 699 3786 liae
726 3749 777 3786 rroa
804 3751 866 3788 enm
893 3737 951 3788 aliis
977 3737 1044 3788 illius
1063 3733 1223 3784 Academiae

106 3817 384 3872 commentationibus
412 3818 437 3866 in
461 3818 540 3880 liegia
566 3816 640 3867 urbis
658 3821 766 3869 nostrae
784 3817 945 3868 bibliotheca
962 3817 1149 3870 desiderentur
1170 3827 1221 3864 ne-

107 3915 163 3966 que
184 3901 211 3948 in
230 3896 349 3948 tabernis
367 3897 482 3949 librariis
500 3901 629 3962 prostant.

182 3993 206 4054 ²)
225 3991 309 4052 liujus
328 3991 418 4052 operis
438 3990 491 4040 dno
510 3991 656 4054 specimina
668 3990 767 4055 publici
778 3991 846 4054 juria
866 3989 923 4050 ieci,
942 4003 1058 4052 quorum
1077 3989 1153 4050 prius
1169 3988 1224 4050 jam

108 4087 183 4124 arroo
206 4067 272 4121 aaut
290 4071 376 4120 locem
398 4071 470 4130 vidit,
489 4073 624 4136 posterius
645 4074 786 4136 sopmiore
807 4075 953 4122 arictumno
973 4069 1080 4134 prodiit.
1113 4068 1226 4117 illrum-

109 4169 165 4220 que
193 4151 342 4202 indicendis
366 4152 482 4215 politicis
506 4153 641 4216 Gymnasii
676 4154 747 4216 liegii
780 4151 868 4203 Gallici
896 4149 1064 4203 examinibus
1096 4149 1227 4212 scriptum

109 4237 193 4300 huius
210 4233 320 4286 scholae
341 4233 480 4286 uncialibus
497 4235 681 4298 praepositum
699 4237 747 4285 est.
