2956 4860
389 299 474 354 aroer
492 299 514 355 1.
551 263 600 354 ne¹
612 298 764 357 ueuoenn
782 302 849 360 vna
1139 303 1178 368 17

82 465 256 550 Δημοκρίτου
285 465 316 529 ἐν
344 467 417 533 τοῖς
436 465 681 550 συγγράμμασιν,
710 465 765 530 ὅδε
784 467 906 552 ἠνιᾶτο,
930 469 1009 554 μηδὲ
1031 473 1086 534 τοῦ
1110 471 1178 542 ἑνὸς

81 573 124 636 ani
143 577 242 639 κοινοῦ
266 574 397 657 κρατῶν.
439 569 542 636 Πόσον
570 573 605 636 δὲ
634 573 683 636 ἐπ’
715 574 800 661 αὐτῷ
825 575 1017 660 Δημόκριτος
1047 578 1176 662 ἐγέλασε

80 683 123 744 nal
143 681 239 758 αὐτός,
259 683 290 745 rt
306 682 356 744 δεῖ
372 679 424 743 aad
446 678 554 763 λέγειν,
576 676 602 766 ᾧ
626 679 714 764 ἔργον
734 686 824 746 τοῦτο
847 681 901 768 ἦν,
933 686 1035 766 Igitur,
1064 689 1090 750 si
1113 690 1174 752 Ae-

79 790 149 854 liano
165 781 239 854 tides
259 797 347 866 esset,
361 809 458 871 usque
476 790 515 851 ad
534 788 617 851 illam
635 796 762 852 aetatem
782 811 841 873 que
858 791 1030 857 Alexander
1047 816 1175 878 regnum

79 899 190 980 accepit,
209 897 259 960 vel
280 897 360 960 utra
382 916 456 974 eam,
475 902 686 978 perpetuasset
711 897 801 960 vitam
821 900 1023 966 Democritus,
1185 985 1187 990 ,

150 1002 233 1069 llaec
254 1006 318 1067 iere
351 1011 422 1068 suut
451 1025 528 1087 quae
547 1011 666 1068 veteres
688 1005 725 1068 de
746 1027 834 1084 anno,
865 1027 927 1089 quo
948 1017 1036 1072 natus
1060 1019 1091 1074 et
1112 1033 1173 1095 quo

79 1113 189 1176 denatus
214 1112 407 1176 Democritus
435 1111 491 1189 sit,
522 1117 553 1174 et
586 1117 662 1195 quot
687 1134 745 1196 per
771 1133 867 1177 annos
896 1116 958 1177 vita
986 1117 1025 1178 sit
1054 1119 1172 1198 fruitus,

78 1221 256 1284 tradidenmt.
312 1220 462 1303 Pleraque
491 1219 614 1283 illorum
651 1241 727 1303 quae
755 1221 996 1286 testimoniorum
1022 1223 1094 1288 loco
1123 1227 1172 1290 hic

77 1327 257 1408 allegavimus
292 1328 334 1390 ita
360 1327 439 1388 inter
465 1346 499 1391 sc
525 1334 596 1390 sunt
625 1329 752 1407 diversa,
779 1336 814 1392 ut
833 1329 932 1408 latine,
954 1351 1017 1394 uon
1040 1336 1171 1398 oratorie

75 1433 149 1517 loqui
167 1437 313 1511 videatur,
340 1435 391 1518 qni
412 1435 518 1515 paucis
546 1438 680 1518 exceptis
701 1437 819 1517 singula
845 1459 864 1499 a
890 1439 1017 1520 singulis
1037 1447 1072 1504 ut
1088 1463 1107 1504 a
1126 1449 1172 1505 te-

75 1542 164 1605 nebris
189 1543 304 1623 lucem,
328 1543 366 1607 ab
387 1544 494 1606 umbra
515 1561 646 1624 corpus,
673 1545 793 1608 coelum
815 1567 833 1608 a
855 1551 936 1608 terra
957 1547 1075 1612 differre
1098 1571 1170 1614 con-

74 1651 170 1716 tendat.

491 1848 667 1902 CAPUT
706 1852 742 1901 ll.

146 1997 203 2078 Qtri
226 1995 398 2058 recentiore
426 2000 523 2058 aetate
559 1993 597 2055 de
627 1994 795 2058 Democriti
822 1996 883 2060 vita
908 1999 1110 2081 scripserunt,
1138 2002 1174 2078 hi

73 2119 122 2178 pro
146 2104 323 2182 opinionum
350 2103 552 2184 discrepantia
574 2121 634 2184 qua
653 2103 752 2165 natale
780 2109 907 2185 tempus,
930 2127 1041 2170 annum
1063 2111 1169 2174 mortis

73 2227 269 2294 summumque
289 2214 354 2290 ejus
375 2213 482 2274 florem
503 2210 739 2289 constituerunt,
760 2213 791 2274 in
811 2220 873 2276 tres
896 2216 959 2278 iere
980 2216 1090 2280 classes
1110 2219 1170 2282 dis·

75 2315 153 2380 tribui
180 2325 319 2399 possunt
365 2321 483 2382 Primae
519 2319 707 2382 ascribantur
732 2319 784 2403 qui
808 2322 1015 2386 Democritum
1041 2325 1168 2408 quadra-

74 2425 145 2503 ginta
162 2427 247 2491 annis
277 2425 459 2508 Anaxagora
481 2427 631 2491 minorem
657 2427 802 2491 habentes
827 2428 1052 2509 Apollodorum
1073 2433 1168 2494 Gluo

73 2536 248 2616 nographum
270 2535 302 2598 in
327 2535 487 2597 statuendo
508 2555 588 2598 anno
614 2535 706 2598 natali
725 2537 822 2600 secuti
840 2542 918 2601 sunt.
957 2537 1055 2600 Alteri
1076 2540 1169 2601 adnn-

72 2651 210 2706 merentnr
229 2643 284 2728 qui
298 2643 336 2705 ad
351 2642 482 2705 Diodori
499 2643 596 2706 Siculi
617 2643 655 2706 de
673 2663 752 2706 anuo
782 2645 888 2707 mortis
912 2651 943 2707 ct
968 2645 1049 2712 vitae
1075 2665 1167 2708 anno·

72 2765 130 2810 mm
153 2770 282 2814 numero
307 2749 485 2814 seutentiam
513 2757 726 2828 accesserunt,
754 2757 807 2814 aut
834 2753 939 2816 saltem
958 2773 1019 2816 uon
1042 2753 1169 2816 mtdtnm

73 2855 104 2916 ab
122 2877 155 2919 ea
171 2859 377 2922 recedendum
396 2877 463 2920 esse
483 2857 540 2919 rati
562 2865 640 2920 sunt.
681 2860 715 2920 ln
734 2858 852 2923 tertiam
874 2861 1002 2944 denique
1022 2860 1167 2942 recipian-

73 2969 115 3024 tur
134 2967 182 3049 qui
203 2968 266 3031 alio
294 2967 388 3030 modo
412 2965 493 3028 illius
516 2971 643 3027 aetatem
665 2967 848 3030 constituere
869 2975 1018 3034 tentarunt
1042 2977 1094 3032 aut
1116 2971 1167 3053 qui

73 3071 134 3136 licet
158 3097 235 3139 nova
256 3075 357 3157 aliqua
385 3074 545 3157 proposita
566 3077 749 3156 conjectura,
769 3083 868 3138 tamen
888 3085 981 3140 totam
1001 3099 1066 3140 rem
1084 3081 1169 3160 peni-

72 3181 123 3245 tius
142 3191 327 3265 pertractare
349 3183 521 3259 noluertmt,
551 3185 581 3243 et
605 3203 674 3246 cum
691 3184 737 3245 lus
756 3184 864 3266 reliqui
886 3205 999 3248 onmes.

143 3293 174 3354 ln
196 3294 296 3373 primo
321 3290 427 3354 ordine
454 3290 556 3353 locum
578 3291 637 3352 sibi
658 3291 810 3355 vindicant
832 3291 1054 3375 Hambergerus
1074 3313 1168 3374 opere

74 3399 115 3458 cui
140 3399 256 3463 titulus:
288 3397 516 3478 Zuverlaessigc
544 3398 747 3461 Nachriclrten
779 3419 840 3462 von
872 3401 931 3463 deu
958 3403 1170 3464 vomclunsten

73 3503 298 3570 Scinittstellcru
317 3525 389 3568 vom
402 3504 539 3587 Aulange
561 3506 616 3568 der
637 3507 721 3569 Welt
737 3507 784 3570 bis
807 3511 897 3586 1500,
918 3512 1068 3589 Lemgoae
1087 3509 1169 3572 edito

76 3613 146 3675 1756
174 3615 261 3677 Tom.
283 3615 305 3676 1.
334 3631 401 3693 pag.
431 3614 509 3687 190;
548 3615 682 3677 Ritterus
711 3616 820 3680 Gesen.
846 3617 901 3680 der
932 3617 1008 3680 Phil.
1038 3619 1124 3679 Tom.
1146 3618 1168 3679 1.

74 3737 132 3800 pag.
157 3723 234 3797 5613
263 3719 368 3784 Cliuto
386 3720 468 3784 Fast.
493 3721 568 3784 Heli
592 3743 660 3804 pag.
683 3723 1020 3806 dt.tra11sl.l<rncger.
1061 3723 1110 3785 Ad
1128 3724 1171 3785 nl-

74 3831 157 3890 tsram
184 3829 312 3892 classem
343 3827 495 3908 pertinent
523 3830 659 3910 Scaliger
688 3832 834 3894 animadv.
864 3833 903 3894 ad
922 3832 1033 3896 Euseb.
1057 3829 1169 3893 Cluen

75 3949 133 4012 pag.
156 3937 222 3999 109.
252 3937 342 3999 Thes.
370 3942 513 4017 tempor.;
547 3937 766 4019 Wesselingius
796 3939 897 4002 adnot.
916 3939 955 4001 ad
972 3939 1098 4002 Diodor.
1120 3939 1169 4002 lib.

76 4035 149 4118 xlv,
172 4047 226 4118 113
259 4043 437 4107 Meinersius
467 4045 577 4107 Gesclr.
602 4045 656 4107 der
677 4047 862 4111 Wissensclr.
884 4047 1011 4110 beiden
1035 4048 1088 4110 Gr.
1108 4045 1169 4108 und

76 4143 106 4205 R
133 4149 258 4214 'lomi
285 4172 314 4233 p.
337 4155 415 4226 mm
450 4153 597 4216 Corsiuns
625 4155 706 4218 Fast
732 4153 822 4218 Attio.
855 4157 941 4218 Tom.
968 4157 1015 4220 lll.
1046 4177 1075 4238 p.
1097 4155 1170 4230 1383
1262 4158 1266 4164 '

78 4251 220 4320 llarlesins
238 4259 276 4320 ad
302 4260 422 4322 Fabric.
455 4261 534 4325 Bibl.
561 4281 660 4343 graec.
687 4263 746 4326 vol
767 4263 801 4326 11.
834 4285 865 4346 p.
884 4267 962 4340 omn
991 4265 1115 4329 lonsius
1134 4263 1171 4326 de

908 4375 927 4435 2
