2938 4864
336 335 421 392 Liber
439 337 488 394 ΙΙΙ.
524 337 594 394 Aria.
612 337 647 392 ιιῦ
667 337 745 394 θαι.
767 355 810 410 op.
829 340 926 412 tragos.
1126 339 1190 407 327

76 527 141 568 esse
167 524 272 586 opere,
300 525 337 567 ex
366 525 428 586 quo
457 503 624 580 Stobaeus,
652 503 803 567 Antonius
832 507 954 571 Melissa
981 517 1012 573 et
1040 511 1188 574 Maximus

76 615 241 676 monachus
271 613 351 674 iraud
377 631 491 694 paucas
520 612 683 674 sententias
712 613 911 694 Pythagorae,
942 615 1089 694 Socratis,
1118 619 1187 681 Plu-

77 721 169 783 tarchi
195 721 384 803 aliorumque
409 719 579 782 nominibus
614 719 774 800 inscriptas
804 723 868 786 suis
897 725 1078 806 authologiis
1110 727 1187 790 inse-

76 839 200 892 ruerunt
227 829 280 908 (ci.
309 828 403 890 Orell.
425 829 550 910 praefat
574 827 613 890 ad
635 829 751 909 Opusc.
780 849 810 908 p.
842 831 912 912 Vli)
939 833 1098 913 probabile
1131 843 1186 912 est

75 937 241 1004 Democriti
261 956 372 1000 nomeu
390 937 518 999 tortasse
539 956 556 997 e
575 935 742 1017 scripturae
767 938 878 1002 mendo
899 947 1000 1004 ortum
1022 944 1104 1022 apud
1125 942 1187 1005 Αυ-

75 1046 191 1109 tortium
213 1053 244 1108 et
265 1045 427 1108 Maximum
449 1042 683 1124 expungendum
705 1064 780 1108 esse.

159 1157 188 1219 7.
233 1152 315 1218 Θεοῦ
339 1151 423 1222 οῖξιῦν
452 1173 487 1214 σε
511 1151 634 1234 ποιήσει
656 1153 689 1214 τῦ
712 1155 806 1236 μηδὲν
837 1153 958 1224 ἀνάξιον
979 1153 1074 1219 αὐτοῦ
1095 1158 1184 1240 προίε-

74 1283 145 1324 τειν.
189 1263 300 1326 Αυ1ου.
322 1269 353 1324 et
372 1262 451 1324 Max.
476 1281 507 1340 p.
527 1260 568 1323 35
586 1280 634 1340 ap.
655 1262 752 1327 Orell.
772 1283 802 1326 n.
828 1267 897 1328 195.
940 1264 1022 1326 Ηευυ
1039 1264 1186 1328 sententia

74 1391 143 1433 cum
165 1371 304 1432 doctriua
323 1368 518 1431 Democritea
539 1367 694 1431 conciliari
713 1391 775 1434 nou
799 1379 910 1454 potest.

157 1479 188 1541 8.
232 1473 340 1545 θῦτως
365 1481 463 1559 πειρῶ
494 1479 559 1557 ζῆν,
587 1477 630 1544 ὡς
657 1477 708 1540 καί
739 1478 841 1561 ῦλίηον
871 1479 922 1542 καί
950 1477 1047 1541 πολῦν
1073 1475 1184 1563 χρόνον

72 1583 273 1670 βιωσόμενος.
317 1585 429 1648 Autorr.
459 1591 490 1646 et
509 1585 589 1646 Max.
618 1606 646 1665 p.
670 1585 710 1648 35
732 1607 779 1666 ap.
803 1587 946 1650 Oreli.'n.
972 1590 1040 1650 135.
1083 1585 1185 1648 Ascri-

70 1692 204 1754 bendum
232 1699 279 1754 est
308 1694 367 1755 hoc
403 1692 624 1772 apophthegma
653 1694 761 1771 Bianti,
802 1704 835 1758 ut
865 1696 1063 1758 testificantur
1094 1693 1184 1773 Diog.

68 1805 170 1864 baert.
191 1800 213 1877 l,
233 1801 273 1862 87
295 1807 326 1862 et
344 1799 430 1863 Stob.
453 1799 538 1861 Flor.
560 1801 599 1875 V,
620 1803 670 1864 97.

156 1911 185 1970 9.
230 1905 292 1969 Δῦο
314 1905 453 1991 ἀφορμαί
481 1910 612 1970 κινοῦσιν
639 1907 802 1992 ἄνθρωπον
828 1909 870 1979 είς
894 1911 969 1974 θεοῦ
996 1907 1184 1992 ἐπιμέλειαν,

67 2016 201 2099 τιμωρία
223 2013 403 2099 δυσσεβείας
431 2015 482 2076 καὶ
512 2017 635 2100 ηνιίιμης
662 2015 811 2103 εῦοεβοῦς
840 2017 978 2102 ἀμοιβαί.
1023 2018 1132 2080 Anton.
1155 2021 1185 2078 et

67 2127 151 2188 ttlar.
174 2143 204 2204 p.
221 2124 260 2188 37
283 2122 365 2202 apud
385 2123 479 2185 Orell.
502 2143 531 2186 n.
551 2127 620 2186 127.

159 2234 206 2295 10.
247 2227 422 2314 Ἀ’ρῦρητος
456 2229 571 2312 γίνεται
605 2234 696 2296 κακία
733 2231 950 2315 ἐπαινουμένη.
1006 2231 1119 2295 Antou.
1154 2236 1184 2292 ot

66 2343 151 2404 Max.
173 2361 202 2420 p.
223 2340 262 2402 37
291 2359 338 2418 ap.
368 2339 462 2402 Orell.
490 2359 519 2402 n.
543 2343 611 2404 128.
661 2343 744 2404 Daec
773 2348 804 2403 et
831 2341 1017 2420 praecedens
1038 2339 1185 2404 sententia

68 2451 103 2512 ‘ur
120 2447 275 2510 nonnuliis
304 2446 401 2510 Codri.
431 2449 607 2525 Democriti,
636 2449 667 2510 iu
691 2449 757 2512 aliis
779 2449 865 2512 Sexti
885 2467 996 2510 nomeu
1018 2448 1184 2528 praefixum

71 2558 172 2620 habet.
221 2557 256 2620 Si
284 2561 411 2637 utraque
439 2554 536 2616 eidem
573 2555 756 2637 philosopho
793 2555 983 2620 attribuenda
1010 2561 1073 2630 est,
1100 2555 1184 2635 prior

71 2667 145 2726 satis
167 2665 292 2744 probat,
317 2673 453 2725 neutram
477 2665 644 2726 Democriti
665 2683 732 2726 esse
755 2683 857 2744 posse.
901 2645 1093 2726 iiurchardus
1112 2663 1183 2745 quid

71 2773 109 2834 de
131 2773 186 2834 mc
206 2792 240 2834 re
261 2779 412 2846 statueret,
434 2771 568 2848 nescivit,
591 2778 625 2833 ut
645 2771 697 2853 qui
706 2793 773 2852 pag.
797 2775 836 2835 10
852 2773 984 2854 priorem
1008 2772 1183 2833 senteutiam

73 2881 243 2942 Democriti
266 2901 332 2943 osse
354 2880 473 2956 dixerit,
491 2901 558 2961 pag.
578 2883 618 2943 55
642 2881 767 2942 eaudem
788 2881 832 2943 iiii
853 2879 1076 2960 abjudicaverit.

160 2991 208 3051 11.
253 2985 398 3072 Ιῖῦὶωβοῡ
431 2987 484 3055 τὰς
518 2987 680 3072 διαβολάς,
707 2986 762 3050 κᾶν
791 2988 916 3071 ψευδεῖς
943 2988 1035 3050 ὦσιν·
1071 2987 1101 3048 oi
1126 2985 1183 3068 γὰρ

72 3095 185 3157 πολλοὶ
206 3096 259 3178 τὴν
281 3097 335 3179 μὲν
355 3097 503 3178 ἀλήθειαν
530 3095 684 3177 αἰηνοοῦαι,
715 3097 791 3180 πρῦς
808 3095 843 3158 δὲ
865 3096 918 3178 τὴν
942 3093 1033 3163 δόξαν
1054 3091 1184 3178 ἀποβλέ-

70 3225 175 3266 πουσι.
225 3206 337 3268 Αιιίοιι.
365 3225 395 3284 p.
423 3208 482 3268 ‘tot
512 3227 560 3286 ep.
590 3204 684 3267 Orell.
716 3224 745 3266 n.
769 3205 838 3266 132.
887 3204 954 3267 Hoc
986 3204 1184 3283 fragmentum

70 3319 203 3374 sumtum
230 3321 276 3376 est
304 3311 338 3374 ἐκ
364 3317 424 3374 τῶν
457 3311 667 3395 Δημοκρίτου,
692 3309 874 3396 Ἐπικτήτου
904 3310 955 3374 καί
983 3309 1175 3392 Ἰσοκράτους

69 3423 139 3482 iloc
158 3421 231 3483 ioco
257 3420 406 3483 Antonius
438 3420 644 3484 Democritum
671 3421 736 3498 ejus
760 3425 917 3482 auctorem
940 3420 1020 3494 citat,
1042 3419 1096 3482 sed
1116 3441 1183 3500 pag.

71 3533 135 3590 ‘258
156 3549 225 3589 eum
244 3529 377 3592 Maximo
398 3535 553 3590 auctorem
574 3530 736 3591 Isocratem
754 3529 896 3604 nominat,
920 3529 969 3590 oui
992 3535 1022 3590 et
1033 3527 1184 3590 Stobaeus

72 3635 158 3698 Fior.
178 3637 311 3713 ΧΙ.ΙΙ,7
338 3635 450 3699 tribuit
503 3635 613 3717 Neque
635 3637 759 3716 injuria;
790 3643 888 3698 exstat
909 3636 988 3696 caim
1012 3636 1042 3696 in
1062 3639 1185 3697 isocrat.

72 3745 112 3804 ad
139 3744 295 3806 Demonic.
322 3745 442 3808 admon.
472 3747 579 3825 pag.5
608 3743 654 3808 ed.
683 3745 786 3826 Steph.
815 3745 939 3826 (papi
973 3743 1019 3806 ed.
1050 3745 1185 3818 Bekker3

71 3871 121 3932 ap.
144 3853 237 3916 Orell.
259 3851 374 3932 Opuse.
394 3852 419 3913 11
441 3873 470 3932 p.
489 3853 555 3933 tii).

160 3961 208 4020 12.
254 3955 291 4020 Et
317 3959 372 4041 μὲν
393 3956 430 4042 ἦν
451 3959 573 4041 μαθεῖν,
601 3957 621 4022 ἃ
646 3959 695 4020 δεῖ
715 3959 836 4032 παθεῖν,
861 3958 912 4020 καὶ
935 3961 976 4042 μὴ
996 3959 1114 4034 παθεῖν,
1135 3981 1185 4020 κα-

73 4065 128 4126 λὸν
151 4065 186 4127 τῦ
208 4065 332 4149 μαθεῖν·
363 4066 391 4128 εί
420 4067 455 4129 δὲ
482 4066 604 4144 παθεῖν,
629 4065 659 4128 τί
680 4066 730 4127 δεῖ
753 4065 881 4147 μαθεῖν;
902 4067 1012 4128 παθεῖν
1033 4065 1091 4148 γὰρ
1115 4067 1185 4151 χρή.

70 4171 184 4236 Auton.
213 4181 244 4238 et
267 4177 347 4240 Max.
371 4197 400 4258 p.
423 4177 494 4240 313.
548 4177 631 4238 liaeo
655 4193 717 4236 uon
749 4173 942 4236 Democritus
971 4173 1111 4254 scripsit,
1133 4175 1186 4236 sed

70 4279 123 4343 vol
144 4283 279 4363 sophista
299 4285 408 4368 aliquis
429 4285 477 4350 vei
500 4284 681 4369 sophisticae
702 4282 843 4346 dictionis
857 4289 983 4347 ametor.
1026 4283 1060 4344 lu
1073 4283 1188 4345 (iudico
