2984 4876
294 321 356 386 178
627 317 823 382 Quaestionum
849 314 1083 374 Democriteum

721 477 783 554 ssipi
807 477 973 552 imbopriuv.

376 603 427 664 75.
469 595 513 661 Τὸ
528 601 609 681 νιιιᾷν
628 595 719 660 αὐτὸν
738 597 847 661 ἑαυτὸν
865 602 973 660 πασῶν
987 599 1077 660 νικῶν
1089 599 1196 683 πρώτη
1214 598 1265 662 καὶ
1281 599 1406 684 ἀρίστη·

291 707 326 770 τὸ
349 705 384 768 δὲ
404 705 554 788 ἡττᾶσθαι
583 705 674 768 αὐτὸν
698 703 753 789 ὑφ’
779 705 910 786 ἑαυτοῦ,
936 702 1092 790 αἴσχιστόν
1120 727 1154 768 τε
1182 705 1233 768 καὶ
1252 707 1406 772 κάκιστον.

291 815 404 879 Anton.
423 834 456 895 p.
475 817 537 878 268
558 819 588 876 et
610 815 681 878 321.

376 933 427 996 76.
464 928 628 1014 Ἀνδρήϊος
647 929 708 1015 οὐχ
729 930 745 993 6
768 934 829 992 τῶν
846 929 1004 1013 πολεμίων
1026 927 1163 1014 κρατέων
1186 930 1292 1014 μόνον,
1321 932 1407 996 ἀλλὰ

290 1039 342 1104 καὶ
363 1039 459 1104 ὁτῶν
480 1037 619 1122 ἡδονέων
649 1036 799 1122 κρέσσων.
843 1039 930 1102 Stob.
950 1039 976 1100 F
977 1039 1035 1102 lor.
1056 1039 1121 1116 Vll,
1141 1041 1191 1102 26.

377 1158 427 1219 77.
471 1153 570 1240 Θυρῷ
590 1154 747 1240 μάχεσθαι
771 1155 826 1238 μὲν
847 1151 996 1240 χαλεπόν,
1016 1153 1127 1239 ἀνδρὸς
1156 1155 1191 1218 δὲ
1210 1156 1245 1220 τὸ
1264 1157 1408 1243 κρατέειν

292 1261 482 1346 εὐλογίστοο.
524 1264 612 1327 stou.
632 1263 716 1327 Flor.
738 1264 816 1342 XX,
839 1265 888 1326 56.

375 1373 426 1434 78.
463 1365 592 1452 Ἀλογοι
613 1375 674 1434 τῶν
695 1367 846 1440 ἀξονέτων
869 1370 901 1432 αἱ
923 1368 1054 1438 ἐλπίδας.
1081 1370 1408 1452 Stob.Flor.GX,19.

376 1481 426 1542 79.
465 1473 608 1546 Ἐλπῶστ
629 1477 741 1542 αἰτῶν
766 1476 845 1563 ὀρθὰ
867 1475 1058 1562 φρονεόντων
1082 1477 1209 1564 έφοιταί,
1233 1480 1265 1543 αἱ
1285 1481 1321 1544 δὲ
1340 1486 1408 1548 τῶν

293 1584 443 1660 ἀξονέτων
466 1583 622 1647 ἀδύνατοι.
666 1587 752 1650 Stob.
773 1587 856 1650 Flor.
877 1587 945 1664 CX,
970 1587 1017 1650 18.

375 1695 425 1758 80.
464 1689 595 1778 ’ἰατρικὴ
620 1693 675 1778 μὲν
699 1694 769 1778 γάρ,
791 1692 867 1756 κατὰ
887 1691 1086 1778 Ληρόκριτον,
1111 1696 1254 1780 σώματος
1273 1694 1411 1768 νούσους

291 1801 423 1880 ἀνέσται,
452 1799 545 1884 σοφίη
576 1799 611 1863 δὲ
635 1800 735 1886 ψυχὴν
757 1797 884 1864 παθέων
908 1798 1096 1885 ἀπαιρέεται.
1142 1801 1291 1867 Clemens.
1312 1803 1406 1870 Alex.

290 1909 419 1990 Puedug.
443 1908 495 1971 lib.
518 1910 531 1970 1
553 1929 620 1991 pag.
643 1910 681 1973 81
707 1911 754 1974 ed.
776 1908 859 1990 Sylb.

375 2019 425 2082 81.
469 2014 568 2101 Σοφίη
594 2014 735 2102 ἅῦαρβος
756 2017 823 2100 ἀξίη
845 2015 977 2098 πάντων,
999 2017 1164 2102 τιμιωτάτη
1185 2016 1292 2081 ἐοῦσα.
1314 2020 1408 2084 Stob.

290 2125 374 2190 Flor.
395 2127 445 2202 111,
466 2126 506 2189 34
529 2132 561 2187 et
578 2124 641 2202 vll,
663 2125 713 2188 80.

315 2253 319 2260 ·
375 2236 426 2298 82.
469 2231 510 2296 At
539 2231 611 2315 περί
636 2253 664 2294 τι
693 2229 826 2316 σφοδραὶ
856 2229 971 2316 ὀρέξας
992 2235 1143 2317 τυφλοῦσι
1169 2232 1407 2320 σίττᾶλλατὴν

290 2340 401 2426 ψυχήν.
443 2341 615 2404 Βοωοοται
636 2340 729 2404 Orell.
751 2360 781 2405 n.
806 2341 855 2403 37.

713 2633 752 2686 Do
778 2630 978 2696 cupiditatibus

373 2751 424 2812 75.
468 2750 509 2811 So
532 2749 631 2828 ipsum
650 2748 771 2811 vincere
799 2747 932 2811 omnium
953 2748 1146 2811 victoriarum
1165 2749 1263 2828 prims
1281 2755 1313 2814 ot
1331 2753 1409 2830 pul-

289 2857 455 2920 cherrimo:
478 2856 559 2920 vinci
573 2863 673 2918 autern
697 2875 761 2920 oso
778 2855 845 2937 ipso
863 2862 894 2918 ot
907 2856 1113 2937 turpissimum
1125 2863 1156 2919 et
1168 2857 1334 2938 pessimius
1346 2868 1407 2926 est.

372 2967 422 3027 76.
464 2963 567 3027 Fortis
590 2965 746 3026 habendus
773 2983 837 3025 non
867 2962 965 3025 solum
994 2964 1046 3047 qui
1068 2965 1169 3028 hostes
1188 2973 1320 3046 superat,
1345 2971 1409 3033 sed

236 3113 240 3120 -
288 3073 377 3136 etium
399 3071 452 3154 qui
472 3071 677 3153 voluptatibus
702 3070 845 3158 supprior
865 3075 919 3132 ost

371 3179 422 3242 77.
462 3179 595 3242 Difficile
617 3179 739 3262 quidem
760 3185 806 3242 est
828 3179 974 3242 adversus
996 3177 1072 3240 iram
1092 3198 1245 3260 pugnum
1263 3181 1322 3244 viri
1347 3203 1405 3248 au-

287 3292 347 3348 tem
370 3286 529 3367 prudentis
549 3307 586 3348 uo
608 3286 756 3348 moderati
776 3292 823 3348 est
841 3287 937 3368 ipsam
955 3285 1084 3350 vincere.

372 3397 422 3457 78.
464 3395 672 3476 Insipientium
695 3415 766 3475 spes
788 3403 910 3476 praeter
929 3394 1076 3457 rationem
1099 3399 1177 3458 sunt.

370 3504 420 3564 79.
463 3503 542 3584 Spes
564 3509 647 3566 recto
659 3502 839 3583 sapientium
858 3509 941 3566 rotae
962 3502 1027 3564 fieri
1040 3509 1177 3584 possunt,
1193 3501 1404 3582 insipientium

286 3628 360 3670 voro
382 3611 554 3672 necessario
576 3612 614 3673 od
636 3611 752 3674 irritum
773 3612 892 3675 cadunt.

369 3719 419 3780 80.
461 3713 611 3778 Medicina
627 3717 706 3780 enim
723 3718 779 3797 <uit
799 3712 1007 3798 Democritus)
1032 3717 1170 3780 medetur
1188 3717 1306 3782 morbis
1328 3739 1403 3785 oor-

284 3823 384 3902 poris:
407 3823 553 3904 sapientia
577 3831 676 3886 autom
693 3825 801 3887 liberat
821 3826 953 3888 animum
974 3845 991 3886 ιι
1010 3823 1298 3904 perturbationibus

369 3933 419 3994 81.
462 3931 617 4011 Sapientia
636 3953 713 4015 quae
740 3933 813 3994 nibil
835 3953 934 4017 noque
955 3931 1117 3994 admiratur
1138 3951 1237 4014 usque
1258 3933 1404 3997 reformi-

283 4038 341 4110 dat,
363 4038 462 4118 magni
483 4039 619 4101 socienda
641 4047 695 4116 ost,
718 4059 809 4122 quum
830 4041 954 4103 summis
979 4040 1146 4103 honoribus
1168 4039 1257 4120 dignu
1277 4042 1327 4103 sit

366 4146 416 4204 82.
459 4145 558 4208 Nimis
580 4149 771 4211 vehementes
793 4151 1001 4232 cujuscunque
1028 4149 1074 4210 roi
1094 4147 1245 4230 appetitus
1266 4149 1306 4210 ad
1328 4169 1401 4213 ouo-

280 4257 345 4312 tera
365 4252 496 4316 animum
518 4262 688 4317 ooosocout
