2938 4864
318 307 383 374 320
643 308 838 372 Quintinae!
865 308 1099 366 Democriteum

318 477 466 540 sortientia
484 476 580 538 exiret
599 474 644 537 sic
666 473 810 556 legendo:
842 471 948 559 Τίριον
980 475 1208 562 ὁλιγονροορίνη
1237 475 1325 560 σοφία
1340 473 1398 556 ὑπὲρ

320 585 411 656 δόξαν
438 582 614 668 ἀφροσύνης
643 581 789 666 μεγάλην.
834 585 942 646 Pluris
967 587 1163 650 eadmundo
1189 586 1334 668 sapienda
1353 579 1400 662 (vel

319 698 451 776 suprius,
472 694 654 756 abstractum
677 711 735 773 pro
757 693 917 773 concreto)
940 693 1013 756 lr'cet
1034 701 1187 756 conterrita
1200 695 1309 776 jaceat,
1328 707 1402 770 ρνονν

318 804 494 885 stupiditas,
511 807 665 880 quantum
686 801 759 862 lieet
778 800 819 860 rit
837 799 1000 863 honorata.
1052 801 1194 864 Ceterum
1215 803 1289 862 huno
1308 805 1403 860 senten·

319 911 401 987 tiam,
423 927 501 991 quoe
523 908 554 970 in
576 908 666 971 editis
686 907 884 984 desideretur,
903 907 956 970 uni
976 908 1122 972 debemus
1142 909 1251 972 Godlci
1263 899 1402 970 Palatino?

319 1018 513 1084 Burcherdus
533 1015 582 1078 hic
603 1023 690 1078 tecet.
730 1015 805 1078 Mihi
822 1015 896 1078 nihil
917 1015 1125 1079 videturesse
1146 1015 1331 1086 mutandum3
1353 1029 1404 1072 sen

319 1149 387 1192 eum
402 1125 481 1189 enim
496 1125 604 1186 horum
616 1125 780 1187 verbormn
797 1143 867 1186 eum
885 1143 952 1186 esse
970 1123 1110 1201 arbitror,
1126 1143 1217 1206 quem
1236 1123 1266 1185 in
1283 1122 1405 1198 interpre

319 1235 432 1300 tutione
455 1231 599 1312 expressi.

404 1343 475 1405 238.
517 1341 551 1400 ln
584 1339 661 1402 Cod.
686 1339 778 1402 Pelet.
810 1341 884 1402 hoec
911 1345 1027 1402 tontum
1047 1338 1206 1420 legimtur:
1240 1333 1406 1418 Ἀνίίρώσονς

319 1454 394 1514 πᾶσι
415 1470 452 1511 τοι
475 1492 633 1510 ......
656 1445 707 1510 τὸν
731 1445 848 1530 ἀγαθὸν
872 1447 923 1510 καὶ
946 1444 1075 1528 ἀληθές·
1096 1444 1156 1529 ἡδὶν
1180 1447 1216 1510 δὲ
1236 1442 1318 1527 ἄλλῳ
1335 1440 1404 1504 cillo·

320 1565 389 1641 Quo
408 1559 446 1618 de
464 1575 498 1617 re
520 1573 632 1634 operae
659 1556 789 1635 pretium
815 1555 872 1616 erit
901 1554 1009 1620 Orellii
1039 1555 1264 1618 adnotationem
1285 1551 1405 1628 integrm

320 1665 472 1728 exhihere.
522 1663 781 1742 „Corruptissimo
812 1664 886 1725 haec
910 1663 1018 1740 verba,
1044 1663 1157 1744 inquit,
1192 1661 1317 1746 quaein
1337 1652 1405 1717 edih's

320 1771 546 1845 desiderantur,
584 1777 723 1852 tenquem
752 1790 862 1833 novem
892 1769 1069 1832 sententiam
1102 1771 1210 1834 inserit
1236 1772 1264 1833 h.
1284 1769 1304 1831 l.
1321 1761 1405 1827 Codex

318 1877 410 1941 Pelet.
452 1877 526 1938 Post
552 1875 607 1952 τὰ,
637 1884 760 1940 notente
786 1878 854 1940 viro
880 1877 987 1955 docto,
1016 1878 1068 1960 qui
1095 1877 1183 1942 illum
1205 1879 1237 1940 in
1255 1893 1335 1938 meos
1349 1884 1405 1931 usu

319 1984 455 2061 contulit,
473 2001 592 2046 erasum
619 1983 700 2065 quid.
750 1987 924 2066 Legendum
951 1986 1104 2049 fortassis:
1128 1984 1334 2068 Ἀνθρώπονσι
1348 1971 1406 2038 πᾶσι

320 2090 455 2176 σεβαστοί
474 2089 537 2153 ἐστι
558 2092 592 2154 τὸ
616 2089 731 2172 ἀγαθὸν
754 2093 805 2154 καὶ
820 2092 951 2175 ἀληθές·
972 2093 1031 2177 ἡδὺ
1054 2094 1089 2156 δὲ
1114 2091 1203 2177 ἄλλῳ
1225 2090 1310 2154 ἄλλο.
1334 2078 1405 2164 Apud

319 2218 426 2263 omnes
444 2197 566 2281 quidem
587 2198 724 2262 homines
743 2201 773 2262 in
796 2202 913 2264 honore
934 2208 1004 2265 sunt
1025 2202 1139 2264 bonum
1158 2221 1196 2263 ac
1215 2219 1328 2264 verum:
1356 2209 1406 2272 grt-

318 2316 383 2372 tum
404 2314 504 2370 temen
525 2307 577 2368 dii
594 2307 685 2370 uliud.
722 2307 779 2370 Bei
801 2307 879 2371 allen
896 2311 1060 2374 Menschen
1082 2310 1163 2372 steht
1183 2328 1264 2371 zwer
1280 2307 1329 2366 das
1344 2301 1405 2362 Gult

317 2416 381 2480 und
400 2417 514 2478 Wehre
536 2415 679 2496 (Tugend
711 2416 773 2478 und
795 2419 967 2499 Wuhrheit)
998 2417 1029 2478 in
1058 2418 1141 2480 einer
1175 2417 1320 2498 gewissen
1344 2405 1406 2470 hoh-

317 2507 406 2604 tungr
428 2523 468 2586 im
489 2523 616 2602 librigen
639 2521 711 2585 eber
730 2522 805 2586 lieht
825 2524 879 2588 der
905 2528 972 2588 eine
994 2526 1066 2602 dies,
1089 2526 1145 2587 der
1162 2525 1257 2586 credre
1276 2506 1404 2584 mooted

317 2629 466 2713 Aequievi
487 2631 518 2692 in
540 2631 597 2692 huc
611 2629 719 2692 Orellii
742 2632 925 2711 conjecture,
941 2653 1001 2716 que
1024 2639 1124 2695 tamen
1143 2629 1316 2716 philosophi
1332 2621 1406 2688 verbe

317 2736 435 2800 restitui
454 2757 517 2801 non
539 2738 635 2800 ausim
659 2739 851 2804 contendere.

402 2845 474 2906 Pil.
517 2844 613 2908 Attuli
634 2853 730 2908 totum
753 2847 903 2910 Plutarchi
923 2846 1035 2924 locum,
1059 2865 1098 2910 ne
1121 2847 1159 2910 de
1185 2841 1406 2910 verborumne

316 2951 532 3016 mocriteorum
559 2973 651 3016 sensu
675 2954 737 3016 ulle
770 2954 916 3017 dubitatio
951 2960 1136 3018 nasceretur.
1183 2957 1301 3018 Initium
1321 2944 1407 3028 'Heu

317 3059 352 3122 δὲ
370 3082 399 3120 κ.
419 3081 444 3122 τ.
471 3061 498 3123 λ.
525 3080 622 3145 usque
651 3062 689 3122 nd
722 3061 859 3145 ὀνείρους
891 3079 928 3122 ex
955 3068 1046 3142 poete
1075 3064 1182 3126 nescio
1213 3083 1274 3147 quo
1303 3060 1406 3120 ductum

316 3186 384 3229 esse
407 3167 519 3232 indicio
544 3177 614 3232 suut
636 3175 666 3231 et
686 3188 792 3232 versus
814 3169 955 3232 heroicus
983 3177 1013 3232 et
1035 3171 1127 3233 dictio
1146 3171 1276 3252 poetice
1316 3163 1405 3243 Στερν·

315 3277 398 3354 πῆσς
431 3275 586 3355 epitheton
613 3276 738 3338 somniis
764 3297 826 3338 non
855 3274 943 3338 valde
969 3279 1233 3342 accommodatum
1261 3283 1352 3339 temen
1372 3267 1405 3326 ἰν]-

315 3386 426 3442 tectum
447 3378 629 3463 relinquere,
651 3403 739 3465 quem
764 3384 917 3465 corrigere
938 3385 1037 3448 malui.
1060 3419 1100 3433 -
1142 3381 1355 3463 Ἀπεπτοίορσεν
1372 3372 1405 3432 le·

315 3487 446 3568 gendum
465 3506 531 3551 esse
553 3511 611 3570 pro
634 3492 714 3570 vulg.
736 3489 922 3572 ἀπεπτοίησεν
952 3492 1091 3554 viderunt
1111 3492 1273 3571 Xylender
1292 3494 1320 3549 et
1336 3480 1404 3545 Reis

314 3594 392 3671 hius,
408 3615 485 3677 quae
497 3597 647 3678 scriptura
660 3606 689 3661 et
706 3599 794 3662 codd.
812 3597 1027 3661 nonnullorum
1039 3599 1217 3662 auctoritate
1231 3599 1404 3660 firmetur-

313 3703 347 3764 ln
367 3699 468 3766 verbis
496 3700 552 3764 νέοι
580 3703 631 3788 ἐφ’
659 3703 762 3790 ἡμέρῃ
788 3704 969 3790 στρέφοντες
990 3705 1087 3786 prime
1111 3725 1173 3768 vox
1195 3713 1300 3768 estex
1322 3709 1403 3760 emen

314 3809 436 3872 datione
455 3810 580 3888 Relskii,
602 3813 653 3894 qui
680 3819 762 3876 recte
786 3813 956 3894 repudiavit
978 3814 1059 3895 vulg.
1086 3811 1141 3896 νέᾳ
1165 3816 1336 3893 comparato
1355 3797 1402 3862 ell⁰

313 3917 466 3980 Plutarchi
483 3917 555 3981 loco
577 3920 739 4001 (convivul.
761 3919 837 4001 disp.
864 3920 916 3983 lib.
937 3921 1014 3998 Vlll,
1042 3942 1071 4002 p.
1099 3923 1160 3983 722
1182 3921 1228 3983 ed.
1247 3915 1336 3996 xy1.;
1354 3901 1401 3967 l'⁰¹·

313 4026 393 4101 Vlll,
423 4045 454 4106 p.
477 4027 540 4090 882
562 4028 609 4092 ed.
627 4027 745 4107 Reisk.)
777 4028 829 4090 ubi
856 4029 934 4090 idem
961 4027 1128 4092 Democriti
1154 4029 1267 4090 dictum
1294 4010 1402 4083 hunolt

312 4133 435 4194 modum
460 4133 583 4198 citetur:
609 4134 749 4218 καθάπερ
774 4135 808 4197 ἐκ
828 4133 1059 4217 παλιγγενεσίας
1076 4134 1130 4198 νέα
1153 4132 1205 4219 ἐρ’
1224 4128 1321 4214 ἡμέρῃ
1342 4136 1399 4204 ‘ill'

311 4236 441 4314 νέοντες,
465 4239 508 4308 ὥς
530 4263 606 4324 φησι
620 4239 818 4324 Δημόκριτος.
846 4243 890 4305 lto
908 4242 987 4304 enim
1008 4242 1101 4306 editio
1120 4238 1299 4306 Basileensis
1316 4228 1399 4293 hebet:

1344 4347 1399 4395 nem
