2932 4862
408 308 494 365 Liber
513 305 560 367 lv.
597 307 641 364 De
659 305 809 364 Democriti
826 307 945 379 pleciiia.
1169 309 1233 378 377

203 480 306 560 ipsum
325 479 413 542 inane
432 495 525 562 quum
544 473 617 539 illud
636 475 675 538 sit
695 475 725 537 iu
746 493 808 559 quo
828 473 902 536 nihil
926 475 1144 559 reportaturi),
1167 480 1232 558 ejue

120 586 281 667 proprium
302 607 339 648 ac
367 586 520 667 peculiare
549 592 611 661 est,
641 582 793 646 materiam
815 582 980 648 dividendo
1004 585 1233 650 continuitatem

121 693 229 756 tollere
243 691 282 776 ⁶).
325 694 380 756 Est
399 712 493 774 porro
515 691 672 766 inlinitum,
685 709 832 770 superans
850 693 1003 754 materiam
1021 694 1232 774 magnitudine,

120 803 162 864 ita
183 808 218 864 ut
239 801 464 886 quodammodo
485 799 568 862 aliud
588 817 701 878 corpus
723 798 755 859 in
773 797 860 860 eliam
881 798 929 862 sui
942 809 1058 880 partem
1076 812 1233 884 receptum

110 909 273 972 contineat
284 908 325 989 ⁶).
374 908 474 991 Atque
506 908 537 970 in
568 907 628 969 hoc
660 905 781 988 quidem
814 906 929 969 infinito
962 907 1043 970 inani
1075 911 1146 974 nihil
1174 933 1232 976 uec

118 1035 278 1094 summum,
303 1035 401 1099 neque
429 1015 577 1092 intimum,
604 1031 662 1076 nec
683 1013 826 1090 medium,
851 1033 950 1096 neque
968 1016 1113 1096 ultimum,
1134 1039 1232 1104 neque

118 1131 286 1188 extremum
313 1131 360 1188 est
380 1123 420 1205 ⁷).
470 1124 552 1186 Vere
586 1125 686 1184 autem
719 1139 786 1184 esse
816 1141 947 1187 vacuum
978 1125 1042 1188 sive
1074 1128 1161 1190 inane
1191 1129 1233 1191 ita

118 1231 259 1312 probavit
280 1233 461 1313 Leucippus,
483 1236 518 1293 ut
541 1247 610 1292 eum
636 1227 703 1292 aliis
722 1230 898 1309 sensilibus,
918 1239 981 1296 tum
1001 1235 1098 1299 motui
1116 1254 1232 1300 rerum-

117 1357 177 1422 que
198 1339 379 1402 multitudini
399 1341 554 1403 veritatem
573 1337 718 1400 tribueret
732 1356 828 1420 eaque
849 1339 914 1402 siue
934 1341 1015 1404 inani
1033 1351 1151 1407 exstme
1168 1365 1231 1409 non

116 1465 210 1527 posse
228 1447 423 1511 arbitraretur
434 1445 475 1528 ⁸).
518 1445 700 1510 Aocuratiue
713 1446 906 1511 Democritus
922 1450 1027 1541 eadem
1047 1452 1087 1515 de
1105 1455 1230 1516 materia

117 1645 171 1680 ιιονι
186 1630 268 1698 nupia
293 1637 331 1680 eat
354 1644 431 1696 ρααιιι
453 1643 505 1680 nora
526 1635 564 1678 eat
585 1627 690 1696 piratae
714 1625 811 1678 crimen
835 1627 964 1680 mendacis
989 1630 1095 1684 mimine
1115 1635 1229 1702 praeiet.

119 1711 302 1764 Democritum
329 1725 412 1776 porro
437 1710 551 1762 formula
577 1710 629 1762 hac
655 1709 776 1762 secundo
803 1722 885 1760 seusu
910 1725 989 1763 usum
1012 1727 1088 1780 esse,
1116 1721 1231 1770 testatur

119 1795 217 1846 Senius
238 1795 268 1856 ll,
284 1788 318 1843 6:
338 1789 369 1842 la
384 1793 432 1842 τοῦ
453 1787 484 1840 τὸ
504 1788 563 1858 pilu
580 1787 667 1842 rotata
688 1788 735 1857 plu
757 1785 859 1859 πικρόν,
884 1789 971 1843 τοῖσδε
986 1790 1067 1861 pinet
1086 1795 1232 1868 φαίνεσθαι,

118 1867 315 1943 ὁΔηρόαριτος
343 1869 394 1941 ῐφη
420 1870 485 1942 μήτι
509 1869 592 1939 γλυκὺ
617 1867 681 1922 clad
706 1867 787 1934 ιῐναι,
812 1868 878 1940 μήτι
899 1870 1000 1942 τιαρόν,
1027 1879 1154 1941 quoniam
1173 1882 1231 1934 aliia

119 1953 206 2016 dulce,
224 1953 282 2006 aliis
303 1955 343 2015 (ut
360 1955 486 2016 ictericis)
506 1953 558 2004 mel
576 1951 701 2002 rideatur
724 1964 861 2013 amarum,
883 1952 946 2005 hino
971 1967 1025 2006 non
1049 1960 1135 2023 magis
1152 1961 1230 2016 dulce

118 2047 200 2098 quam
217 2047 348 2096 amarum,
364 2035 416 2086 hec
437 2037 486 2096 eet,
504 2047 555 2086 nec
566 2035 645 2086 dulce
660 2045 712 2084 neo
732 2045 853 2082 amarum
873 2047 903 2084 re
919 2037 946 2084 et
966 2039 1061 2088 natura
1081 2054 1132 2091 sua
1149 2044 1233 2095 essc.”

115 2115 190 2166 liaeo
213 2115 262 2166 ille.
298 2117 335 2166 Ac
361 2119 469 2166 caetera
495 2115 603 2180 quidem
627 2126 697 2180 quae
724 2114 749 2162 in
780 2111 831 2162 hac
856 2113 1028 2170 adnotatione
1051 2119 1143 2172 ineunt
1167 2125 1229 2176 nolo

118 2197 282 2260 impugnare,
311 2194 361 2247 sed
390 2195 463 2260 quod
488 2195 525 2246 de
552 2194 704 2246 Democrito
730 2192 829 2243 dicitur
863 2193 957 2246 ialsurn
982 2203 1031 2250 eet
1079 2202 1147 2254 Nem
1167 2204 1231 2256 iicet

118 2277 199 2327 Sexto
220 2277 370 2338 credamus,
390 2276 472 2328 tuisse
498 2277 524 2325 in
542 2275 688 2326 Democriti
715 2271 844 2338 operibus
870 2275 944 2328 locos
962 2279 1059 2343 quihus
1078 2277 1108 2333 ad
1127 2281 1228 2349 pillea

117 2387 186 2400 —
202 2355 218 2427 ἢ
237 2357 384 2422 particulae
404 2354 572 2426 ἀναιρετικῶς
591 2357 785 2421 acciperentur,
806 2357 895 2406 tamen
912 2357 985 2410 harno
1005 2360 1182 2423 significatum
1202 2369 1228 2418 in

117 2453 180 2490 cum
198 2451 278 2504 quem
300 2451 333 2489 ex
351 2439 493 2490 Aristotele
511 2436 648 2488 attulimus
669 2435 766 2496 locum,
791 2435 813 2486 si
837 2437 977 2501 Stagirites
994 2439 1140 2494 Democriti
1160 2459 1228 2498 ver-

116 2520 159 2572 bie
181 2522 250 2570 illam
271 2520 433 2570 locutionem
451 2531 505 2569 non
523 2515 678 2578 immiscuit,
693 2516 743 2567 sed
762 2521 898 2580 repertam
921 2523 1041 2571 servavit
1061 2525 1159 2577 cadere
1175 2541 1228 2580 nou

118 2615 201 2666 poseo
220 2602 309 2666 liquet.
347 2599 451 2651 Etenim
471 2599 680 2662 haudquaquam
700 2597 727 2647 id
747 2599 880 2661 spectavit
897 2600 1074 2664 Democritus,
1093 2609 1122 2655 ut
1140 2621 1229 2674 neque

118 2697 167 2734 cns
184 2695 272 2748 neque
288 2693 342 2732 non
360 2695 408 2732 ena
429 2693 490 2734 esse
509 2679 638 2736 vinceret,
657 2677 707 2728 sed
726 2681 756 2728 ut
776 2681 921 2746 utrumque
941 2695 1002 2736 esse
1023 2682 1228 2742 demonstraret

118 2765 212 2830 ltaque
227 2763 340 2814 voculae
358 2763 417 2812 iliae
434 2755 545 2816 ὓιτιαῶς
562 2757 747 2822 intelligendae
764 2763 834 2812 suut

187 2856 211 2918 ⁴)
230 2856 337 2906 Aristot.
356 2853 434 2918 Phye.
455 2852 496 2914 w,
516 2849 547 2901 ⁷:
567 2846 643 2902 ιιανὸν
662 2845 737 2912 εἶναι,
761 2847 788 2903 le
810 2845 833 2923 qi
852 2848 933 2922 μηδέν
954 2851 1015 2907 lan.

189 2946 212 3009 ὅ)
229 2947 308 2998 Arist.
326 2947 403 3010 Phys.
425 2944 465 3006 lV,
479 2941 509 2994 fi:
530 2939 659 3009 διάστημα
678 2940 764 3013 Ιτιρον
781 2947 834 2996 τῶν
854 2945 985 3012 σωμάτων
998 2973 1067 2987 —-
1085 2946 1100 3002 d
1119 2949 1228 3021 διαλαμ-

116 3025 189 3096 βάνει
208 3023 238 3076 τὸ
258 3029 308 3076 πᾶν
328 3029 412 3092 σῶμα,
430 3020 494 3075 ὥστ’
518 3017 583 3074 εἶναι
604 3021 640 3092 μὴ
662 3023 779 3094 meapte,
805 3021 923 3098 ααθάτιρ
944 3024 1047 3096 λέγουσι
1065 3023 1228 3104 Δημόκριτος

115 3107 160 3160 καὶ
176 3103 336 3167 Λύκιαι-,ος
356 3105 401 3157 ubl
419 3105 452 3156 oi.
473 3104 623 3168 Simplicius
645 3102 687 3156 iol.
709 3103 765 3156 15⁸2.
799 3105 840 3159 Ad
865 3107 982 3158 eundem
1006 3109 1095 3162 locunt
1116 3113 1228 3165 Themi-

115 3189 184 3238 suus
203 3186 245 3237 lol.
265 3183 299 3238 io
315 3187 355 3238 b.:
382 3182 429 3236 tta
447 3181 529 3242 οὗτοι,
552 3185 644 3249 inquil,
664 3185 711 3254 τῆς
736 3181 836 3244 diocto:
860 3190 907 3239 τοῦ
930 3191 1008 3240 ιιινοῦ
1028 3188 1111 3256 τόποι,
1129 3191 1146 3263 ἡ
1164 3211 1227 3266 ταρ-

115 3261 243 3336 aordpdeu
259 3271 314 3324 τοῖς
332 3264 449 3334 empnam
468 3261 542 3322 oded.
561 3259 678 3335 ααθάιτιρ
696 3262 798 3334 λέγουσι
819 3264 980 3341 Δημόιιριτός
996 3287 1024 3321 τι
1050 3273 1095 3326 καὶ
1115 3269 1226 3328 liciata.

114 3364 163 3406 πος
182 3348 227 3399 καὶ
243 3344 317 3398 ἄλλοι
334 3343 428 3398 πολλοὶ
450 3345 495 3396 καὶ
515 3339 670 3418 Ἐπίκουρος
694 3342 799 3417 damper
824 3347 906 3411 (eirea
928 3351 976 3422 γὰρ
998 3351 1093 3414 πάντας
1116 3354 1163 3427 τὴν
1181 3359 1228 3408 τοῦ

114 3431 193 3480 arrad
219 3424 407 3498 napapnleaip
434 3423 564 3478 αἰτιῶνται
591 3429 638 3496 τῆς
660 3424 810 3498 decipletur:
832 3433 886 3480 τῶν
910 3431 1052 3497 σωμάτιον,
1079 3433 1134 3487 lari
1150 3433 1180 3486 τό
1199 3453 1228 3506 qt

114 3503 222 3576 ἀληθῶς
243 3507 349 3580 αοντχις
369 3505 511 3578 ἀδιαίριτον
533 3505 593 3558 κατ’
613 3505 718 3572 αὐτοὺς)
738 3507 755 3580 ἡ
774 3510 967 3582 καχωρισμένον
987 3513 1032 3564 καὶ
1049 3509 1145 3586 ἀθρόον
1164 3514 1228 3568 εἶναι

114 3585 180 3642 aad*
208 3586 271 3640 atet
297 3587 417 3660 περιέχον
439 3585 483 3639 τὸν
508 3585 629 3660 οὐρανόν,
655 3587 691 3648 ὡς
715 3587 839 3662 πρότερον
861 3591 908 3659 μιν
935 3587 1018 3663 ᾤοντο
1034 3599 1089 3648 τῶν
1109 3593 1227 3668 ἀρχαίων

115 3670 193 3728 τινος,
214 3669 280 3737 μετὰ
299 3667 327 3720 dl
343 3673 426 3721 ταῦτα
445 3667 468 3720 el
487 3669 544 3740 πιρὶ
565 3667 679 3740 Ζήνωνα
698 3667 743 3722 τὸν
761 3665 875 3724 Kanate.

187 3763 210 3826 ⁸)
232 3761 270 3816 ct.
290 3763 407 3827 simplic.
427 3761 462 3814 ad
480 3763 557 3826 Phys.
570 3762 621 3814 tol.
644 3760 699 3814 tlt.
712 3764 737 3816 b.

189 3853 211 3916 ²)
229 3855 281 3905 Cic.
298 3855 332 3906 de
352 3855 395 3904 tin.
419 3856 435 3916 l,
451 3851 476 3906 6.
513 3857 664 3919 Simplicius
683 3858 719 3909 ad
738 3859 845 3908 Aristot.
866 3858 901 3908 de
921 3857 996 3909 coele
1015 3856 1048 3908 iV
1070 3857 1111 3908 iol
1133 3854 1190 3910 165.
1202 3857 1227 3910 b.

116 3930 241 4000 darili-sta
262 3933 359 4000 μιταξὺ
386 3931 449 4006 πρὸς
469 3934 530 3992 τοὺς
557 3935 593 4006 μὴ
619 3935 772 4003 νομίζοντας
793 3935 858 3990 οἶνοί
874 3955 898 3988 τι
918 3936 944 3990 lv
963 3941 1000 4008 τῷ
1022 3933 1114 4006 κόσμῳ
1132 3934 1162 3988 τὸ
1180 3935 1228 4005 μὲν

118 4009 174 4064 ἄνια
193 4010 223 4064 τὸ
244 4011 273 4065 ti
298 4015 382 4068 adam.
424 4011 526 4086 Ταύτης
550 4015 578 4069 il
605 4015 723 4087 γιγόναοι
739 4021 784 4087 τῆς
805 4015 882 4086 δόξης
897 4014 1100 4090 Ἀναξίμανδρος
1121 4017 1169 4086 μιν
1185 4019 1230 4070 acal

115 4089 280 4164 Δημόαριτος
299 4093 341 4147 διὰ
360 4093 390 4146 τὸ
408 4093 512 4170 ἄτιιρον
534 4093 701 4151 ὺποτίθιοθαι
721 4096 751 4150 τὸ
770 4103 835 4150 πᾶν·
862 4095 889 4151 le
907 4098 955 4170 γὰρ
975 4101 1012 4170 τῷ
1034 4097 1131 4170 ἀπιίρῳ
1152 4097 1228 4152 οὐδέν

115 4174 184 4226 ἐστιν
204 4173 260 4226 ἅνω
279 4173 296 4246 ἢ
312 4177 386 4230 καίτοι
405 4173 493 4249 picra·
522 4175 577 4251 ὅροι
597 4177 744 4250 γάρτοῦτο
764 4181 809 4232 aral
826 4177 925 4251 alpurc
942 4178 1111 4238 οιαατάοιιος.

186 4257 210 4320 ΙΙ)
229 4257 266 4310 Cl.
283 4259 391 4310 Aristot.
410 4259 444 4310 (lo
460 4275 519 4324 gen.
539 4267 566 4312 et
579 4263 624 4312 int.
644 4263 661 4326 l,
682 4259 700 4312 8
718 4266 745 4315 et
763 4263 820 4316 Jolr.
839 4264 938 4330 Philop.
957 4265 992 4316 ad
1011 4265 1035 4316 tr.
1056 4261 1071 4313 l.
1091 4261 1132 4313 iol.
1151 4259 1228 4316 ddi).
