2892 4872
368 327 454 386 Liber
472 329 507 385 ll.
540 329 583 386 lla
601 331 753 390 Democriti
769 334 890 406 scriptia.
1126 339 1187 405 147

71 495 148 582 πρός
168 497 202 560 τό
232 497 310 582 θψος
337 494 512 582 αἰρομένης.
566 493 671 562 Ταῦτα
698 498 727 563 δ’
757 499 816 564 ὑπὸ
844 505 904 566 τῶν
935 501 1063 588 ἐτησίων
1094 503 1182 570 ἐλαό-

69 605 178 668 νεσθαι
199 605 306 691 μέχρις
327 603 363 668 ἂν
386 603 459 668 ότου
482 604 643 690 προσπέσῃ
666 611 730 676 τοῖς
752 609 902 692 μεγίστοις
920 609 1006 695 ὄρεσι
1025 615 1085 676 τῶν
1104 615 1183 678 κατὰ

66 713 121 796 τὴν
153 711 356 797 οἰκουμένην,
382 712 405 776 tl
432 732 523 799 φησιν
552 710 725 798 εἶναιπερὶ
752 715 805 798 την
834 713 1008 782 Αἰθιοπίαν.
1053 717 1181 785 Ἔπειτα

65 821 144 904 πρὸς
160 819 280 890 τούτοις
302 818 387 884 οὖσιν
411 820 542 906 ὑψηλοῖς
570 821 677 906 βιαίως
697 819 876 906 θραυόμενα
894 827 1105 910 παμμεγέθεις
1128 827 1180 913 ὄρ

65 930 160 1014 βρους
179 927 297 1013 γεννηῖν,
320 928 351 1000 ἐξ
374 929 417 992 ὧν
437 928 632 1013 πληροῦσθαι
652 931 703 994 τὸν
727 930 864 1014 ποταμόν
890 933 958 1013 (ie.
979 933 1030 997 τόν
1053 933 1180 1020 Νεῖλον)

66 1039 199 1120 μάλιστα
229 1037 308 1101 κατὰ
341 1038 395 1121 τὴν
428 1035 556 1120 ἐτησίων
593 1037 687 1122 ὥραν.
736 1039 874 1122 Denique
906 1042 989 1122 quod
1018 1043 1097 1107 liber
1129 1048 1181 1127 qui

62 1145 245 1230 γεωγραρίη
273 1146 493 1210 inscribebatur
519 1145 737 1210 mathematicis
761 1148 929 1210 Democriti
956 1150 1102 1230 operibus
1131 1153 1180 1216 hic

62 1255 288 1333 adnumeratur,
317 1255 348 1316 id
375 1254 470 1316 nolim
496 1253 542 1318 sic
568 1253 683 1336 accipi,
709 1261 744 1318 ut
770 1255 970 1336 philosophus
999 1258 1058 1322 hoc
1085 1278 1179 1340 opere

61 1361 281 1444 geographiam
312 1363 551 1426 mathematicam
573 1383 663 1446 quam
684 1362 776 1426 hodie
794 1383 947 1442 vocamus,
970 1366 1098 1428 maxime
1119 1374 1178 1430 tra-

60 1473 175 1536 didisse
205 1471 331 1535 dicatur.
383 1471 464 1534 Nam
491 1476 611 1534 veteres
641 1470 756 1534 incerta
788 1471 936 1534 sementia
964 1475 1178 1555 geographiam

59 1581 235 1642 rmieersam
268 1581 360 1642 modo
395 1579 609 1643 mathematicis
643 1577 810 1658 disciplinis
842 1578 935 1642 modo
968 1581 1178 1663 philosophiae

59 1688 273 1768 adjungebant
319 1689 401 1750 Inter
425 1706 480 1750 eos
509 1687 561 1771 qui
586 1686 839 1767 philosophorum
867 1705 935 1749 esse
957 1688 1040 1767 ajunt
1070 1689 1175 1753 orbem

58 1795 262 1876 contemplari
276 1815 313 1858 ac
334 1795 515 1874 describere,
536 1795 601 1876 ipse
615 1793 727 1858 Strabo
749 1800 796 1856 est
814 1793 917 1874 operis
938 1796 987 1858 sui
1005 1799 1174 1877 prooemio.

143 1905 202 1983 43)
224 1900 437 1988 Πολογραφίη.
481 1903 528 1966 Oi.
544 1902 669 1965 Salmas.
690 1902 832 1964 Exercilt
855 1901 980 1965 Plinian.
1003 1903 1034 1966 in
1054 1905 1089 1968 C.
1110 1909 1170 1972 Jul

57 2013 158 2078 Solini
179 2011 364 2091 Polyhistor.
385 2033 414 2093 p.
438 2013 509 2076 520.
523 2014 561 2073 l).
593 2009 663 2072 edit.
690 2008 844 2088 Ultraject.
875 2011 929 2071 'ln
961 2010 1091 2090 epistola
1111 2017 1172 2078 lle·

56 2122 190 2184 mocrito
214 2119 382 2200 supposita,
410 2141 500 2204 quam
528 2119 567 2183 ad
594 2117 810 2197 Hippocratem
832 2116 977 2197 scriptam
998 2138 1065 2182 esse
1088 2123 1174 2188 finxit

56 2239 168 2294 auctor
195 2230 282 2290 Tom.
304 2228 342 2290 lll
366 2245 451 2308 oper.
476 2226 622 2307 llippocr.
651 2244 719 2305 pag.
741 2224 802 2286 814
834 2225 882 2288 ed.
912 2226 1009 2289 Kiihn.
1034 2229 1108 2292 haec
1129 2231 1172 2294 le-

54 2345 187 2420 guntur:
221 2333 426 2419 έτυγχιίνομσν
454 2333 490 2396 δὲ
512 2330 581 2396 τότε
602 2331 672 2415 περὶ
695 2327 814 2414 κόσμου
834 2329 990 2401 διαθέσιος
1009 2335 1060 2397 καὶ
1080 2339 1171 2401 πολο-

52 2444 197 2531 γραφίης,
221 2439 266 2506 ἔτι
290 2443 324 2505 δὲ
345 2440 465 2526 ἄστρων
491 2439 641 2524 οὐρανίων
663 2439 892 2524 Ευγγροίφοντες.

142 2553 201 2634 44)
225 2547 473 2634 Ἀκτινογραφίη.
526 2551 692 2630 Magnenus
723 2567 791 2629 pag.
816 2549 865 2612 19.
885 2547 945 2610 sic:
988 2551 1172 2626 „Radiorum

52 2661 224 2742 descriptio
247 2659 310 2722 sive
331 2659 370 2720 de
391 2657 631 2738 projectionibus
654 2655 763 2737 opticis
784 2662 814 2718 et
836 2655 1028 2736 geometricis
1050 2664 1080 2720 et
1100 2680 1170 2740 pro

50 2770 219 2852 pagatione
238 2766 385 2832 linearum
403 2763 622 2848 physicarum.”
654 2764 732 2827 Vide
745 2764 894 2844 Kluegelii
914 2763 1115 2830 additamenta
1131 2770 1170 2832 ad

50 2876 206 2955 l'rlestleji
227 2875 384 2941 historiam
405 2877 522 2956 optices
542 2893 610 2955 pag.
629 2873 679 2935 95.

428 3073 478 3130 E·
513 3071 646 3124 SCRIPTA
670 3071 797 3122 hlUSlCh.

137 3193 222 3255 llaec
243 3209 305 3252 nou
330 3189 422 3251 modo
447 3187 486 3250 ad
500 3187 654 3265 musicam,
669 3205 758 3269 quam
779 3183 871 3266 vulgo
893 3201 1046 3262 vocamus,
1061 3187 1116 3251 sed
1129 3189 1169 3253 ad

52 3298 281 3381 grammaticam
299 3315 432 3381 quoque,
451 3296 559 3377 poesin
581 3301 613 3358 et
633 3294 707 3358 aliae
728 3294 873 3374 ingenuas
884 3298 965 3354 artes
977 3291 1063 3375 (τοὺς
1083 3293 1167 3378 ἐγκυ-

52 3406 159 3474 κλίους
181 3404 307 3488 λόγους)
329 3411 475 3487 spectant.
518 3403 565 3467 Cf.
578 3405 712 3466 Wower.
736 3400 940 3482 polymathiae
961 3422 1026 3482 cap.
1046 3403 1167 3468 XXIV.

139 3515 210 3578 Xll.
250 3515 307 3593 45)
337 3509 413 3596 Περὶ
442 3509 567 3598 ῥυθμῶν
597 3511 648 3573 καὶ
677 3508 832 3594 ἁρμονίης.
882 3511 1026 3573 Fortasse
1053 3531 1170 3592 ponen-

51 3621 126 3682 dum
147 3626 213 3684 erat
237 3618 370 3704 ῥυσμῶν,
400 3619 484 3704 quod
505 3620 561 3682 hac
590 3619 688 3681 iorma
707 3619 902 3682 Democritus
923 3617 968 3681 uti
986 3617 1075 3698 solet,
1096 3620 1168 3704 σχή-

52 3748 138 3812 ματα
165 3747 269 3790 rerum
291 3727 461 3808 designans.
513 3727 576 3791 Sed
603 3726 745 3809 quoniam
773 3726 823 3789 hic
848 3725 925 3788 alius
953 3732 1000 3789 est
1027 3726 1168 3790 vocabuli

50 3853 172 3913 sensus,
194 3835 247 3917 qui
269 3835 307 3898 ad
320 3835 428 3916 poesin
448 3836 587 3913 refertur,
607 3833 749 3896 codicum
766 3833 948 3914 scripturam
966 3835 1053 3920 sequi
1068 3835 1168 3898 malui.

138 3943 195 4023 46)
220 3937 296 4024 llepl
316 3941 467 4024 ποίησιος.
509 3942 557 4003 Ex
583 3943 643 4004 hoc
664 3941 744 4002 libro
765 3939 923 4021 depromta
944 3940 1085 4004 videntur
1107 3944 1168 4003 De-

50 4049 175 4112 mocriti
198 4048 292 4113 verba
310 4069 358 4129 ap.
381 4047 527 4112 (ilement.
550 4047 637 4112 Alex.
654 4055 758 4112 strom.
772 4049 822 4110 vl
846 4065 914 4128 pag.
925 4049 988 4110 698
1010 4049 1093 4130 (pag.
1105 4051 1166 4112 827

50 4155 98 4216 ed.
122 4157 261 4237 Peter),
292 4155 402 4238 quibos
426 4158 594 4220 secundum
617 4157 720 4220 locum
741 4154 819 4219 inter
839 4157 1004 4236 fragmenta
1026 4156 1102 4220 varii
1122 4176 1169 4218 ar-

49 4263 186 4341 gumenti
209 4262 425 4328 concessimus.

881 4371 920 4433 10
942 4369 964 4413 ὓ
