2892 4872
232 313 276 378 80
562 311 759 374 Quaestionum
780 307 1013 363 Democriteum

236 481 388 544 hominem
417 479 562 560 sapientia
590 485 621 542 et
649 476 818 541 eruditione
840 482 1041 557 praestantem
1066 475 1170 552 adiret,
1197 475 1356 538 Abderam

229 566 268 653 'se
288 589 407 652 venisse
429 586 594 666 respondit
641 585 714 648 Post
735 587 810 648 haec
831 583 1030 664 philosophus
1056 582 1259 648 Abderitanus
1282 606 1354 648 cum

235 697 421 778 Hippocrate
439 693 648 775 longissimum
670 693 708 754 de
727 693 881 758 hominum
903 691 1062 767 dementia,
1084 690 1216 768 stultitia,
1236 693 1355 756 insania

235 804 422 886 colloquium
457 803 559 880 seruit,
592 821 653 884 quo
687 801 766 864 risus
801 801 848 864 sui
874 800 923 862 vel
952 819 969 860 a
996 799 1133 880 principe
1162 801 1354 864 medicorum

236 912 321 976 initio
342 913 517 993 reprehensi
538 931 660 974 causam
683 909 835 990 explicuit
877 909 1000 991 Quippe
1024 907 1172 970 homiuem
1195 927 1229 970 se
1251 909 1355 972 ridere

238 1020 386 1082 dementia
417 1022 575 1096 refertum,
603 1025 687 1080 recte
714 1016 802 1098 sactis
823 1035 967 1094 vacuum,
994 1017 1023 1076 iu
1052 1015 1191 1079 omnibns
1215 1017 1353 1080 consiliis

236 1129 394 1210 pueriliter
414 1149 451 1191 ac
472 1128 563 1192 stulte
584 1147 617 1190 se
639 1130 801 1206 gerentem,
821 1123 932 1186 nullius
947 1123 1082 1187 utilitatis
1102 1125 1200 1205 gratia
1220 1126 1354 1188 infinitos

236 1237 359 1301 labores
387 1235 586 1298 enuntiantem
613 1235 709 1296 libere
747 1232 904 1312 protessus
933 1238 979 1295 est
1020 1253 1144 1316 eamque
1173 1233 1353 1296 sententiam

236 1345 375 1427 plurimis
401 1343 548 1425 exemplis
582 1363 620 1404 ex
645 1351 752 1404 rerum·
779 1359 853 1416 usu,
887 1340 1068 1422 quotidianis
1097 1343 1176 1404 vitae
1205 1342 1354 1404 humanae

236 1455 365 1534 negotiis
383 1461 472 1536 atque
493 1453 531 1514 ab
553 1471 589 1514 ea
610 1469 699 1534 quam
724 1448 860 1531 plerique
881 1449 1023 1512 mortales
1044 1457 1213 1533 sequuntur
1232 1449 1355 1512 urendi

237 1561 355 1624 ratione
391 1561 490 1642 petitis
518 1559 684 1622 illustravit
731 1557 871 1639 Denique
899 1557 1020 1634 rejectis
1047 1577 1246 1640 quaecunque
1268 1557 1356 1636 obje-

238 1674 321 1732 cerat
341 1669 554 1749 Hippocrates
580 1673 827 1748 argumentorum
852 1665 988 1744 pondere
1012 1685 1101 1728 suum
1128 1666 1276 1728 derebus
1298 1666 1355 1726 hu-

238 1776 332 1837 manis
347 1775 495 1853 judicium
518 1774 597 1836 tueri
619 1781 746 1837 conatus
766 1779 821 1836 est
870 1772 970 1834 Finito
998 1791 1138 1835 sermone
1156 1771 1355 1836 Democritus

237 1882 323 1964 quasi
344 1880 450 1944 relicta
480 1880 582 1960 priore
606 1882 704 1945 forma
727 1883 765 1944 ad
788 1882 913 1944 deorum
935 1880 1160 1942 similitudinem
1184 1881 1354 1944 accessisse

236 1988 414 2070 Hippocrati
434 1987 601 2052 videbatur.
644 1989 673 2052 ls
701 1990 876 2071 philosophi
904 1991 993 2070 hujus
1014 1989 1163 2052 beneficio
1187 1989 1296 2066 multis,
1319 1997 1357 2052 ut

236 2097 343 2176 aiebat,
367 2095 530 2176 sapientiae
553 2097 724 2178 praeceptis
744 2099 878 2180 repletus
900 2097 1084 2178 amplissima
1111 2115 1144 2158 se
1166 2097 1357 2178 hospitalita-

236 2205 275 2268 tis
298 2222 422 2267 munera
443 2204 473 2266 in
494 2205 621 2286 patriam
642 2214 801 2286 reportare
825 2213 908 2270 ratus
929 2214 984 2268 est
1026 2206 1231 2287 Quamobrem
1250 2225 1268 2266 a
1290 2209 1356 2271 De-

236 2312 382 2390 mocrito,
412 2312 584 2393 perspicaci
608 2319 734 2376 naturae
761 2316 908 2378 humanae
934 2313 1162 2394 investigatore,
1192 2313 1355 2376 discedens

236 2440 311 2502 prae
332 2439 366 2482 se
389 2421 468 2482 ferre
490 2441 553 2482 uon
579 2421 732 2498 dubitavit,
762 2442 796 2484 se
826 2421 906 2484 illius
934 2420 1058 2483 laudum
1078 2441 1261 2501 praeconem
1281 2443 1357 2502 pcr-

235 2535 330 2610 petuo
353 2547 420 2591 esse
443 2529 585 2592 futurum.
626 2531 705 2590 Tum
734 2530 937 2611 Hippocrates
959 2529 1051 2592 citato
1072 2530 1168 2609 gradu
1192 2530 1231 2592 ad
1248 2527 1358 2593 Abde-

236 2637 309 2700 ritas
329 2637 380 2720 qni
400 2636 483 2698 velut
503 2637 534 2698 iu
555 2636 680 2717 specula
701 2637 794 2718 positi
814 2638 914 2719 ipsum
943 2637 1180 2718 opperiebantur
1208 2657 1358 2703 reversus
1444 2673 1445 2680 1

236 2765 358 2826 magnas
383 2744 442 2806 illis
472 2763 531 2824 pro
555 2743 706 2824 legatione
735 2765 824 2827 quam
850 2745 943 2808 adse
965 2744 1122 2821 misissent,
1145 2745 1256 2826 gratias
1278 2747 1356 2828 egit,

236 2852 445 2914 Democritum
466 2851 720 2931 sapientissimum
740 2871 806 2916 esse
829 2853 927 2916 virum
956 2858 1091 2932 testatis,
1116 2854 1168 2935 qui
1191 2853 1275 2916 solus
1298 2855 1359 2917 ho-

236 2959 365 3020 minibus
389 2959 555 3038 prudenter
575 2959 683 3038 agendi
703 2960 767 3022 vias
788 2969 955 3024 monstrare
977 2967 1090 3040 posset
1133 2963 1216 3024 llaec
1233 2962 1300 3024 iere
1321 2963 1360 3026 in
1443 2939 1444 2954 ¹

235 3063 343 3127 litteris
385 3065 423 3126 ad
456 3067 654 3146 Damagetum
692 3066 813 3148 scriptis
840 3068 990 3150 leguntur.
1040 3068 1166 3130 Restant
1198 3057 1275 3131 duae
1298 3069 1359 3152 ³⁶)

237 3171 384 3251 epistolae
414 3193 487 3256 quas
507 3179 579 3253 post
600 3173 732 3236 habitum
754 3175 829 3238 illud
851 3176 929 3240 inter
950 3177 1158 3238 Democritum
1187 3184 1217 3240 et
1234 3178 1361 3260 Hippo-

236 3284 350 3341 cratem
370 3280 558 3362 colloquium
585 3283 769 3363 ccmpositas
796 3303 864 3346 csse
893 3283 1026 3364 scriptor
1049 3284 1142 3346 tinxit.
1186 3287 1220 3347 ln
1238 3285 1285 3348 his
1308 3288 1359 3352 in-

237 3385 321 3446 sania
342 3385 379 3446 ab
404 3386 559 3450 Abderitis
586 3389 764 3452 Democrito
793 3391 905 3454 tributa
933 3391 1064 3453 breviter
1086 3401 1357 3460 commemoratur.

236 3492 298 3554 Sed
321 3511 422 3554 carum
445 3493 640 3572 epistolarum
656 3503 874 3576 argumentum,
899 3499 982 3579 quod
1007 3497 1211 3578 adpraesens
1234 3501 1360 3565 institu-

237 3603 300 3660 tum
318 3597 416 3658 nunus
438 3602 698 3665 accommodatum
715 3611 773 3681 est,
797 3605 856 3668 hoc
877 3605 948 3668 loco
971 3607 1085 3668 reterre
1105 3610 1358 3688 supersedemus

236 3704 374 3786 Denique
394 3706 590 3787 aproposito
612 3709 726 3780 alienae
746 3718 816 3774 sunt
834 3710 1012 3793 litterae³⁷)
1041 3733 1117 3796 quas
1147 3716 1362 3798 Hippocrates

1312 3824 1360 3887 de

308 4009 347 4072 ³⁸)
366 4023 424 4075 pag.
447 4007 514 4062 taso
535 4013 608 4062 Tom.
627 4008 649 4065 ll
670 4015 711 4065 ed.
730 4015 804 4068 Foes.
833 4017 900 4082 (pag.
921 4015 971 4068 811
999 4019 1071 4069 Tom.
1091 4013 1125 4070 lll
1143 4019 1185 4072 ad.
1204 4019 1301 4081 littbn.)
1328 4027 1363 4076 et

236 4102 287 4154 pag
317 4087 383 4140 1287
401 4093 473 4142 Tom.
491 4088 514 4144 ll
533 4093 574 4144 ed
594 4095 668 4146 Focs.
687 4097 755 4160 (pag.
775 4095 827 4148 818
849 4099 922 4149 Tom.
940 4093 974 4150 lll
994 4099 1035 4150 cd.
1053 4099 1147 4162 lltlbn.)

304 4191 344 4251 ⁸⁷)
364 4205 422 4256 pag.
443 4189 510 4243 1287
531 4195 605 4244 Torn.
626 4189 646 4245 ll
672 4196 714 4247 ed.
733 4197 806 4249 Foes.
833 4199 902 4262 (pag.
920 4195 972 4249 819
999 4200 1072 4250 Tom.
1090 4194 1124 4251 lll
1148 4199 1189 4252 ed.
1209 4197 1307 4264 lltlbn.)
1327 4208 1363 4255 et

234 4283 295 4336 pag.
314 4269 385 4324 1288
402 4273 475 4325 lom.
491 4268 514 4326 ll
530 4275 571 4326 ed.
590 4275 665 4328 l'oes.
685 4279 754 4342 (pag.
772 4273 824 4328 828
844 4279 916 4330 Tam.
933 4273 966 4331 lll
986 4281 1027 4332 ed.
1044 4281 1138 4344 liuba.)
