2938 4864
253 317 316 383 284
583 317 780 381 Quauttomrn
798 316 1033 376 Dcnoerltacrma

254 488 413 568 ergreil'en,
441 487 575 550 sondern
604 485 670 547 also
698 486 752 548 aul
778 487 843 549 sich
870 487 985 564 aetiten,
1014 485 1088 563 dass,
1120 507 1206 548 nemi
1228 488 1289 548 ihm
1311 489 1365 548 der

255 595 354 656 anull
374 595 494 675 (irgend
518 593 566 656 ein
592 593 897 676 Lebensverhltltnils)
919 603 1012 656 covus
1032 594 1179 660 darbietet
1199 595 1291 674 (oder
1315 615 1365 656 zu-

255 704 383 783 muthet)
413 704 475 766 mm
503 721 537 766 es
565 703 609 782 (d.
628 703 657 765 h.
689 702 737 764 die
769 702 924 766 Ammhme
952 701 1125 782 desselben)
1149 703 1216 764 dem
1237 703 1365 766 Scheine

255 813 332 874 nach
355 812 450 874 selbst
472 811 519 873 bis
546 831 602 874 zur
631 811 897 892 Nothwondigkeit
921 810 1060 889 steigert,
1089 831 1124 873 er
1154 833 1188 874 es
1206 813 1284 874 doch
1303 831 1364 872 von

255 920 319 982 sloh
339 920 406 1000 lege
421 920 482 982 und
503 919 567 982 sich
591 917 674 980 nicht
695 919 748 980 mit
766 920 851 981 mehr
870 919 997 994 belasse,
1020 918 1066 981 els
1089 919 1157 980 dem
1179 919 1364 999 moglioheru

255 1028 335 1090 dem
357 1027 406 1090 die
427 1035 499 1108 gnte
518 1029 618 1090 Messe
645 1026 683 1089 ist
709 1027 826 1089 sichrer
853 1027 897 1089 uls
917 1026 967 1088 die
988 1029 1090 1108 grosse
1111 1025 1236 1090 Masse.”
1278 1027 1364 1086 tlunc

256 1155 377 1218 quoque
405 1141 489 1216 patet
512 1135 605 1196 verba
634 1134 713 1196 ὥστε
742 1133 793 1195 καὶ
822 1138 875 1217 τῆς
903 1133 997 1219 τύχης
1027 1133 1051 1196 ἐ.
1080 1159 1107 1198 ιι.
1128 1133 1154 1198 ὲ.
1185 1135 1213 1195 δ.
1239 1133 1267 1195 ὑ.
1288 1155 1313 1194 τ.
1337 1131 1362 1192 ὃ.

255 1263 316 1306 non
346 1244 419 1306 satis
448 1243 631 1324 percepisse.
685 1243 739 1304 Est
770 1263 843 1306 vero
884 1241 1094 1326 ἐπιβάλλοοσα
1122 1243 1200 1326 τύχη
1220 1242 1364 1320 fortuna

255 1352 398 1413 maerens
417 1351 466 1414 vel
492 1350 616 1432 proprie
635 1350 779 1433 fortuna
799 1370 877 1429 prmo
898 1345 983 1411 nobis
1000 1353 1163 1431 contingit.
1206 1351 1285 1412 Nem
1306 1348 1363 1410 ἐπι·
1463 1367 1464 1408 1

257 1456 380 1542 βάλλειν
402 1477 620 1538 saepenumero
644 1444 827 1519 intransitive
848 1456 909 1519 dici
931 1477 989 1538 pro
1011 1479 1049 1520 eo
1072 1458 1156 1540 quod
1182 1465 1228 1520 est
1249 1459 1366 1518 contin·

252 1585 334 1644 gere,
356 1568 483 1644 wenr're,
506 1568 551 1628 ud
570 1569 705 1648 aliquem
730 1568 886 1645 pertzirerc
910 1565 1115 1648 imprimisque
1144 1567 1178 1628 τὸ
1202 1565 1365 1648 ἐπιβάλλον

257 1670 351 1754 μέρος
369 1675 408 1736 de
426 1681 500 1736 rota
517 1684 613 1755 parte
641 1674 741 1754 accipi
763 1679 834 1734 nota
856 1693 904 1735 res
928 1681 981 1734 est.
1025 1675 1071 1736 Cl.
1094 1673 1232 1753 exemplu
1250 1693 1287 1734 ex
1309 1675 1366 1735 llo·
1463 1677 1464 1698 ³

256 1780 376 1856 rodoto,
388 1784 593 1846 Demosthene
608 1783 735 1864 aliisque
753 1781 879 1862 allegata
898 1780 928 1841 in
940 1782 1045 1862 Steph.
1058 1765 1147 1845 Thes.
1160 1780 1179 1842 l.
1201 1801 1245 1861 gr.
1260 1781 1321 1844 vol.
1331 1783 1365 1844 lll
1463 1761 1464 1768 ἵ

256 1889 315 1952 col.
331 1893 410 1952 1526
424 1905 455 1952 et
468 1893 547 1953 1527
570 1891 617 1952 ed.
634 1889 724 1952 Dind.
769 1891 929 1952 Praetereo
949 1887 1066 1950 δοκέειν
1086 1890 1217 1969 pertinet
1237 1890 1275 1950 ml
1297 1891 1364 1952 δέον

256 1997 316 2059 hoc
342 2017 451 2060 sensu:
480 2000 576 2080 speeie
596 2001 810 2076 messorium,
839 1996 887 2058 vel
910 1997 993 2076 quod
1011 1999 1213 2058 necessarium
1237 2001 1364 2061 videtur.

257 2103 436 2168 cinerat.
457 2105 479 2184 1,
504 2109 572 2170 172.
608 2104 841 2191 ΙΙροςοὶπτεοθαι
861 2125 919 2185 pro
941 2105 1075 2185 genitivo
1094 2105 1142 2167 hic
1165 2109 1366 2170 accusativum

255 2213 383 2290 asciscit,
401 2221 434 2276 ut
463 2211 655 2297 ἐφάπτεσθαι
683 2237 730 2294 ap.
764 2214 929 2288 Plutonem,
958 2211 1106 2293 θιγγάνειν
1127 2214 1207 2293 apud
1228 2215 1365 2278 Archilo-

256 2321 352 2382 chum.
397 2320 466 2382 Vid.
498 2322 665 2384 Bemhardi
695 2323 842 2404 Syntaxin
871 2321 942 2401 ling.
971 2339 1016 2400 gr.
1039 2341 1105 2402 pag.
1132 2323 1200 2384 me.
1242 2325 1366 2406 Reliqua

256 2429 411 2511 quomodo
434 2429 628 2510 intelligenda
647 2431 720 2506 sint,
743 2428 1046 2509 exinterpretatione
1071 2450 1138 2491 mea
1156 2429 1272 2512 liquere
1291 2433 1367 2494 arbi-

255 2545 330 2598 tror.
373 2539 534 2599 Caeterum
560 2537 642 2618 quod
665 2540 703 2600 ad
728 2539 824 2620 ipsam
846 2539 1023 2601 sententiam
1045 2539 1158 2614 attinet,
1180 2539 1289 2601 similia
1309 2543 1366 2603 De-

256 2646 385 2707 mocrito
406 2644 527 2724 saepius
555 2646 683 2724 protulit
713 2648 883 2728 Euripides.
936 2649 983 2710 (ll.
1014 2647 1183 2708 Valckenar
1198 2649 1249 2707 ‘acl
1276 2649 1365 2728 llipp.

254 2773 285 2832 p.
306 2755 368 2816 248
395 2760 425 2815 et
453 2754 580 2817 Diatrib.
608 2775 638 2834 p.
660 2757 710 2818 8⁴2.
761 2757 848 2819 lluno
877 2756 955 2817 enim
987 2765 1108 2834 poetam
1140 2775 1208 2816 cum
1238 2755 1366 2818 aliorum

257 2859 508 2942 philosophorum
535 2869 598 2924 tum
628 2864 797 2926 Democriti
827 2863 940 2944 scripta
968 2863 1121 2925 lectitasse
1145 2881 1208 2924 uon
1227 2881 1304 2924 vana
1323 2873 1367 2926 est

255 2971 438 3048 conjectura.
490 2971 618 3032 Constat
653 2971 741 3033 etiam
773 2993 792 3033 a
820 2971 922 3034 multis
952 2970 1156 3052 posteriorum
1183 2970 1366 3051 scriptorum

255 3076 314 3138 hoc
338 3077 506 3139 Democriti
528 3077 640 3138 dictum
661 3078 846 3142 celebratum
866 3099 945 3158 esse,
967 3079 1021 3140 sed
1040 3080 1147 3140 horum
1168 3078 1302 3140 omnium
1325 3080 1367 3141 lo-

255 3203 310 3246 cos
329 3183 396 3246 aliis
424 3183 615 3264 colligendos
641 3185 789 3266 relinquo.
839 3188 885 3249 Ol.
916 3195 1016 3250 taumn
1038 3207 1114 3268 quae
1135 3187 1309 3267 supradixi
1331 3189 1367 3248 de

253 3290 333 3352 libro
356 3291 424 3373 περὶ
447 3289 605 3375 εὐθυμίης.
650 3294 737 3354 Adde
751 3315 828 3376 quae
843 3297 880 3356 ml
895 3295 1116 3356 defendendum
1142 3295 1200 3355 hoc
1221 3296 1367 3375 fragmen-

254 3404 316 3461 tum
339 3400 696 3464 adversushleinersium
716 3402 841 3465 cimbis
865 3403 1016 3484 disputata
1037 3402 1157 3466 suntin
1181 3404 1368 3483 praelatione

254 3507 295 3568 ad
318 3509 484 3587 fragmento
504 3509 615 3588 spuria.

342 3617 394 3679 93.
437 3616 621 3696 Scripsimus
645 3615 769 3700 οἰκηΐιον
795 3639 854 3698 pro
880 3617 1001 3680 οἰκείων
1030 3620 1113 3700 quod
1140 3625 1262 3680 tuentur
1282 3618 1369 3678 Orel-

253 3723 316 3786 lius
338 3731 369 3786 et
387 3723 591 3787 Burehardus.
635 3725 826 3790 Gaislordius
856 3747 873 3788 e
902 3727 992 3789 codd.
1013 3726 1140 3806 protulit
1163 3723 1258 3798 ῐόίιον,
1279 3743 1368 3805 quam

257 3851 365 3894 vocem
385 3837 468 3894 recle
488 3832 607 3911 judicat
627 3834 821 3898 Burchardus
842 3833 916 3897 nihil
943 3855 1010 3897 esse
1030 3835 1087 3896 nisi
1108 3833 1294 3896 Democritei
1317 3853 1369 3893 vo-

256 3940 355 4002 cabuli
385 3939 626 4021 explicationem.
675 3943 723 4002 De
752 3941 870 4024 reliquo
895 3941 1010 4024 οἰκήϊος
1030 3953 1060 4005 et
1081 3943 1110 4003 in
1132 3943 1269 4023 sequenti
1292 3941 1366 4020 frag-

255 4056 356 4110 mento
384 4049 535 4129 reperitur
566 4056 596 4109 et
624 4048 654 4110 in
684 4049 750 4111 aliis
779 4049 953 4130 philosophi
988 4052 1076 4131 hujus
1109 4049 1264 4112 sententiis
1287 4048 1370 4128 apud

255 4156 341 4218 Stob.
364 4156 450 4219 Flor.
472 4156 624 4234 Xlll,l10.
655 4157 779 4235 XLVll,
802 4161 850 4222 19.

229 4345 232 4352 A
340 4265 390 4325 et.
434 4263 548 4324 Eadem
565 4266 713 4327 sententie
726 4271 823 4348 exstqt
834 4266 917 4346 apud
930 4265 1256 4328 l‘seudoalemocratem
1273 4263 1368 4327 Orell.
