2892 4872
353 353 438 410 Liber
456 354 490 409 ll.
528 352 571 411 lle
588 353 739 413 Democriti
758 357 877 430 scriptia.
1128 365 1172 430 99

72 521 211 586 Theaeteti
238 523 327 587 finem
356 543 425 587 curn
453 523 680 604 Euthyphronis
717 527 801 591 initio
832 530 1006 594 conferenti.
1059 533 1169 617 Neque

70 651 134 692 xero
155 631 292 711 diffiteor,
311 630 419 696 referri
440 633 636 696 Theaetetunr
658 634 697 696 ad
718 635 902 716 Sophistarn,
924 639 1117 723 omninoque,
1142 642 1169 706 si

70 739 148 800 onius
164 741 312 818 materiae,
333 759 396 802 non
415 739 560 820 temporis
581 741 710 804 ducatur
727 743 814 822 ratio,
838 744 1004 826 Cratylnm,
1023 749 1169 813 Theaete-

70 853 132 920 torn,
153 847 322 928 Sophistanr
350 854 381 910 et
405 847 569 911 Politicum
586 849 699 927 justam
727 849 830 912 haberi
856 871 949 932 posse
971 855 1167 938 tetralogiam.

70 955 176 1034 Quodsi
195 956 348 1036 Thrasylli
371 955 548 1037 tetralogiae
566 974 656 1018 unam
675 958 765 1020 nobis
777 960 853 1020 hanc
862 959 1018 1022 utilitatem
1031 963 1167 1043 afferunt,

67 1061 139 1141 quod
159 1081 238 1124 nunc
257 1083 380 1145 quoque
402 1063 547 1141 videmus,
577 1083 638 1147 quo
668 1066 774 1128 ordine
800 1067 864 1144 jam
882 1073 950 1129 ante
972 1068 1067 1149 ipsius
1087 1077 1167 1134 aeta·

65 1175 116 1230 tem
134 1169 263 1234 Platonis
283 1173 398 1253 scripta
418 1172 448 1234 in
468 1171 597 1252 vulgatis
618 1173 840 1254 exemplaribus
861 1174 981 1252 fuerint,
1002 1178 1165 1256 quaeritur,

64 1278 133 1338 unde
153 1285 235 1342 ortus
258 1281 297 1342 sit
319 1281 369 1343 hic
398 1279 474 1342 ordo
497 1280 610 1362 quoin
631 1281 880 1342 universumnon
900 1283 998 1344 minus
1019 1285 1165 1365 temporis

65 1403 142 1465 quam
160 1387 300 1450 materiae
328 1387 406 1450 ratio
435 1386 605 1467 negligitur.
651 1389 746 1466 llnjus
771 1388 917 1469 originem
938 1389 1008 1452 inde
1028 1397 1165 1471 repeten-

64 1492 122 1552 dam
140 1513 215 1572 reor,
244 1496 329 1578 quod
357 1496 443 1558 Plato
472 1515 563 1578 quem
591 1494 753 1558 verisimile
773 1501 819 1558 est
840 1503 908 1559 ante
928 1498 1063 1561 Socratis
1083 1520 1164 1562 mor-

64 1607 115 1660 tem
134 1609 161 1664 et
181 1604 297 1681 majora
324 1623 401 1686 qnae
432 1603 567 1684 suscepit
597 1603 713 1681 itinera,
746 1603 819 1666 nihil
850 1604 933 1686 quod
964 1604 1071 1668 litteris
1090 1625 1164 1670 con-

63 1705 211 1787 signasset,
233 1711 386 1786 emisisse,
418 1711 543 1774 forsitan
576 1712 710 1774 omnium
736 1711 833 1792 prbna
855 1711 966 1792 ingenii
986 1713 1033 1774 sui
1057 1733 1163 1778 monu-

34 1823 147 1902 mento
179 1819 312 1897 junctim
350 1817 479 1882 ediderit
505 1819 770 1899 Euthyphronem,
800 1819 936 1882 Socratis
968 1819 1160 1902 Apologiam,

61 1921 199 1988 Critonem
222 1935 252 1989 et
276 1927 477 2004 Phaedonem,
505 1933 539 1988 nt
561 1925 760 2006 gratissimum
780 1945 852 2006 erga
872 1929 1080 2010 praeceptoris
1100 1950 1162 1994 ma-

61 2047 107 2091 nes
126 2034 253 2097 animum
278 2037 497 2111 testificaretur,
525 2053 601 2096 neve
622 2041 761 2115 posteros
783 2042 887 2114 gentes
904 2036 1060 2118 (aequales
1082 2039 1161 2102 enim

60 2153 151 2201 onmes
177 2141 329 2223 sciebant)
354 2143 494 2223 ignorare
515 2141 635 2218 sineret,
667 2162 744 2224 quae
765 2162 856 2205 causo
879 2145 986 2206 mortis
1009 2152 1039 2206 ct
1062 2147 1159 2227 qualis

60 2241 114 2322 ipsa
138 2267 219 2313 mors
250 2250 392 2312 Socratis
415 2249 529 2313 inisset.
571 2255 657 2332 Quae
684 2269 733 2312 res
755 2251 860 2313 nescio
884 2271 922 2313 an
941 2251 1082 2330 effecerit,
1115 2262 1157 2332 ut,

59 2353 185 2429 quoniam
206 2357 310 2437 primi,
331 2377 408 2438 quos
427 2357 584 2419 Platonem
604 2359 735 2421 edidisse
756 2357 875 2438 opinor,
897 2357 1007 2438 dialogi
1029 2379 1158 2424 numero

58 2467 184 2537 quattuor
203 2471 285 2541 sunt,
306 2485 458 2547 quumque
480 2465 545 2527 lieri
568 2471 666 2548 queat,
679 2472 713 2527 ut
728 2471 835 2546 postea
856 2485 977 2548 quoquc
996 2467 1158 2548 aliquando

57 2575 184 2644 prehuor
212 2571 356 2654 dialogos
384 2592 443 2635 una
465 2572 647 2653 vulgaverit,
675 2573 807 2634 incertus
830 2592 934 2634 nrmor
954 2574 992 2634 ad
1014 2580 1156 2653 posteros

57 2685 188 2754 serperet,
208 2681 368 2742 Platonem
389 2700 483 2762 opera
508 2701 563 2742 sua
583 2681 684 2742 omnia
703 2677 782 2742 κατὰ
802 2680 996 2763 τετραλογίαν
1016 2681 1079 2743 luci
1101 2703 1156 2763 pu-

55 2775 139 2845 blicae
166 2787 355 2868 exposuisse.
407 2787 567 2850 Enimvero
593 2789 664 2850 huic
689 2787 825 2868 opinioni
855 2806 916 2848 non
943 2788 1053 2864 obstat,
1073 2789 1157 2873 qnod

55 2885 122 2950 inter
141 2893 316 2957 Platonicos
339 2896 391 2978 qui
412 2895 449 2957 ad
482 2901 616 2958 nostram
638 2895 813 2957 memoriam
832 2901 996 2974 supersunt
1015 2897 1155 2978 dialogos

54 2999 178 3061 nonnulli
195 3003 391 3083 reperiuntur
416 3001 507 3083 longe
530 3003 588 3065 illis
611 3009 754 3085 quattuor
783 3007 814 3064 et
835 3002 974 3064 rudiores
997 3009 1028 3064 et
1046 3003 1156 3085 imper-

54 3101 193 3183 fectiores,
211 3130 291 3192 quos
313 3117 382 3174 ante
401 3109 470 3173 illos
491 3132 510 3173 a
527 3109 712 3192 philosopho
735 3110 849 3190 scripto
872 3110 1029 3172 mandatos
1052 3131 1118 3174 esse
1136 3132 1157 3173 a

53 3210 298 3279 verisimilitudine
326 3236 388 3279 non
414 3217 576 3292 abhorret,
607 3225 637 3279 et
669 3217 753 3299 quod
779 3217 866 3280 multi
892 3224 951 3279 tarn
977 3227 1154 3298 argumento

53 3333 131 3394 quam
151 3327 289 3405 tempore
311 3324 378 3386 illas
399 3332 541 3407 quattuor
559 3325 739 3405 scriptiones
751 3325 1011 3407 praegrediuntur.
1044 3325 1154 3409 Neque

54 3424 123 3485 eninr
144 3447 268 3494 necesse
290 3437 345 3508 est,
365 3453 442 3514 quae
463 3433 617 3515 colloquia
636 3432 699 3496 sive
725 3439 861 3514 tempore
882 3433 966 3515 prins
987 3453 1077 3516 quam
1096 3435 1155 3498 elia

53 3528 96 3590 rel
113 3554 130 3594 a
145 3536 269 3601 Platone
290 3539 460 3620 perscripta
477 3540 527 3602 vel
550 3540 588 3601 ab
610 3539 646 3604 iis
665 3542 717 3624 qui
740 3541 948 3623 colloquentes
969 3541 1155 3605 inducuntur

53 3649 180 3704 conserta
204 3652 274 3708 sunt
302 3647 365 3710 sive
385 3655 562 3728 argumento
590 3647 656 3711 aliis
675 3656 743 3712 sunt
764 3648 877 3730 priora,
905 3667 941 3709 ea
967 3648 1056 3711 etiarn
1082 3657 1151 3712 ante

53 3739 97 3802 illa
116 3744 211 3812 lucem
240 3754 362 3816 vidisse.
410 3758 606 3837 Quapropter
636 3755 761 3818 forsitan
790 3774 852 3818 non
879 3755 984 3817 infelix
1016 3757 1055 3818 sit
1082 3776 1155 3819 con-

46 3845 139 3920 lector
163 3859 214 3937 qui
241 3863 427 3942 suspicetur,
457 3863 604 3940 ordinem,
634 3882 696 3945 quo
727 3863 860 3925 Platonis
889 3881 984 3942 opera
1008 3863 1058 3925 vel
1083 3863 1154 3926 vivo

50 3955 140 4020 adhoc
161 3973 284 4030 auctore
314 3968 363 4030 vel
386 3976 507 4032 mortuo
530 3969 716 4051 prodierunt,
744 3989 806 4032 non
832 3969 958 4032 multum
981 3969 1154 4051 discrepare

51 4061 84 4120 ab
105 4085 139 4128 eo
162 4071 212 4151 qui
231 4073 380 4138 Venonis
410 4083 440 4140 et
468 4077 618 4159 Thrasylli
644 4096 720 4140 aevo
742 4077 772 4140 in
796 4076 952 4139 codicibus
974 4095 1063 4140 manu
1084 4097 1154 4140 exa-

51 4171 116 4233 ratis
137 4185 207 4240 erat
247 4181 451 4246 Veruntamen
472 4191 586 4248 tantum
607 4183 701 4263 abest,
720 4193 755 4248 ut
769 4203 967 4268 quaecunque
986 4191 1104 4248 exstant
1123 4186 1155 4247 in

51 4275 193 4362 Thrasylli
220 4289 360 4370 catalogo
389 4309 456 4354 eam
475 4291 516 4354 ob
539 4311 604 4354 rem
633 4290 763 4373 genuina
783 4291 918 4355 Platonis
949 4292 1062 4374 scripta
1085 4310 1153 4356 esse

891 4401 908 4461 7
931 4398 953 4441 a
