2984 4876
267 293 333 360 Μ
599 293 794 358 Quaestionum
812 293 1045 348 liemoetiteornrn

272 460 364 526 αὐτὸν
390 461 532 546 ἰσχυρῶς,
558 459 610 525 καὶ
633 459 793 529 τύπτοντες
821 459 911 524 nitrio
934 443 1081 545 ροπαλοις
1100 459 1379 534 ἀποκτεινάτοοσαν,

191 571 440 653 §.minationis
463 569 548 653 σαρξὶ
567 567 605 630 τὰ
630 567 723 632 ὀστέα
752 571 966 638 σοναλοῦντες·
997 569 1135 654 φυλακὴν
1166 569 1201 631 δὲ
1221 565 1380 652 ἐχέτωσαν

272 677 306 742 τό
329 678 370 761 μὴ
394 676 519 760 αἱμάξαι
542 699 570 740 τι
596 680 650 740 τοῦ
679 676 761 761 βοός,
790 675 842 760 (od
867 675 925 761 γάρ
948 675 984 740 ἀν
1007 675 1038 746 ἐξ
1060 677 1187 762 αἵματος
1208 675 1380 760 κοηθείηή

191 806 214 871 g,
225 801 267 859 νο,
278 785 422 869 μέλισσα)
447 787 513 854 ταῖς
536 785 671 869 πρώταις
692 787 824 868 πληγαῖς
845 786 886 870 μὴ
915 785 1023 871 βιαίοις
1044 783 1236 868 ἐμπεσόντες.
1277 779 1383 849 Εὐθὺς

274 895 309 958 δὲ
335 892 572 978 ἀποπεφράχθοι
606 895 666 961 παῖς
691 895 746 954 rori
780 893 853 977 βοὸς
881 891 977 978 πόρος
1002 891 1126 961 ὀθόναις
1152 893 1304 976 καθαραῖς
1330 891 1382 953 καὶ
1475 889 1476 894 ’

274 1005 397 1070 λεπταῖς
414 1001 508 1085 πῖσση
530 997 756 1084 κεχρισμέναις·
777 999 841 1064 οῖον
864 1001 998 1085 ὄμματα,
1020 1001 1070 1066 καὶ
1091 999 1181 1087 ῥῖνες,
1199 1001 1250 1064 καὶ
1272 999 1383 1083 στόμα,
1475 1023 1476 1052 ι

190 1111 325 1195 motui
349 1108 407 1172 όσα
428 1114 468 1193 τῇ
496 1108 587 1193 φύσει
612 1107 776 1191 πεποίηται
809 1111 853 1179 εἰς
879 1109 1215 1192 κένωσινάναηκαῖοιν.
1252 1105 1384 1172 Ἔπειτα

272 1217 371 1303 θύμον
399 1217 648 1302 ὑποστρώσαντες
677 1215 782 1295 πολύν,
806 1217 857 1280 καὶ
887 1217 989 1280 ὕπτιον
1013 1215 1062 1280 ἐπ’
1087 1216 1182 1281 αὐτοῦ
1201 1215 1385 1283 καταθέντες

273 1326 324 1388 τὸν
348 1327 433 1411 βοῦν,
455 1323 631 1394 ἐξελθόντες
657 1327 711 1387 τοῦ
738 1323 823 1388 οἴκου
855 1324 948 1394 εὐθὺς
965 1326 1018 1409 τὴν
1041 1323 1137 1409 θύραν
1158 1324 1208 1386 καλ
1227 1323 1281 1392 τάς
1302 1324 1383 1408 θυρί-

277 1433 333 1502 δας
352 1432 596 1518 ἐπιχρισάτοοσαν
623 1434 715 1518 πηληῖ
739 1437 885 1518 ατεηανηῖ,
916 1437 958 1503 ὡς
983 1436 1058 1519 μήτε
1080 1431 1159 1516 ἀέρι,
1183 1433 1258 1516 μήτε
1279 1430 1386 1516 ἀνέμῳ

192 1538 408 1624 gareionum
434 1539 454 1623 ἢ
478 1540 649 1603 διάπνεοσιν
674 1540 833 1622 ἡντιναοῦν
855 1540 943 1606 εἶναι.
979 1541 1072 1627 Τρίτῃ
1094 1541 1129 1604 δὲ
1149 1541 1300 1627 έβδομοὶὃι
1323 1539 1384 1624 χρὴ

275 1647 425 1710 πάντοθεν
449 1646 642 1717 έΕανοίξαντα
664 1648 799 1716 εἰςεάσαι
824 1655 891 1734 φῶς
909 1674 941 1714 τε
964 1652 1014 1714 καλ
1036 1649 1115 1734 ἀέρα
1137 1645 1285 1731 καθαρόν,
1303 1647 1385 1728 πλὴν

278 1754 392 1818 ὁπόθεν
413 1753 449 1818 ἀν
473 1754 562 1838 κατῖη
602 1756 737 1840 σφοδρὸν
763 1761 899 1840 πνεῦμα·
923 1758 951 1820 εἰ
972 1757 1029 1842 γὰρ
1053 1758 1116 1824 ὦδε
1138 1753 1216 1841 ἔχοι,
1235 1756 1289 1839 τἠν
1308 1754 1387 1817 κατὰ

193 1883 216 1948 g,
225 1877 267 1932 28.
280 1865 369 1926 τοῦτο
402 1860 518 1930 εῖςοδον
541 1862 756 1948 κεκλεισμένην
779 1865 838 1949 χρὴ
863 1864 962 1929 έοῖσαι.
1000 1862 1097 1928 Ἐπάν
1125 1865 1161 1927 δὲ
1183 1861 1311 1932 δόξωσιν
1335 1861 1387 1944 έμ-

274 1969 450 2054 ψιιχοῖσθαι
474 1969 506 2033 αῖ
528 1969 607 2048 ὗλαι,
624 1975 745 2055 πνεῦμα
768 1971 916 2056 αὔταρκες
938 1974 1193 2056 ἑπισπασάμεναι,
1218 1969 1306 2038 αὖθις
1324 1971 1385 2054 χρὴ

195 2093 267 2163 gne.
281 2079 457 2158 συγκλεῖσαι
474 2080 523 2163 'rigi
550 2081 642 2166 πηληῖ
669 2079 746 2142 κατὰ
768 2081 821 2164 τὴν
842 2081 993 2166 προτέραν
1012 2081 1120 2166 χρῖσιν.
1157 2075 1328 2162 Ἓνόεκοὶτη
1351 2081 1386 2142 δὲ

277 2183 353 2268 μετὰ
374 2183 484 2269 ταύτην
511 2188 563 2268 τήν
589 2188 708 2272 ήμέραν
732 2188 853 2258 ἀνοίξας
874 2189 1014 2273 εὑρήσεις
1036 2189 1136 2271 πλήρη
1161 2188 1313 2268 μελισσῶν
1337 2187 1385 2271 βο-

241 2310 244 2318 ’
275 2293 384 2377 προδόν
408 2291 459 2356 ἐπ’
491 2294 640 2380 ἀλλήλαις
668 2295 879 2380 συνηγμένων,
909 2298 961 2360 καὶ
987 2301 1040 2360 τοῦ
1070 2296 1143 2380 βοὸς
1163 2293 1332 2377 λειπόμενα
1349 2293 1386 2355 τά

276 2516 466 2580 verberatum
493 2514 624 2580 fustibus
653 2519 803 2597 occidant,
834 2539 895 2581 una
926 2540 997 2582 oum
1028 2517 1168 2580 oarrribus
1199 2515 1266 2595 ipsa
1298 2514 1387 2576 etiam

276 2644 347 2686 ossa
374 2623 627 2700 comminueutos;
659 2626 819 2707 diligenter
838 2633 937 2688 autem
965 2633 1098 2702 caveant,
1131 2646 1170 2687 ne
1198 2623 1272 2704 quid
1300 2621 1387 2683 bovis

279 2737 444 2808 crueuteut,
468 2732 545 2813 (uou
571 2734 650 2796 enim
670 2755 708 2796 ex
735 2735 880 2814 sanguiue
898 2735 964 2814 apis
985 2737 1141 2812 nascatur)
1162 2730 1268 2812 primis
1293 2727 1387 2809 plagis

277 2858 341 2901 non
360 2838 509 2901 violenter
526 2840 555 2901 in
577 2861 646 2904 eum
667 2843 823 2906 irruentes.
868 2843 974 2904 Statim
996 2861 1070 2904 vero
1090 2841 1270 2904 obturentur
1289 2837 1389 2898 omnia

279 2946 367 3008 bovis
389 2947 536 3010 sornrniua
555 2949 654 3012 linteis
666 2951 751 3030 puris
772 2971 809 3012 ao
830 2949 971 3012 tenuibus
990 2951 1058 3031 plue
1078 2948 1188 3025 oblitis,
1203 2943 1387 3019 velutoooli,

280 3073 368 3116 nares
388 3061 419 3115 et
438 3073 484 3130 os,
505 3061 535 3115 et
553 3074 630 3136 quae
651 3078 670 3119 ε
691 3066 797 3121 tratura
817 3059 914 3120 iactae
933 3065 1003 3119 suut
1022 3065 1125 3138 partes
1146 3055 1186 3118 ad
1206 3052 1389 3134 egestionem

279 3163 486 3224 necessariam
537 3163 655 3225 Deinde
684 3163 780 3227 multo
805 3165 909 3246 thymo
937 3165 1089 3227 substrato
1117 3157 1256 3242 boveqire
1278 3159 1389 3239 supino

280 3269 309 3331 ei
328 3270 532 3348 superposito,
564 3271 655 3334 domo
685 3273 808 3352 egressi,
835 3272 933 3335 statim
955 3273 1080 3349 januam
1108 3279 1138 3333 et
1158 3271 1305 3330 fenestras
1324 3266 1388 3328 luio

282 3377 378 3436 denso
399 3376 541 3454 oblinunt,
571 3397 610 3440 no
634 3381 697 3441 a'e'ri
727 3385 877 3462 ventoque
899 3379 980 3442 ullus
999 3381 1151 3460 ingressus
1170 3387 1222 3439 aut
1243 3375 1389 3456 perflandi

281 3481 369 3544 locus
390 3483 436 3544 sit
479 3485 581 3546 'lertio
600 3493 700 3548 autem
720 3486 908 3550 hebdomade
929 3487 1062 3568 undique
1085 3487 1207 3548 domum
1228 3483 1341 3564 aperiri
1361 3490 1390 3543 et

280 3589 383 3652 lumen
403 3595 562 3675 aeremque
583 3613 691 3674 purum
711 3595 826 3658 admitti
845 3602 975 3676 oportet,
994 3605 1121 3674 excepta
1143 3614 1179 3656 ea
1197 3599 1293 3672 parte,
1310 3590 1390 3652 uude

282 3696 442 3778 vehemens
471 3707 581 3764 ventus
599 3703 709 3782 spirat;
737 3703 822 3786 quod
851 3703 877 3765 si
906 3702 946 3764 ita
972 3723 1005 3764 se
1033 3703 1131 3778 habet,
1162 3699 1276 3761 aditum
1297 3717 1336 3759 ex
1356 3715 1391 3758 ea

283 3809 368 3884 parte
389 3806 525 3870 oleosum
544 3809 672 3892 relinqui
700 3831 780 3891 opus
803 3819 857 3875 est.
908 3810 949 3872 At
969 3793 1128 3893 postquam
1149 3807 1292 3869 oratoriae
1311 3805 1390 3867 visae

282 3913 393 3976 fuerint
414 3915 538 3977 animari
558 3923 588 3978 et
608 3917 747 3997 spiritum
769 3917 967 3980 sufficientem
984 3918 1127 3993 hausisse,
1144 3935 1249 3977 rursus
1266 3913 1391 3976 domun-

283 4021 381 4082 culam
411 4021 510 4085 claudi
538 4031 569 4085 et
596 4025 662 4087 luto
691 4024 770 4088 sicut
798 4026 883 4106 prius
911 4026 1004 4088 oblini
1035 4024 1184 4086 convenit
1227 4021 1391 4084 Undecimo

284 4127 392 4188 deiude
413 4133 586 4208 posthunc
613 4133 692 4194 diem
711 4133 763 4196 ubi
789 4134 955 4214 aperueris,
976 4134 1098 4194 domum
1118 4131 1251 4194 iuvenies
1273 4129 1392 4210 plenam

283 4233 391 4322 artibus
413 4255 539 4302 uvarum
557 4241 651 4304 iusim
669 4241 748 4304 iuter
768 4259 802 4302 se
823 4240 1047 4323 coagmentatis,
1069 4245 1100 4303 et
1121 4259 1159 4302 es
1181 4239 1260 4302 boue
1279 4257 1392 4302 ooruuo
