2956 4860
261 315 320 360 vttt
667 259 964 355 frnefutlo.

215 483 217 490 ⁴
262 463 388 562 liquias
409 472 661 566 complecterer
685 492 727 543 ac
750 465 852 542 simul
876 469 922 542 de
943 470 1019 561 ejus
1042 464 1121 554 vita,
1147 463 1272 562 ingenii
1296 489 1374 540 mo-

263 587 434 663 numentis
456 602 492 664 et
514 587 647 686 placitis
661 602 922 664 commentarer.
975 591 1148 684 Congesta
1178 584 1279 683 igitur
1308 613 1374 660 un-

263 705 369 802 dique
395 707 569 784 scribendi
593 709 736 786 materia
753 709 864 808 primo
889 708 977 784 libro
1004 712 1050 782 de
1074 706 1271 804 philosophi
1292 706 1372 796 vita,

263 833 372 904 altero
397 833 442 906 de
470 836 547 925 ejus
572 829 709 929 scriptis
733 830 779 907 ita
803 829 1046 906 disserendum
1062 827 1189 926 putavi,
1206 841 1241 903 ut
1255 833 1373 926 quoad

263 953 339 1043 ejus
369 950 445 1027 heri
475 965 597 1050 posset
629 951 664 1026 in
697 958 773 1027 sola
798 951 1015 1049 antiquorum
1039 949 1177 1025 testium
1198 947 1373 1025 mentione

262 1069 532 1167 acquiescerem.
586 1075 709 1170 Neque
741 1072 832 1149 onim
865 1072 1055 1171 quidquam
1090 1086 1148 1147 aut
1184 1070 1372 1147 lectoribus

261 1190 440 1268 molestius
469 1207 527 1270 aut
556 1193 638 1270 mihi
673 1193 890 1290 injucundius
924 1219 1005 1270 esse
1035 1205 1171 1292 poterat
1201 1192 1372 1290 frequenti

261 1337 382 1388 corum
408 1315 468 1412 qui
501 1331 601 1393 antea
628 1315 662 1392 in
692 1319 757 1390 hac
789 1315 967 1412 provincia
989 1313 1118 1390 versati
1143 1327 1221 1390 sunt
1242 1320 1371 1390 refuta-

260 1431 362 1508 tione.
413 1437 584 1525 Quocirca
612 1437 646 1513 in
679 1439 816 1512 duobus
849 1435 1021 1535 prioribus
1053 1435 1147 1511 libris
1177 1435 1372 1511 raro-alios

260 1552 355 1630 uiros
381 1561 504 1634 doctos
526 1557 726 1634 memoravi.
771 1557 844 1633 Alia
871 1571 925 1632 est
942 1555 1031 1632 tertii
1050 1555 1126 1632 libri
1147 1556 1243 1632 ratio.
1277 1561 1371 1632 Cou-

260 1689 326 1752 stat
348 1677 438 1754 enim
457 1684 529 1775 jam
551 1685 596 1755 ab
619 1685 719 1754 Henr.
743 1681 918 1776 Stephano
939 1691 1073 1775 partem
1095 1683 1269 1776 quandam
1291 1703 1370 1752 mo-

258 1798 380 1874 ralium
407 1800 593 1876 Democriti
618 1800 862 1876 sententiamm
886 1797 988 1874 Po'e‘si
1017 1797 1278 1896 philosophicae
1303 1803 1371 1875 Pa-

259 1919 349 1994 risiis
364 1947 453 1996 anno
469 1925 565 1997 1573
580 1922 694 1998 editae
710 1947 791 1998 esse
808 1921 972 1996 insertam
988 1924 1184 2017 eademque
1204 1919 1372 2018 fragmina
1466 1967 1467 1986 1

258 2040 385 2116 additis
407 2041 482 2118 aliis
504 2042 600 2119 into.
623 2048 722 2120 Coor.
740 2042 858 2118 Orellii
883 2040 1059 2139 opusculis
1083 2055 1240 2117 veterum
1261 2047 1371 2118 Grae-

258 2187 378 2238 corum
409 2163 629 2240 sententiosis
663 2178 697 2240 et
734 2164 940 2254 moralibus,
977 2187 1068 2261 quae
1105 2163 1241 2260 Lipsiae
1278 2189 1370 2240 anno
1466 2219 1467 2242 1

258 2285 355 2358 1819
380 2283 591 2382 prodierunt,
616 2284 769 2383 reperiri,
795 2311 900 2384 porro
925 2282 1009 2360 Guil.
1032 2286 1268 2359 burchardum
1291 2309 1370 2360 mo-

257 2403 379 2482 ralium
399 2405 585 2482 Abderitae
612 2433 756 2504 operum
782 2411 971 2502 fragmenta
995 2404 1133 2480 Mindae
1156 2430 1247 2480 anno
1273 2409 1369 2480 1834

258 2525 429 2619 emisisse,
455 2528 606 2624 denique
633 2553 680 2604 ex
704 2527 857 2627 physicis
877 2552 920 2602 ea
945 2551 1035 2623 quae
1058 2524 1090 2600 in
1110 2529 1370 2622 Theophrasteo

256 2651 302 2722 de
336 2649 497 2726 sensibus
527 2649 616 2726 libro
649 2663 789 2726 exstant
823 2647 997 2745 explicata
1037 2671 1118 2721 esse
1158 2652 1203 2722 ab
1240 2651 1369 2723 eodem

253 2773 454 2846 Burchardo
481 2770 646 2868 peculiari
679 2768 967 2847 commentatione
992 2767 1129 2842 blindae
1154 2793 1244 2844 anno
1271 2773 1370 2846 1830
1469 2810 1470 2818 κ

253 2881 428 2986 publicata
452 2905 555 2989 atque
578 2917 598 2966 a
621 2895 752 2966 Ludov.
784 2889 1018 2987 Philippsonio
1052 2888 1086 2965 in
1114 2889 1231 2966 libello
1263 2918 1369 2988 quem

253 3009 405 3084 Berolini
429 3037 520 3086 anno
546 3013 641 3086 1831
668 3018 762 3087 foras
784 3017 902 3087 datum
919 3011 1030 3110 Ὕλης
1055 3009 1276 3113 ἀνθρωπίνης
1300 3040 1367 3088 no-

253 3129 346 3206 mine
380 3132 573 3228 appellavit.
625 3137 820 3230 Stephanus
855 3131 1042 3206 sententias
1070 3131 1368 3209 Democriticase

254 3256 364 3327 Sexto
388 3252 559 3348 Empirico
594 3268 629 3328 et
657 3258 810 3329 Stobaeo
839 3252 1056 3350 potissimum
1089 3256 1230 3328 haustas
1252 3280 1368 3352 neque

252 3371 534 3471 interpretatione
578 3375 681 3450 latina
722 3400 837 3472 neque
878 3371 1156 3450 adnotationibus
1196 3373 1368 3466 instruxit,

253 3507 386 3569 textum
399 3506 596 3571 autemnon
619 3494 853 3594 spernendum
870 3495 964 3570 illum
988 3493 1140 3592 quidem,
1165 3500 1230 3572 sed
1251 3509 1369 3574 tamen

252 3640 323 3691 non
348 3613 477 3712 ubique
507 3621 727 3692 emendatum
758 3615 919 3713 vulgavit.
971 3615 1119 3692 Orellius
1146 3614 1180 3692 in
1204 3623 1367 3715 augendo

251 3742 521 3834 fragmentorum
552 3737 733 3813 moralium
759 3763 903 3814 numero
929 3763 999 3813 non
1031 3763 1074 3813 ea
1099 3763 1168 3836 qua
1200 3742 1267 3816 hoc
1291 3739 1368 3815 fleri

254 3884 318 3955 par
341 3870 424 3946 erat,
451 3883 534 3932 usus
560 3872 614 3933 est
638 3858 807 3934 cautione.
858 3858 991 3935 Etenim
1008 3886 1114 3956 quum
1139 3859 1269 3935 incerta
1284 3887 1368 3936 sen-

252 3978 357 4086 tentia
384 3992 524 4070 erraret,
551 4004 667 4077 neque
693 3979 852 4056 diuturna
873 3979 1043 4056 dictorum
1067 3980 1369 4059 Democriteorum

251 4099 542 4198 contemplatione
568 4105 674 4178 fretus
701 4127 779 4178 eam
802 4099 917 4177 animo
938 4100 1159 4180 informasset
1173 4101 1369 4201 imaginem,

252 4247 321 4320 qua
346 4235 508 4318 tanquam
530 4225 621 4296 dirce
645 4220 678 4294 in
696 4223 935 4297 discernendis
949 4223 1134 4298 Democriti
1151 4223 1369 4322 aliorumque
