2984 4876
400 315 485 372 Liber
501 315 550 376 ΙΙΙ.
585 317 735 374 ὓειουτίιί
753 335 863 391 operum
882 321 1042 394 ingerente.
1212 321 1275 390 237

163 484 385 547 παντοίων·
415 485 458 551 ίος
486 483 543 546 οὐκ
573 483 641 547 ἐνὸν
671 482 744 548 ἄνευ
774 484 861 554 θείας
891 487 943 549 καὶ
967 487 1126 571 δαιμονίας
1152 490 1275 575 φύσεως

164 592 246 654 οὕτω
269 591 349 654 καλὰ
368 591 419 653 καί
444 590 526 675 σοφὰ
548 589 606 674 ἔπη
632 589 831 675 ἐργάσασθαι.
859 596 921 660 iiio
937 597 1174 677 chrysostomus
1199 607 1273 662 oret.

164 701 229 762 Lm
251 699 315 762 init.

612 828 675 904 ssepi
691 834 825 906 μουσικῆς.

251 925 280 986 4.
324 920 515 1006 Δημόκριτος
534 923 588 1006 μὲν
609 923 719 1002 τοίνυν,
736 923 813 1008 ἀνὴρ
836 923 873 988 οὐ
893 927 1160 1010 φυοιολογίιτατυς
1181 927 1274 1010 μόνον

164 1034 225 1093 τῶν
257 1029 414 1114 ἀρχαίων,
442 1029 523 1093 ἀλλὰ
552 1031 602 1106 καὶ
630 1031 699 1115 περὶ
729 1032 767 1094 τὰ
798 1033 999 1118 ἱστορούμενα
1028 1033 1154 1102 οὐδενὸς
1184 1033 1274 1118 ἧττον

164 1138 414 1220 πολυπράγμων,
440 1138 587 1220 μουσικήν
616 1161 691 1223 φησι
720 1139 872 1224 νεωτέραν
901 1140 989 1220 εἶναι,
1017 1141 1068 1204 καὶ
1094 1141 1146 1222 τὴν
1177 1139 1272 1204 αἰτίαν

166 1242 338 1306 ἀποδίδωσι
358 1242 465 1328 λέγων,
488 1242 607 1327 αὐτὴν
630 1245 699 1311 οὐκ
720 1245 905 1312 εἶναιτῶν
921 1247 1156 1332 ἀναγκαίων,
1173 1246 1273 1310 ἀλλὰ

167 1351 210 1414 ἐκ
231 1355 299 1414 τοῦ
331 1355 560 1434 περιεῦντος
583 1351 655 1436 ἤδη
686 1353 875 1438 γίνεσθαι.
930 1353 1015 1439 Πλὴν
1043 1355 1124 1418 ἀλλὰ
1147 1355 1272 1439 ἀρχαιο-

165 1459 240 1540 ταίτη
264 1458 352 1521 δοκεῖ
369 1480 403 1520 τε
424 1460 476 1522 καὶ
498 1459 602 1544 φέρειν
622 1483 649 1522 τι
665 1460 920 1546 θαυμασιώτατον
943 1463 995 1526 καὶ
1017 1461 1171 1546 ἐγκλείειν.
1206 1463 1274 1526 Phi-

166 1566 304 1630 lodemus
336 1567 374 1629 de
402 1567 518 1631 musice
543 1568 596 1634 lib.
616 1571 659 1632 lV
692 1571 723 1633 iu
752 1570 823 1634 v01.
849 1571 972 1636 Hercul.
993 1579 1065 1636 tom.
1085 1561 1186 1653 l'peg.
1212 1571 1272 1634 135

165 1675 226 1739 eol.
246 1677 296 1740 36.
698 1695 700 1700 ’

653 1767 713 1844 Περὶ
731 1769 800 1832 Διός.

252 1865 280 1927 5.
316 1857 413 1926 Ὅθεν
443 1859 501 1925 οὐκ
530 1861 700 1931 ἀπεικότως
727 1865 743 1927 ὃ
773 1863 961 1948 Δημόκριτος
990 1869 1050 1930 τῶν
1081 1865 1192 1948 λογίων
1223 1864 1272 1929 ἀν-

165 1969 302 2052 θρώπων
328 1969 450 2050 ὀλίγους
480 1970 570 2053 φησὶν
598 1969 810 2039 ἀνατείναντας
838 1971 892 2039 τὰς
922 1975 1030 2056 χεῖρας
1057 1972 1208 2051 ἐνθαῦτα,
1237 1973 1271 2037 ὃν

164 2081 219 2140 νῦν
242 2075 321 2163 γ’,έρα
339 2075 491 2160 καλέομεν
517 2077 547 2138 οί
567 2072 719 2161 Ὕλληνες
739 2079 849 2154 πάντα,
867 2077 925 2140 Δία
946 2078 1133 2162 μυθέεσίλαι·
1155 2079 1272 2164 (οἰομέ-

165 2206 239 2252 νους
261 2184 322 2266 ὅτι)
347 2184 399 2248 καὶ
420 2185 520 2247 πάντα
549 2182 639 2253 οὗτος
668 2185 735 2248 οἶδε
762 2185 814 2248 καὶ
844 2185 926 2248 διδοῖ
952 2185 1003 2248 καὶ
1024 2185 1203 2271 ἀπαιρέεται
1221 2189 1272 2250 καὶ

167 2291 311 2377 βασιλεὺς
333 2290 422 2362 οὗτος
450 2297 510 2356 τῶν
536 2293 689 2356 πάντων.Ι
718 2292 859 2357 Clemens
879 2293 1040 2356 Alexandr.
1062 2293 1214 2358 Admouit
1234 2295 1273 2358 ed

165 2413 246 2481 gene
266 2420 334 2482 pag.
358 2402 409 2464 45.

166 2637 229 2680 uon
250 2619 314 2680 siue
334 2619 460 2683 coelesti
478 2640 515 2682 ee
535 2621 635 2684 diviua
655 2620 758 2683 indole
777 2627 838 2683 tam
856 2619 982 2701 pulchre
1005 2627 1164 2704 tantaeque
1184 2620 1274 2701 plenu

166 2727 330 2805 supientiae
351 2728 484 2790 eermiue
505 2731 638 2792 condere
660 2729 758 2791 liceat.

635 2863 674 2913 De
693 2861 803 2913 musice.

253 2952 282 3013 4.
326 2953 520 3015 Democritus
549 2959 687 3015 veterum
720 2971 783 3014 nou
808 2952 901 3015 modo
926 2971 1060 3015 summus
1082 2955 1207 3011 naturae
1229 2948 1273 3010 iu-

166 3059 339 3140 vestigator,
367 3061 423 3124 sed
450 3061 539 3122 etiam
566 3079 601 3122 ea
629 3079 706 3143 quae
724 3057 868 3122 historiae
898 3058 1098 3122 monumentis
1120 3058 1274 3120 coutinen-

167 3173 225 3243 tur,
248 3168 454 3248 cognoscendi
481 3168 644 3248 cupiditate
674 3167 793 3229 nemine
818 3166 951 3244 inferior,
969 3167 1114 3230 musicem
1136 3165 1178 3227 eit
1201 3163 1270 3226 eite-

166 3274 258 3336 rioris
278 3295 346 3338 esse
371 3277 476 3338 aetatis
496 3277 620 3358 ejusque
647 3275 692 3338 rei
713 3295 834 3338 eausam
857 3275 963 3353 reddit,
991 3274 1102 3351 diceus,
1122 3293 1188 3336 eum
1210 3291 1273 3334 nou

166 3403 235 3446 esse
258 3384 300 3455 iu,
314 3385 406 3446 rebus
432 3385 627 3462 necessariis,
657 3385 713 3448 sed
737 3403 775 3444 ex
801 3384 982 3446 abundantia
1000 3385 1064 3462 jem
1087 3380 1169 3445 oriri.
1212 3382 1274 3443 Ve-

167 3497 324 3554 runtamen
346 3491 552 3574 antiquissimu
574 3493 692 3555 videtur
712 3511 748 3554 ee
771 3491 906 3556 mirabile
925 3491 998 3574 quid
1017 3491 1139 3553 effluere
1153 3489 1272 3551 mirum·

166 3619 227 3682 que
247 3601 307 3661 vim
328 3599 446 3662 insitum
462 3601 582 3663 hebere.

651 3734 690 3785 ue
713 3733 788 3786 Jove.

252 3825 280 3884 5.
323 3823 408 3886 Unde
437 3843 499 3886 uon
527 3824 675 3887 immerito
704 3823 897 3886 Democritus
931 3823 1091 3885 doctorum
1118 3817 1272 3896 homiuum

166 3949 282 4009 paucos
300 3931 342 3993 eit
360 3932 485 3995 sublatis
504 3932 542 3994 ad
563 3952 632 3994 euru
653 3931 754 3994 locum
773 3929 919 4009 manibus,
943 3949 1032 4012 quem
1054 3947 1135 3988 uuue
1152 3924 1271 3986 uuiver-

166 4057 234 4100 sum
253 4040 367 4102 Graeei
386 4059 487 4102 aerem
513 4040 708 4121 appellamus
733 4041 840 4103 iovem
869 4057 995 4101 vocure:
1023 4035 1123 4098 omnia
1141 4035 1220 4096 hune
1241 4037 1272 4094 et

165 4145 245 4208 seire
278 4153 307 4209 et
337 4149 409 4211 dure
442 4155 473 4211 et
504 4149 623 4210 auferre
649 4167 810 4230 rerumque
840 4144 1040 4210 universitatis
1070 4163 1172 4224 regem
1203 4161 1270 4206 esse

164 4254 332 4317 eredentes.
