<?xml version="1.0" encoding="UTF-8"?>
<!DOCTYPE html PUBLIC "-//W3C//DTD XHTML 1.0 Transitional//EN"
    "http://www.w3.org/TR/xhtml1/DTD/xhtml1-transitional.dtd">
<html xmlns="http://www.w3.org/1999/xhtml" xml:lang="en" lang="en">
 <head>
  <title>
</title>
<meta http-equiv="Content-Type" content="text/html;charset=utf-8" />
  <meta name='ocr-system' content='tesseract 3.04.00' />
  <meta name='ocr-capabilities' content='ocr_page ocr_carea ocr_par ocr_line ocrx_word'/>
</head>
<body>
  <div class='ocr_page' id='page_1' title='image "./democritiabderi00mullgoog_0054.png"; bbox 0 0 2956 4860; ppageno 0'>
   <div class='ocr_carea' id='block_1_1' title="bbox 381 297 1173 396">
    <p class='ocr_par' dir='ltr' id='par_1_1' title="bbox 381 297 1173 396">
     <span class='ocr_line' id='line_1_1' title="bbox 381 297 1173 396; baseline -0.005 -12"><span class='ocrx_word' id='word_1_1' title='bbox 381 327 466 384; x_wconf 76' lang='lat' dir='ltr'>Lites</span> <span class='ocrx_word' id='word_1_2' title='bbox 484 329 504 386; x_wconf 91' lang='lat' dir='ltr'>I.</span> <span class='ocrx_word' id='word_1_3' title='bbox 543 327 586 382; x_wconf 85' lang='lat' dir='ltr'>De</span> <span class='ocrx_word' id='word_1_4' title='bbox 610 325 762 383; x_wconf 83' lang='lat' dir='ltr'>Democriti</span> <span class='ocrx_word' id='word_1_5' title='bbox 781 329 847 384; x_wconf 83' lang='lat' dir='ltr'>ritu.</span> <span class='ocrx_word' id='word_1_6' title='bbox 917 297 931 320; x_wconf 61' lang='lat'>⁸</span> <span class='ocrx_word' id='word_1_7' title='bbox 1129 329 1173 396; x_wconf 83' lang='lat'>33</span> 
     </span>
    </p>
   </div>
   <div class='ocr_carea' id='block_1_2' title="bbox 62 495 1248 3387">
    <p class='ocr_par' dir='ltr' id='par_1_2' title="bbox 62 495 1248 3387">
     <span class='ocr_line' id='line_1_2' title="bbox 69 495 1169 582; baseline 0 -18"><span class='ocrx_word' id='word_1_8' title='bbox 69 499 187 582; x_wconf 82' lang='lat' dir='ltr'>empiius</span> <span class='ocrx_word' id='word_1_9' title='bbox 205 498 325 564; x_wconf 85' lang='lat' dir='ltr'>dubiem</span> <span class='ocrx_word' id='word_1_10' title='bbox 338 497 531 577; x_wconf 73' lang='lat' dir='ltr'>complectar,</span> <span class='ocrx_word' id='word_1_11' title='bbox 543 496 683 578; x_wconf 85' lang='lat' dir='ltr'>Dionysii</span> <span class='ocrx_word' id='word_1_12' title='bbox 695 495 955 580; x_wconf 78' lang='lat' dir='ltr'>plurImorumque</span> <span class='ocrx_word' id='word_1_13' title='bbox 977 499 1169 582; x_wconf 81' lang='lat' dir='ltr'>antiquorum</span> 
     </span>
     <span class='ocr_line' id='line_1_3' title="bbox 63 605 1169 688; baseline 0.003 -17"><span class='ocrx_word' id='word_1_14' title='bbox 63 609 169 688; x_wconf 86' lang='lat' dir='ltr'>judicio</span> <span class='ocrx_word' id='word_1_15' title='bbox 198 613 316 688; x_wconf 84' lang='lat' dir='ltr'>ceptum</span> <span class='ocrx_word' id='word_1_16' title='bbox 348 625 416 668; x_wconf 87' lang='lat' dir='ltr'>esse</span> <span class='ocrx_word' id='word_1_17' title='bbox 450 606 574 684; x_wconf 84' lang='lat' dir='ltr'>Trojern</span> <span class='ocrx_word' id='word_1_18' title='bbox 606 605 719 668; x_wconf 84' lang='lat' dir='ltr'>mensis</span> <span class='ocrx_word' id='word_1_19' title='bbox 746 605 954 687; x_wconf 78' lang='lat' dir='ltr'>&#39;Ihergelionis</span> <span class='ocrx_word' id='word_1_20' title='bbox 984 607 1032 671; x_wconf 90' lang='lat' dir='ltr'>die</span> <span class='ocrx_word' id='word_1_21' title='bbox 1060 611 1169 674; x_wconf 86' lang='lat' dir='ltr'>XXIII</span> 
     </span>
     <span class='ocr_line' id='line_1_4' title="bbox 68 711 1168 798; baseline 0.003 -20"><span class='ocrx_word' id='word_1_22' title='bbox 68 717 124 795; x_wconf 85' lang='lat' dir='ltr'>(vel</span> <span class='ocrx_word' id='word_1_23' title='bbox 148 723 255 780; x_wconf 84' lang='lat' dir='ltr'>octavo</span> <span class='ocrx_word' id='word_1_24' title='bbox 281 714 417 794; x_wconf 88' lang='lat' dir='ltr'>ejusdem</span> <span class='ocrx_word' id='word_1_25' title='bbox 442 713 553 776; x_wconf 82' lang='lat' dir='ltr'>mensis</span> <span class='ocrx_word' id='word_1_26' title='bbox 582 711 764 798; x_wconf 75' lang='grc' dir='ltr'>φθίνοντος).</span> <span class='ocrx_word' id='word_1_27' title='bbox 812 715 929 777; x_wconf 84' lang='lat' dir='ltr'>Primus</span> <span class='ocrx_word' id='word_1_28' title='bbox 959 717 1168 798; x_wconf 87' lang='lat' dir='ltr'>&#39;Ihergelionis</span> 
     </span>
     <span class='ocr_line' id='line_1_5' title="bbox 68 821 1170 903; baseline 0.002 -18"><span class='ocrx_word' id='word_1_29' title='bbox 68 825 125 887; x_wconf 89' lang='lat' dir='ltr'>dies</span> <span class='ocrx_word' id='word_1_30' title='bbox 154 832 199 888; x_wconf 92' lang='lat' dir='ltr'>est</span> <span class='ocrx_word' id='word_1_31' title='bbox 226 825 299 886; x_wconf 92' lang='lat' dir='ltr'>XIII</span> <span class='ocrx_word' id='word_1_32' title='bbox 326 829 396 885; x_wconf 76' lang='lat' dir='ltr'>aute</span> <span class='ocrx_word' id='word_1_33' title='bbox 423 821 488 885; x_wconf 76' lang='lat' dir='ltr'>cal.</span> <span class='ocrx_word' id='word_1_34' title='bbox 516 823 585 885; x_wconf 86' lang='lat' dir='ltr'>Jun.</span> <span class='ocrx_word' id='word_1_35' title='bbox 613 822 678 884; x_wconf 75' lang='lat' dir='ltr'>siue</span> <span class='ocrx_word' id='word_1_36' title='bbox 706 821 775 882; x_wconf 90' lang='lat' dir='ltr'>XX</span> <span class='ocrx_word' id='word_1_37' title='bbox 811 823 923 886; x_wconf 85' lang='lat' dir='ltr'>mensis</span> <span class='ocrx_word' id='word_1_38' title='bbox 950 824 1037 903; x_wconf 76' lang='lat' dir='ltr'>Maii,</span> <span class='ocrx_word' id='word_1_39' title='bbox 1070 827 1111 889; x_wconf 86' lang='lat' dir='ltr'>itu</span> <span class='ocrx_word' id='word_1_40' title='bbox 1136 831 1170 888; x_wconf 89' lang='lat' dir='ltr'>ut</span> 
     </span>
     <span class='ocr_line' id='line_1_6' title="bbox 67 929 1169 1009; baseline 0.002 -15"><span class='ocrx_word' id='word_1_41' title='bbox 67 933 163 996; x_wconf 86' lang='lat' dir='ltr'>XXIII</span> <span class='ocrx_word' id='word_1_42' title='bbox 188 932 269 994; x_wconf 88' lang='lat' dir='ltr'>illius</span> <span class='ocrx_word' id='word_1_43' title='bbox 296 932 409 994; x_wconf 81' lang='lat' dir='ltr'>mensis</span> <span class='ocrx_word' id='word_1_44' title='bbox 440 930 505 994; x_wconf 89' lang='lat' dir='ltr'>dies</span> <span class='ocrx_word' id='word_1_45' title='bbox 532 929 756 1009; x_wconf 78' lang='lat' dir='ltr'>comparandus</span> <span class='ocrx_word' id='word_1_46' title='bbox 784 930 824 994; x_wconf 91' lang='lat' dir='ltr'>sit</span> <span class='ocrx_word' id='word_1_47' title='bbox 851 951 920 994; x_wconf 88' lang='lat' dir='ltr'>cum</span> <span class='ocrx_word' id='word_1_48' title='bbox 948 932 986 994; x_wconf 93' lang='lat' dir='ltr'>III</span> <span class='ocrx_word' id='word_1_49' title='bbox 1008 941 1076 996; x_wconf 76' lang='lat' dir='ltr'>ente</span> <span class='ocrx_word' id='word_1_50' title='bbox 1097 933 1169 996; x_wconf 79' lang='lat' dir='ltr'>Idus</span> 
     </span>
     <span class='ocr_line' id='line_1_7' title="bbox 66 1036 1169 1124; baseline 0.001 -22"><span class='ocrx_word' id='word_1_51' title='bbox 66 1041 126 1104; x_wconf 85' lang='lat' dir='ltr'>Jun</span> <span class='ocrx_word' id='word_1_52' title='bbox 147 1041 197 1124; x_wconf 92' lang='lat' dir='ltr'>qni</span> <span class='ocrx_word' id='word_1_53' title='bbox 225 1047 272 1103; x_wconf 85' lang='lat' dir='ltr'>est</span> <span class='ocrx_word' id='word_1_54' title='bbox 298 1039 346 1100; x_wconf 96' lang='lat' dir='ltr'>XI</span> <span class='ocrx_word' id='word_1_55' title='bbox 365 1037 448 1102; x_wconf 84' lang='lat' dir='ltr'>Junii</span> <span class='ocrx_word' id='word_1_56' title='bbox 475 1037 586 1100; x_wconf 86' lang='lat' dir='ltr'>mensis</span> <span class='ocrx_word' id='word_1_57' title='bbox 612 1036 686 1101; x_wconf 87' lang='lat' dir='ltr'>dies.</span> <span class='ocrx_word' id='word_1_58' title='bbox 724 1039 792 1101; x_wconf 88' lang='lat' dir='ltr'>Hoc</span> <span class='ocrx_word' id='word_1_59' title='bbox 815 1038 864 1100; x_wconf 90' lang='lat' dir='ltr'>die</span> <span class='ocrx_word' id='word_1_60' title='bbox 884 1045 957 1119; x_wconf 89' lang='lat' dir='ltr'>post</span> <span class='ocrx_word' id='word_1_61' title='bbox 979 1039 1169 1121; x_wconf 75' lang='lat' dir='ltr'>vergssierum</span> 
     </span>
     <span class='ocr_line' id='line_1_8' title="bbox 66 1144 1248 1230; baseline 0.003 -22"><span class='ocrx_word' id='word_1_62' title='bbox 66 1157 157 1210; x_wconf 90' lang='lat' dir='ltr'>ortum</span> <span class='ocrx_word' id='word_1_63' title='bbox 178 1147 371 1224; x_wconf 71' lang='lat' dir='ltr'>munitium,</span> <span class='ocrx_word' id='word_1_64' title='bbox 407 1146 459 1228; x_wconf 92' lang='lat' dir='ltr'>qui</span> <span class='ocrx_word' id='word_1_65' title='bbox 485 1145 607 1210; x_wconf 71' lang='lat' dir='ltr'>aestatis</span> <span class='ocrx_word' id='word_1_66' title='bbox 639 1144 756 1209; x_wconf 87' lang='lat' dir='ltr'>initium</span> <span class='ocrx_word' id='word_1_67' title='bbox 785 1145 897 1208; x_wconf 81' lang='lat' dir='ltr'>indicat</span> <span class='ocrx_word' id='word_1_68' title='bbox 925 1151 1014 1230; x_wconf 83' lang='lat' dir='ltr'>etque</span> <span class='ocrx_word' id='word_1_69' title='bbox 1045 1147 1077 1210; x_wconf 89' lang='lat' dir='ltr'>iu</span> <span class='ocrx_word' id='word_1_70' title='bbox 1102 1151 1169 1212; x_wconf 86' lang='lat' dir='ltr'>Mu·</span> <span class='ocrx_word' id='word_1_71' title='bbox 1246 1171 1248 1178; x_wconf 92' lang='lat'>·</span> 
     </span>
     <span class='ocr_line' id='line_1_9' title="bbox 65 1253 1169 1338; baseline 0.004 -22"><span class='ocrx_word' id='word_1_72' title='bbox 65 1257 214 1336; x_wconf 80' lang='lat' dir='ltr'>nycItiouis</span> <span class='ocrx_word' id='word_1_73' title='bbox 250 1255 331 1317; x_wconf 88' lang='lat' dir='ltr'>diem</span> <span class='ocrx_word' id='word_1_74' title='bbox 359 1255 485 1317; x_wconf 91' lang='lat' dir='ltr'>XXVII</span> <span class='ocrx_word' id='word_1_75' title='bbox 514 1255 563 1316; x_wconf 88' lang='lat' dir='ltr'>vel</span> <span class='ocrx_word' id='word_1_76' title='bbox 591 1254 683 1318; x_wconf 88' lang='lat' dir='ltr'>XVII</span> <span class='ocrx_word' id='word_1_77' title='bbox 707 1259 775 1316; x_wconf 83' lang='lat' dir='ltr'>ente</span> <span class='ocrx_word' id='word_1_78' title='bbox 803 1253 867 1318; x_wconf 79' lang='lat' dir='ltr'>cu.</span> <span class='ocrx_word' id='word_1_79' title='bbox 894 1255 963 1318; x_wconf 84' lang='lat' dir='ltr'>Jun.</span> <span class='ocrx_word' id='word_1_80' title='bbox 992 1256 1025 1336; x_wconf 90' lang='lat' dir='ltr'>(i.</span> <span class='ocrx_word' id='word_1_81' title='bbox 1044 1276 1069 1320; x_wconf 91' lang='lat' dir='ltr'>e.</span> <span class='ocrx_word' id='word_1_82' title='bbox 1097 1259 1169 1338; x_wconf 74' lang='lat' dir='ltr'>MsJi</span> 
     </span>
     <span class='ocr_line' id='line_1_10' title="bbox 65 1361 1169 1445; baseline 0.005 -22"><span class='ocrx_word' id='word_1_83' title='bbox 65 1364 165 1426; x_wconf 88' lang='lat' dir='ltr'>nensis</span> <span class='ocrx_word' id='word_1_84' title='bbox 195 1363 276 1426; x_wconf 89' lang='lat' dir='ltr'>diem</span> <span class='ocrx_word' id='word_1_85' title='bbox 291 1363 387 1445; x_wconf 83' lang='lat' dir='ltr'>XVI)</span> <span class='ocrx_word' id='word_1_86' title='bbox 408 1363 521 1442; x_wconf 75' lang='lat' dir='ltr'>incidit,</span> <span class='ocrx_word' id='word_1_87' title='bbox 551 1363 682 1443; x_wconf 87' lang='lat' dir='ltr'>primum</span> <span class='ocrx_word' id='word_1_88' title='bbox 702 1362 776 1424; x_wconf 83' lang='lat' dir='ltr'>lune</span> <span class='ocrx_word' id='word_1_89' title='bbox 798 1361 881 1424; x_wconf 82' lang='lat' dir='ltr'>circe</span> <span class='ocrx_word' id='word_1_90' title='bbox 899 1363 1029 1426; x_wconf 82' lang='lat' dir='ltr'>mediam</span> <span class='ocrx_word' id='word_1_91' title='bbox 1048 1371 1169 1428; x_wconf 88' lang='lat' dir='ltr'>noctem</span> 
     </span>
     <span class='ocr_line' id='line_1_11' title="bbox 66 1469 1168 1554; baseline 0.005 -22"><span class='ocrx_word' id='word_1_92' title='bbox 66 1480 162 1534; x_wconf 81' lang='lat' dir='ltr'>exortu</span> <span class='ocrx_word' id='word_1_93' title='bbox 182 1479 237 1535; x_wconf 77' lang='lat' dir='ltr'>est</span> <span class='ocrx_word' id='word_1_94' title='bbox 280 1477 381 1554; x_wconf 81' lang='lat' dir='ltr'>Quum</span> <span class='ocrx_word' id='word_1_95' title='bbox 405 1478 505 1534; x_wconf 84' lang='lat' dir='ltr'>eutem</span> <span class='ocrx_word' id='word_1_96' title='bbox 534 1470 783 1551; x_wconf 88' lang='lat' dir='ltr'>Scirophoriouis</span> <span class='ocrx_word' id='word_1_97' title='bbox 813 1469 878 1532; x_wconf 88' lang='lat' dir='ltr'>dies</span> <span class='ocrx_word' id='word_1_98' title='bbox 899 1471 1014 1551; x_wconf 88' lang='lat' dir='ltr'>primus</span> <span class='ocrx_word' id='word_1_99' title='bbox 1036 1473 1076 1535; x_wconf 90' lang='lat' dir='ltr'>sit</span> <span class='ocrx_word' id='word_1_100' title='bbox 1094 1475 1168 1538; x_wconf 92' lang='lat' dir='ltr'>XIII</span> 
     </span>
     <span class='ocr_line' id='line_1_12' title="bbox 64 1578 1200 1655; baseline 0.002 -17"><span class='ocrx_word' id='word_1_101' title='bbox 64 1586 125 1640; x_wconf 81' lang='lat' dir='ltr'>ente</span> <span class='ocrx_word' id='word_1_102' title='bbox 142 1579 205 1643; x_wconf 81' lang='lat' dir='ltr'>Cel.</span> <span class='ocrx_word' id='word_1_103' title='bbox 233 1579 292 1642; x_wconf 81' lang='lat' dir='ltr'>Iul.</span> <span class='ocrx_word' id='word_1_104' title='bbox 315 1579 379 1641; x_wconf 83' lang='lat' dir='ltr'>sive</span> <span class='ocrx_word' id='word_1_105' title='bbox 406 1579 489 1641; x_wconf 87' lang='lat' dir='ltr'>Junii</span> <span class='ocrx_word' id='word_1_106' title='bbox 511 1579 620 1640; x_wconf 86' lang='lat' dir='ltr'>mensis</span> <span class='ocrx_word' id='word_1_107' title='bbox 648 1578 712 1640; x_wconf 90' lang='lat' dir='ltr'>dies</span> <span class='ocrx_word' id='word_1_108' title='bbox 730 1579 821 1655; x_wconf 86' lang='lat' dir='ltr'>XIX,</span> <span class='ocrx_word' id='word_1_109' title='bbox 842 1599 878 1641; x_wconf 84' lang='lat' dir='ltr'>ee</span> <span class='ocrx_word' id='word_1_110' title='bbox 900 1579 1060 1643; x_wconf 87' lang='lat' dir='ltr'>solstitium</span> <span class='ocrx_word' id='word_1_111' title='bbox 1081 1583 1168 1646; x_wconf 85' lang='lat' dir='ltr'>eesti-</span> <span class='ocrx_word' id='word_1_112' title='bbox 1193 1624 1200 1640; x_wconf 91' lang='lat'>.</span> 
     </span>
     <span class='ocr_line' id='line_1_13' title="bbox 64 1686 1168 1752; baseline 0.005 -5"><span class='ocrx_word' id='word_1_113' title='bbox 64 1704 181 1750; x_wconf 80' lang='lat' dir='ltr'>rumex</span> <span class='ocrx_word' id='word_1_114' title='bbox 201 1686 335 1750; x_wconf 85' lang='lat' dir='ltr'>Metonis</span> <span class='ocrx_word' id='word_1_115' title='bbox 354 1687 567 1750; x_wconf 78' lang='lat' dir='ltr'>observatione</span> <span class='ocrx_word' id='word_1_116' title='bbox 585 1686 703 1748; x_wconf 78' lang='lat' dir='ltr'>accidet</span> <span class='ocrx_word' id='word_1_117' title='bbox 720 1687 750 1748; x_wconf 94' lang='lat' dir='ltr'>V</span> <span class='ocrx_word' id='word_1_118' title='bbox 768 1693 838 1748; x_wconf 84' lang='lat' dir='ltr'>ente</span> <span class='ocrx_word' id='word_1_119' title='bbox 859 1687 922 1750; x_wconf 80' lang='lat' dir='ltr'>Cel.</span> <span class='ocrx_word' id='word_1_120' title='bbox 943 1686 1004 1752; x_wconf 83' lang='lat' dir='ltr'>Jul.</span> <span class='ocrx_word' id='word_1_121' title='bbox 1025 1688 1089 1752; x_wconf 90' lang='lat' dir='ltr'>sive</span> <span class='ocrx_word' id='word_1_122' title='bbox 1118 1690 1168 1752; x_wconf 90' lang='lat' dir='ltr'>die</span> 
     </span>
     <span class='ocr_line' id='line_1_14' title="bbox 62 1792 1168 1877; baseline 0.005 -21"><span class='ocrx_word' id='word_1_123' title='bbox 62 1793 176 1858; x_wconf 90' lang='lat' dir='ltr'>XXVII</span> <span class='ocrx_word' id='word_1_124' title='bbox 196 1795 282 1858; x_wconf 90' lang='lat' dir='ltr'>Junii</span> <span class='ocrx_word' id='word_1_125' title='bbox 303 1795 413 1858; x_wconf 82' lang='lat' dir='ltr'>mensis</span> <span class='ocrx_word' id='word_1_126' title='bbox 440 1796 468 1858; x_wconf 88' lang='lat' dir='ltr'>h.</span> <span class='ocrx_word' id='word_1_127' title='bbox 488 1815 513 1858; x_wconf 92' lang='lat' dir='ltr'>e.</span> <span class='ocrx_word' id='word_1_128' title='bbox 543 1813 627 1857; x_wconf 91' lang='lat' dir='ltr'>nono</span> <span class='ocrx_word' id='word_1_129' title='bbox 647 1792 896 1873; x_wconf 88' lang='lat' dir='ltr'>Scirophorionis</span> <span class='ocrx_word' id='word_1_130' title='bbox 915 1794 972 1870; x_wconf 89' lang='lat' dir='ltr'>die,</span> <span class='ocrx_word' id='word_1_131' title='bbox 995 1796 1168 1877; x_wconf 86' lang='lat' dir='ltr'>sequiture</span> 
     </span>
     <span class='ocr_line' id='line_1_15' title="bbox 64 1901 1168 1984; baseline 0.004 -22"><span class='ocrx_word' id='word_1_132' title='bbox 64 1901 106 1964; x_wconf 87' lang='lat' dir='ltr'>die</span> <span class='ocrx_word' id='word_1_133' title='bbox 125 1905 237 1984; x_wconf 80' lang='lat' dir='ltr'>I&#39;rojse</span> <span class='ocrx_word' id='word_1_134' title='bbox 258 1903 376 1966; x_wconf 77' lang='lat' dir='ltr'>dirutae</span> <span class='ocrx_word' id='word_1_135' title='bbox 398 1904 438 1965; x_wconf 78' lang='lat' dir='ltr'>ad</span> <span class='ocrx_word' id='word_1_136' title='bbox 461 1903 539 1965; x_wconf 88' lang='lat' dir='ltr'>diem</span> <span class='ocrx_word' id='word_1_137' title='bbox 562 1901 691 1980; x_wconf 86' lang='lat' dir='ltr'>solstitii,</span> <span class='ocrx_word' id='word_1_138' title='bbox 720 1902 746 1963; x_wconf 92' lang='lat' dir='ltr'>si</span> <span class='ocrx_word' id='word_1_139' title='bbox 771 1907 900 1982; x_wconf 87' lang='lat' dir='ltr'>uterque</span> <span class='ocrx_word' id='word_1_140' title='bbox 924 1910 1060 1965; x_wconf 87' lang='lat' dir='ltr'>veterum</span> <span class='ocrx_word' id='word_1_141' title='bbox 1081 1923 1168 1967; x_wconf 89' lang='lat' dir='ltr'>more</span> 
     </span>
     <span class='ocr_line' id='line_1_16' title="bbox 63 2010 1168 2094; baseline 0.004 -22"><span class='ocrx_word' id='word_1_142' title='bbox 63 2017 282 2089; x_wconf 81' lang='lat' dir='ltr'>annumeratur,</span> <span class='ocrx_word' id='word_1_143' title='bbox 323 2010 529 2094; x_wconf 82' lang='lat' dir='ltr'>septendecim</span> <span class='ocrx_word' id='word_1_144' title='bbox 560 2011 676 2072; x_wconf 90' lang='lat' dir='ltr'>dierum</span> <span class='ocrx_word' id='word_1_145' title='bbox 709 2028 868 2072; x_wconf 89' lang='lat' dir='ltr'>numerum</span> <span class='ocrx_word' id='word_1_146' title='bbox 900 2029 981 2088; x_wconf 86' lang='lat' dir='ltr'>esse,</span> <span class='ocrx_word' id='word_1_147' title='bbox 1018 2013 1049 2074; x_wconf 91' lang='lat' dir='ltr'>id</span> <span class='ocrx_word' id='word_1_148' title='bbox 1083 2014 1168 2094; x_wconf 90' lang='lat' dir='ltr'>quod</span> 
     </span>
     <span class='ocr_line' id='line_1_17' title="bbox 64 2117 1168 2200; baseline 0.004 -20"><span class='ocrx_word' id='word_1_149' title='bbox 64 2119 220 2200; x_wconf 78' lang='lat' dir='ltr'>Dionysius</span> <span class='ocrx_word' id='word_1_150' title='bbox 243 2118 355 2182; x_wconf 84' lang='lat' dir='ltr'>diserte</span> <span class='ocrx_word' id='word_1_151' title='bbox 376 2119 457 2182; x_wconf 80' lang='lat' dir='ltr'>dicit</span> <span class='ocrx_word' id='word_1_152' title='bbox 501 2117 640 2200; x_wconf 91' lang='lat' dir='ltr'>Denique</span> <span class='ocrx_word' id='word_1_153' title='bbox 665 2137 757 2200; x_wconf 90' lang='lat' dir='ltr'>quum</span> <span class='ocrx_word' id='word_1_154' title='bbox 779 2117 848 2179; x_wconf 82' lang='lat' dir='ltr'>enni</span> <span class='ocrx_word' id='word_1_155' title='bbox 868 2119 935 2180; x_wconf 82' lang='lat' dir='ltr'>finIs</span> <span class='ocrx_word' id='word_1_156' title='bbox 955 2119 1168 2199; x_wconf 85' lang='lat' dir='ltr'>Seirophorio-</span> 
     </span>
     <span class='ocr_line' id='line_1_18' title="bbox 65 2223 1168 2306; baseline 0.004 -20"><span class='ocrx_word' id='word_1_157' title='bbox 65 2225 106 2286; x_wconf 88' lang='lat' dir='ltr'>nis</span> <span class='ocrx_word' id='word_1_158' title='bbox 126 2229 173 2290; x_wconf 84' lang='lat' dir='ltr'>die</span> <span class='ocrx_word' id='word_1_159' title='bbox 193 2229 313 2290; x_wconf 93' lang='lat' dir='ltr'>XXIX</span> <span class='ocrx_word' id='word_1_160' title='bbox 334 2227 353 2290; x_wconf 88' lang='lat' dir='ltr'>i.</span> <span class='ocrx_word' id='word_1_161' title='bbox 374 2246 400 2290; x_wconf 88' lang='lat' dir='ltr'>e.</span> <span class='ocrx_word' id='word_1_162' title='bbox 420 2227 498 2288; x_wconf 92' lang='lat' dir='ltr'>XVI</span> <span class='ocrx_word' id='word_1_163' title='bbox 520 2231 589 2288; x_wconf 80' lang='lat' dir='ltr'>ente</span> <span class='ocrx_word' id='word_1_164' title='bbox 608 2223 673 2288; x_wconf 80' lang='lat' dir='ltr'>uu.</span> <span class='ocrx_word' id='word_1_165' title='bbox 689 2227 767 2306; x_wconf 80' lang='lat' dir='ltr'>Aug.</span> <span class='ocrx_word' id='word_1_166' title='bbox 785 2227 834 2289; x_wconf 90' lang='lat' dir='ltr'>vel</span> <span class='ocrx_word' id='word_1_167' title='bbox 854 2227 945 2288; x_wconf 92' lang='lat' dir='ltr'>XVII</span> <span class='ocrx_word' id='word_1_168' title='bbox 962 2229 1073 2291; x_wconf 85' lang='lat' dir='ltr'>mensis</span> <span class='ocrx_word' id='word_1_169' title='bbox 1093 2228 1168 2291; x_wconf 84' lang='lat' dir='ltr'>JuIii</span> 
     </span>
     <span class='ocr_line' id='line_1_19' title="bbox 65 2333 1167 2417; baseline 0.005 -23"><span class='ocrx_word' id='word_1_170' title='bbox 65 2333 106 2396; x_wconf 85' lang='lat' dir='ltr'>die</span> <span class='ocrx_word' id='word_1_171' title='bbox 126 2335 225 2412; x_wconf 71' lang='lat' dir='ltr'>inerit,</span> <span class='ocrx_word' id='word_1_172' title='bbox 245 2354 437 2417; x_wconf 90' lang='lat' dir='ltr'>consequens</span> <span class='ocrx_word' id='word_1_173' title='bbox 461 2341 516 2411; x_wconf 88' lang='lat' dir='ltr'>est,</span> <span class='ocrx_word' id='word_1_174' title='bbox 540 2339 574 2394; x_wconf 91' lang='lat' dir='ltr'>ut</span> <span class='ocrx_word' id='word_1_175' title='bbox 594 2341 666 2414; x_wconf 87' lang='lat' dir='ltr'>post</span> <span class='ocrx_word' id='word_1_176' title='bbox 685 2333 806 2396; x_wconf 92' lang='lat' dir='ltr'>solstitii</span> <span class='ocrx_word' id='word_1_177' title='bbox 826 2335 905 2398; x_wconf 89' lang='lat' dir='ltr'>diem</span> <span class='ocrx_word' id='word_1_178' title='bbox 925 2335 1030 2416; x_wconf 78' lang='lat' dir='ltr'>viginti</span> <span class='ocrx_word' id='word_1_179' title='bbox 1051 2336 1167 2399; x_wconf 85' lang='lat' dir='ltr'>dierum</span> 
     </span>
     <span class='ocr_line' id='line_1_20' title="bbox 65 2441 1167 2523; baseline 0.004 -21"><span class='ocrx_word' id='word_1_180' title='bbox 65 2445 181 2522; x_wconf 78' lang='lat' dir='ltr'>spatium</span> <span class='ocrx_word' id='word_1_181' title='bbox 197 2449 270 2506; x_wconf 85' lang='lat' dir='ltr'>ente</span> <span class='ocrx_word' id='word_1_182' title='bbox 288 2442 358 2506; x_wconf 82' lang='lat' dir='ltr'>enni</span> <span class='ocrx_word' id='word_1_183' title='bbox 372 2445 462 2506; x_wconf 86' lang='lat' dir='ltr'>finem</span> <span class='ocrx_word' id='word_1_184' title='bbox 480 2442 665 2523; x_wconf 83' lang='lat' dir='ltr'>superfuisse</span> <span class='ocrx_word' id='word_1_185' title='bbox 683 2441 843 2506; x_wconf 89' lang='lat' dir='ltr'>dicendum</span> <span class='ocrx_word' id='word_1_186' title='bbox 866 2445 913 2521; x_wconf 89' lang='lat' dir='ltr'>sit,</span> <span class='ocrx_word' id='word_1_187' title='bbox 936 2450 972 2507; x_wconf 88' lang='lat' dir='ltr'>ut</span> <span class='ocrx_word' id='word_1_188' title='bbox 993 2443 1072 2506; x_wconf 86' lang='lat' dir='ltr'>idem</span> <span class='ocrx_word' id='word_1_189' title='bbox 1093 2445 1167 2506; x_wconf 81' lang='lat' dir='ltr'>Dio</span> 
     </span>
     <span class='ocr_line' id='line_1_21' title="bbox 65 2548 1166 2633; baseline 0.003 -22"><span class='ocrx_word' id='word_1_190' title='bbox 65 2552 157 2630; x_wconf 77' lang='lat' dir='ltr'>nysius</span> <span class='ocrx_word' id='word_1_191' title='bbox 176 2552 318 2614; x_wconf 75' lang='lat' dir='ltr'>affirmet.</span> <span class='ocrx_word' id='word_1_192' title='bbox 359 2550 460 2633; x_wconf 81' lang='lat' dir='ltr'>Atque</span> <span class='ocrx_word' id='word_1_193' title='bbox 480 2552 557 2613; x_wconf 81' lang='lat' dir='ltr'>hoec</span> <span class='ocrx_word' id='word_1_194' title='bbox 577 2549 698 2632; x_wconf 88' lang='lat' dir='ltr'>quidem</span> <span class='ocrx_word' id='word_1_195' title='bbox 719 2548 757 2612; x_wconf 90' lang='lat' dir='ltr'>de</span> <span class='ocrx_word' id='word_1_196' title='bbox 779 2551 828 2614; x_wconf 86' lang='lat' dir='ltr'>die</span> <span class='ocrx_word' id='word_1_197' title='bbox 848 2551 979 2614; x_wconf 80' lang='lat' dir='ltr'>sufficiat</span> <span class='ocrx_word' id='word_1_198' title='bbox 1006 2551 1166 2615; x_wconf 88' lang='lat' dir='ltr'>rettulisse.</span> 
     </span>
     <span class='ocr_line' id='line_1_22' title="bbox 65 2658 1167 2737; baseline 0.005 -19"><span class='ocrx_word' id='word_1_199' title='bbox 65 2659 105 2720; x_wconf 88' lang='lat' dir='ltr'>De</span> <span class='ocrx_word' id='word_1_200' title='bbox 124 2679 201 2723; x_wconf 82' lang='lat' dir='ltr'>enno</span> <span class='ocrx_word' id='word_1_201' title='bbox 223 2659 341 2722; x_wconf 80' lang='lat' dir='ltr'>dirutae</span> <span class='ocrx_word' id='word_1_202' title='bbox 370 2659 481 2737; x_wconf 78' lang='lat' dir='ltr'>Troiae</span> <span class='ocrx_word' id='word_1_203' title='bbox 503 2658 582 2721; x_wconf 90' lang='lat' dir='ltr'>duos</span> <span class='ocrx_word' id='word_1_204' title='bbox 612 2665 727 2722; x_wconf 80' lang='lat' dir='ltr'>tentum</span> <span class='ocrx_word' id='word_1_205' title='bbox 754 2667 891 2723; x_wconf 87' lang='lat' dir='ltr'>veterum</span> <span class='ocrx_word' id='word_1_206' title='bbox 917 2659 1006 2721; x_wconf 92' lang='lat' dir='ltr'>locos</span> <span class='ocrx_word' id='word_1_207' title='bbox 1026 2659 1167 2723; x_wconf 80' lang='lat' dir='ltr'>laudabo.</span> 
     </span>
     <span class='ocr_line' id='line_1_23' title="bbox 64 2764 1168 2848; baseline 0 -20"><span class='ocrx_word' id='word_1_208' title='bbox 64 2765 140 2829; x_wconf 84' lang='lat' dir='ltr'>Alter</span> <span class='ocrx_word' id='word_1_209' title='bbox 157 2775 203 2832; x_wconf 89' lang='lat' dir='ltr'>est</span> <span class='ocrx_word' id='word_1_210' title='bbox 226 2767 310 2848; x_wconf 79' lang='lat' dir='ltr'>apud</span> <span class='ocrx_word' id='word_1_211' title='bbox 328 2764 602 2847; x_wconf 68' lang='lat' dir='ltr'>Censorinum⁴⁶),</span> <span class='ocrx_word' id='word_1_212' title='bbox 621 2767 674 2830; x_wconf 91' lang='lat' dir='ltr'>nbi</span> <span class='ocrx_word' id='word_1_213' title='bbox 688 2769 787 2830; x_wconf 81' lang='lat' dir='ltr'>Varro</span> <span class='ocrx_word' id='word_1_214' title='bbox 807 2785 865 2828; x_wconf 90' lang='lat' dir='ltr'>nos</span> <span class='ocrx_word' id='word_1_215' title='bbox 888 2765 1042 2847; x_wconf 53' lang='lat' dir='ltr'>docem)</span> <span class='ocrx_word' id='word_1_216' title='bbox 1063 2767 1100 2828; x_wconf 83' lang='lat' dir='ltr'>eb</span> <span class='ocrx_word' id='word_1_217' title='bbox 1121 2767 1168 2828; x_wconf 90' lang='lat' dir='ltr'>Ilii</span> 
     </span>
     <span class='ocr_line' id='line_1_24' title="bbox 66 2873 1168 2957; baseline 0.004 -23"><span class='ocrx_word' id='word_1_218' title='bbox 66 2877 174 2939; x_wconf 87' lang='lat' dir='ltr'>excidio</span> <span class='ocrx_word' id='word_1_219' title='bbox 195 2875 238 2938; x_wconf 75' lang='lat' dir='ltr'>ad</span> <span class='ocrx_word' id='word_1_220' title='bbox 260 2873 381 2957; x_wconf 87' lang='lat' dir='ltr'>Olymp.</span> <span class='ocrx_word' id='word_1_221' title='bbox 404 2877 418 2938; x_wconf 96' lang='lat' dir='ltr'>I</span> <span class='ocrx_word' id='word_1_222' title='bbox 438 2893 535 2938; x_wconf 83' lang='lat' dir='ltr'>annos</span> <span class='ocrx_word' id='word_1_223' title='bbox 554 2893 622 2937; x_wconf 92' lang='lat' dir='ltr'>esse</span> <span class='ocrx_word' id='word_1_224' title='bbox 653 2874 745 2955; x_wconf 78' lang='lat' dir='ltr'>paulo</span> <span class='ocrx_word' id='word_1_225' title='bbox 764 2874 835 2956; x_wconf 89' lang='lat' dir='ltr'>plus</span> <span class='ocrx_word' id='word_1_226' title='bbox 856 2893 946 2956; x_wconf 84' lang='lat' dir='ltr'>quam</span> <span class='ocrx_word' id='word_1_227' title='bbox 964 2873 1086 2952; x_wconf 93' lang='grc'>0000,</span> <span class='ocrx_word' id='word_1_228' title='bbox 1111 2874 1168 2938; x_wconf 87' lang='lat' dir='ltr'>hos</span> 
     </span>
     <span class='ocr_line' id='line_1_25' title="bbox 64 2982 1167 3066; baseline 0.003 -23"><span class='ocrx_word' id='word_1_229' title='bbox 64 2989 153 3046; x_wconf 83' lang='lat' dir='ltr'>eutem</span> <span class='ocrx_word' id='word_1_230' title='bbox 180 2983 317 3047; x_wconf 90' lang='lat' dir='ltr'>voluisse</span> <span class='ocrx_word' id='word_1_231' title='bbox 344 2983 509 3046; x_wconf 90' lang='lat' dir='ltr'>nonnullos</span> <span class='ocrx_word' id='word_1_232' title='bbox 538 2983 650 3046; x_wconf 86' lang='lat' dir='ltr'>certius</span> <span class='ocrx_word' id='word_1_233' title='bbox 666 2982 812 3057; x_wconf 82' lang='lat' dir='ltr'>·deiinire;</span> <span class='ocrx_word' id='word_1_234' title='bbox 842 2988 892 3060; x_wconf 86' lang='lat' dir='ltr'>„et</span> <span class='ocrx_word' id='word_1_235' title='bbox 911 2982 1040 3066; x_wconf 90' lang='lat' dir='ltr'>quidem,</span> <span class='ocrx_word' id='word_1_236' title='bbox 1062 2983 1167 3065; x_wconf 78' lang='lat' dir='ltr'>inquit,</span> 
     </span>
     <span class='ocr_line' id='line_1_26' title="bbox 65 3089 1168 3171; baseline 0 -19"><span class='ocrx_word' id='word_1_237' title='bbox 65 3089 193 3154; x_wconf 88' lang='lat' dir='ltr'>Sosibius</span> <span class='ocrx_word' id='word_1_238' title='bbox 222 3090 345 3171; x_wconf 85' lang='lat' dir='ltr'>scripsit</span> <span class='ocrx_word' id='word_1_239' title='bbox 375 3109 443 3153; x_wconf 89' lang='lat' dir='ltr'>esse</span> <span class='ocrx_word' id='word_1_240' title='bbox 467 3090 653 3168; x_wconf 84' lang='lat' dir='ltr'>GCOXOV,</span> <span class='ocrx_word' id='word_1_241' title='bbox 681 3091 896 3152; x_wconf 81' lang='lat' dir='ltr'>Eratosthenes</span> <span class='ocrx_word' id='word_1_242' title='bbox 924 3097 1024 3152; x_wconf 86' lang='lat' dir='ltr'>eutem</span> <span class='ocrx_word' id='word_1_243' title='bbox 1052 3097 1168 3171; x_wconf 87' lang='lat' dir='ltr'>septem</span> 
     </span>
     <span class='ocr_line' id='line_1_27' title="bbox 64 3197 1169 3278; baseline 0.004 -21"><span class='ocrx_word' id='word_1_244' title='bbox 64 3204 90 3258; x_wconf 86' lang='lat' dir='ltr'>et</span> <span class='ocrx_word' id='word_1_245' title='bbox 106 3199 225 3277; x_wconf 81' lang='lat' dir='ltr'>CCCC,</span> <span class='ocrx_word' id='word_1_246' title='bbox 259 3198 401 3261; x_wconf 77' lang='lat' dir='ltr'>Timaeus</span> <span class='ocrx_word' id='word_1_247' title='bbox 423 3197 636 3274; x_wconf 77' lang='lat' dir='ltr'>ccccxvii,</span> <span class='ocrx_word' id='word_1_248' title='bbox 666 3198 776 3260; x_wconf 82' lang='lat' dir='ltr'>Aretes</span> <span class='ocrx_word' id='word_1_249' title='bbox 797 3197 920 3274; x_wconf 87' lang='lat' dir='ltr'>DXIV,</span> <span class='ocrx_word' id='word_1_250' title='bbox 951 3203 982 3260; x_wconf 88' lang='lat' dir='ltr'>et</span> <span class='ocrx_word' id='word_1_251' title='bbox 1011 3203 1169 3278; x_wconf 76' lang='lat' dir='ltr'>praetereo</span> 
     </span>
     <span class='ocr_line' id='line_1_28' title="bbox 65 3303 1169 3387; baseline 0.003 -23"><span class='ocrx_word' id='word_1_252' title='bbox 65 3306 141 3368; x_wconf 80' lang='lat' dir='ltr'>nruIti</span> <span class='ocrx_word' id='word_1_253' title='bbox 162 3305 311 3371; x_wconf 83' lang='lat' dir='ltr'>diverse.’&#39;</span> <span class='ocrx_word' id='word_1_254' title='bbox 349 3304 438 3368; x_wconf 82' lang='lat' dir='ltr'>Alter</span> <span class='ocrx_word' id='word_1_255' title='bbox 458 3305 540 3387; x_wconf 83' lang='lat' dir='ltr'>epod</span> <span class='ocrx_word' id='word_1_256' title='bbox 565 3303 822 3387; x_wconf 82' lang='lat' dir='ltr'>Clementem⁴⁷),</span> <span class='ocrx_word' id='word_1_257' title='bbox 843 3306 896 3369; x_wconf 93' lang='lat' dir='ltr'>ubi</span> <span class='ocrx_word' id='word_1_258' title='bbox 918 3325 937 3368; x_wconf 87' lang='lat' dir='ltr'>e</span> <span class='ocrx_word' id='word_1_259' title='bbox 957 3307 1169 3387; x_wconf 87' lang='lat' dir='ltr'>Demophonte</span> 
     </span>
    </p>
   </div>
   <div class='ocr_carea' id='block_1_3' title="bbox 127 3549 845 3616">
    <p class='ocr_par' dir='ltr' id='par_1_3' title="bbox 127 3549 845 3616">
     <span class='ocr_line' id='line_1_29' title="bbox 127 3549 845 3616; baseline 0.003 -17"><span class='ocrx_word' id='word_1_260' title='bbox 127 3552 165 3615; x_wconf 73' lang='lat'>⁶⁵)</span> <span class='ocrx_word' id='word_1_261' title='bbox 183 3551 271 3603; x_wconf 79' lang='lat' dir='ltr'>Varro</span> <span class='ocrx_word' id='word_1_262' title='bbox 287 3565 330 3616; x_wconf 87' lang='lat' dir='ltr'>ep.</span> <span class='ocrx_word' id='word_1_263' title='bbox 350 3551 526 3604; x_wconf 87' lang='lat' dir='ltr'>Censorinum</span> <span class='ocrx_word' id='word_1_264' title='bbox 547 3549 581 3602; x_wconf 89' lang='lat' dir='ltr'>de</span> <span class='ocrx_word' id='word_1_265' title='bbox 601 3549 645 3602; x_wconf 89' lang='lat' dir='ltr'>die</span> <span class='ocrx_word' id='word_1_266' title='bbox 664 3551 745 3601; x_wconf 81' lang='lat' dir='ltr'>neteii</span> <span class='ocrx_word' id='word_1_267' title='bbox 762 3563 786 3604; x_wconf 91' lang='grc' dir='ltr'>ο.</span> <span class='ocrx_word' id='word_1_268' title='bbox 803 3549 845 3602; x_wconf 75' lang='lat'>21.</span> 
     </span>
    </p>
   </div>
   <div class='ocr_carea' id='block_1_4' title="bbox 126 3641 1250 3708">
    <p class='ocr_par' dir='ltr' id='par_1_4' title="bbox 126 3641 1250 3708">
     <span class='ocr_line' id='line_1_30' title="bbox 126 3641 1250 3708; baseline -0.002 -14"><span class='ocrx_word' id='word_1_269' title='bbox 126 3643 165 3706; x_wconf 73' lang='lat'>⁴⁸)</span> <span class='ocrx_word' id='word_1_270' title='bbox 186 3645 228 3694; x_wconf 84' lang='lat' dir='ltr'>sio</span> <span class='ocrx_word' id='word_1_271' title='bbox 252 3644 325 3694; x_wconf 83' lang='lat' dir='ltr'>euim</span> <span class='ocrx_word' id='word_1_272' title='bbox 350 3655 478 3694; x_wconf 86' lang='lat' dir='ltr'>numeros</span> <span class='ocrx_word' id='word_1_273' title='bbox 502 3641 539 3693; x_wconf 87' lang='lat' dir='ltr'>ibi</span> <span class='ocrx_word' id='word_1_274' title='bbox 570 3642 753 3706; x_wconf 79' lang='lat' dir='ltr'>intelligendos</span> <span class='ocrx_word' id='word_1_275' title='bbox 778 3657 840 3696; x_wconf 87' lang='lat' dir='ltr'>esse</span> <span class='ocrx_word' id='word_1_276' title='bbox 863 3647 955 3696; x_wconf 86' lang='lat' dir='ltr'>monet</span> <span class='ocrx_word' id='word_1_277' title='bbox 978 3642 1106 3708; x_wconf 81' lang='lat' dir='ltr'>Lydietus</span> <span class='ocrx_word' id='word_1_278' title='bbox 1134 3641 1169 3692; x_wconf 85' lang='lat' dir='ltr'>ud</span> <span class='ocrx_word' id='word_1_279' title='bbox 1243 3689 1250 3706; x_wconf 77' lang='grc'><strong>,</strong></span> 
     </span>
    </p>
   </div>
   <div class='ocr_carea' id='block_1_5' title="bbox 65 3717 992 3791">
    <p class='ocr_par' dir='ltr' id='par_1_5' title="bbox 65 3717 992 3791">
     <span class='ocr_line' id='line_1_31' title="bbox 65 3717 992 3791; baseline 0.008 -23"><span class='ocrx_word' id='word_1_280' title='bbox 65 3717 147 3772; x_wconf 76' lang='lat' dir='ltr'>tium.</span> <span class='ocrx_word' id='word_1_281' title='bbox 165 3725 224 3776; x_wconf 81' lang='lat' dir='ltr'>Per.</span> <span class='ocrx_word' id='word_1_282' title='bbox 240 3739 266 3788; x_wconf 89' lang='lat' dir='ltr'>p.</span> <span class='ocrx_word' id='word_1_283' title='bbox 285 3719 343 3784; x_wconf 69' lang='lat'>251,</span> <span class='ocrx_word' id='word_1_284' title='bbox 365 3737 445 3788; x_wconf 87' lang='lat' dir='ltr'>quem</span> <span class='ocrx_word' id='word_1_285' title='bbox 463 3727 490 3774; x_wconf 89' lang='lat' dir='ltr'>et</span> <span class='ocrx_word' id='word_1_286' title='bbox 509 3723 657 3774; x_wconf 85' lang='lat' dir='ltr'>Boeckhius</span> <span class='ocrx_word' id='word_1_287' title='bbox 675 3722 691 3772; x_wconf 92' lang='grc' dir='ltr'>Ι.</span> <span class='ocrx_word' id='word_1_288' title='bbox 711 3723 726 3772; x_wconf 91' lang='lat' dir='ltr'>I.</span> <span class='ocrx_word' id='word_1_289' title='bbox 745 3737 772 3787; x_wconf 90' lang='lat' dir='ltr'>p.</span> <span class='ocrx_word' id='word_1_290' title='bbox 791 3721 842 3776; x_wconf 73' lang='lat'>324</span> <span class='ocrx_word' id='word_1_291' title='bbox 862 3726 992 3791; x_wconf 75' lang='lat' dir='ltr'>sequiiur.</span> 
     </span>
    </p>
   </div>
   <div class='ocr_carea' id='block_1_6' title="bbox 67 3811 1171 4366">
    <p class='ocr_par' dir='ltr' id='par_1_6' title="bbox 67 3811 1171 4366">
     <span class='ocr_line' id='line_1_32' title="bbox 125 3811 1170 3880; baseline -0.002 -14"><span class='ocrx_word' id='word_1_292' title='bbox 125 3813 165 3876; x_wconf 67' lang='lat' dir='ltr'>”t</span> <span class='ocrx_word' id='word_1_293' title='bbox 184 3815 265 3866; x_wconf 87' lang='lat' dir='ltr'>Clern.</span> <span class='ocrx_word' id='word_1_294' title='bbox 294 3817 391 3865; x_wconf 82' lang='lat' dir='ltr'>strom.</span> <span class='ocrx_word' id='word_1_295' title='bbox 408 3816 425 3864; x_wconf 88' lang='grc'>1.</span> <span class='ocrx_word' id='word_1_296' title='bbox 453 3828 478 3879; x_wconf 88' lang='lat' dir='ltr'>p.</span> <span class='ocrx_word' id='word_1_297' title='bbox 498 3811 548 3866; x_wconf 70' lang='lat'>336</span> <span class='ocrx_word' id='word_1_298' title='bbox 572 3815 614 3864; x_wconf 90' lang='lat' dir='ltr'>ed.</span> <span class='ocrx_word' id='word_1_299' title='bbox 636 3813 689 3864; x_wconf 91' lang='lat' dir='ltr'>Col.</span> <span class='ocrx_word' id='word_1_300' title='bbox 716 3814 832 3875; x_wconf 82' lang='lat' dir='ltr'>(Tomi</span> <span class='ocrx_word' id='word_1_301' title='bbox 858 3830 917 3880; x_wconf 67' lang='grc' dir='ltr'>ρος.</span> <span class='ocrx_word' id='word_1_302' title='bbox 936 3811 987 3866; x_wconf 65' lang='grc'>400</span> <span class='ocrx_word' id='word_1_303' title='bbox 1011 3815 1052 3865; x_wconf 83' lang='lat' dir='ltr'>erI</span> <span class='ocrx_word' id='word_1_304' title='bbox 1071 3814 1170 3865; x_wconf 84' lang='lat' dir='ltr'>Potter.</span> 
     </span>
     <span class='ocr_line' id='line_1_33' title="bbox 67 3887 1169 3964; baseline 0.001 -24"><span class='ocrx_word' id='word_1_305' title='bbox 67 3890 221 3946; x_wconf 83' lang='lat' dir='ltr'>I.ond.1715</span> <span class='ocrx_word' id='word_1_306' title='bbox 245 3896 287 3946; x_wconf 77' lang='lat' dir='ltr'>uei</span> <span class='ocrx_word' id='word_1_307' title='bbox 311 3907 371 3960; x_wconf 76' lang='lat' dir='ltr'>pag.</span> <span class='ocrx_word' id='word_1_308' title='bbox 394 3891 443 3944; x_wconf 71' lang='lat'>145</span> <span class='ocrx_word' id='word_1_309' title='bbox 470 3893 511 3945; x_wconf 87' lang='lat' dir='ltr'>ed.</span> <span class='ocrx_word' id='word_1_310' title='bbox 537 3895 669 3959; x_wconf 77' lang='lat' dir='ltr'>Syiburg.)</span> <span class='ocrx_word' id='word_1_311' title='bbox 711 3887 768 3946; x_wconf 77' lang='lat' dir='ltr'>Eut</span> <span class='ocrx_word' id='word_1_312' title='bbox 791 3893 819 3948; x_wconf 73' lang='grc' dir='ltr'>δὲ</span> <span class='ocrx_word' id='word_1_313' title='bbox 841 3893 867 3947; x_wconf 79' lang='grc' dir='ltr'>οἳ</span> <span class='ocrx_word' id='word_1_314' title='bbox 890 3893 941 3947; x_wconf 77' lang='grc' dir='ltr'>ἀπὸ</span> <span class='ocrx_word' id='word_1_315' title='bbox 967 3887 1103 3964; x_wconf 61' lang='grc' dir='ltr'>Κέκροπος</span> <span class='ocrx_word' id='word_1_316' title='bbox 1122 3891 1169 3960; x_wconf 82' lang='grc' dir='ltr'>μὲν</span> 
     </span>
     <span class='ocr_line' id='line_1_34' title="bbox 67 3967 1169 4047; baseline -0.002 -25"><span class='ocrx_word' id='word_1_317' title='bbox 67 3967 102 4022; x_wconf 72' lang='lat' dir='ltr'>ut</span> <span class='ocrx_word' id='word_1_318' title='bbox 120 3969 295 4046; x_wconf 68' lang='grc' dir='ltr'>Ἀλέξανδρον</span> <span class='ocrx_word' id='word_1_319' title='bbox 326 3971 371 4025; x_wconf 86' lang='grc' dir='ltr'>τὸν</span> <span class='ocrx_word' id='word_1_320' title='bbox 395 3969 538 4028; x_wconf 68' lang='lat' dir='ltr'>Messeides</span> <span class='ocrx_word' id='word_1_321' title='bbox 564 3973 715 4044; x_wconf 70' lang='grc' dir='ltr'>συνάγουσιν</span> <span class='ocrx_word' id='word_1_322' title='bbox 745 3973 790 4043; x_wconf 69' lang='grc' dir='ltr'>ἔτη</span> <span class='ocrx_word' id='word_1_323' title='bbox 820 3973 892 4047; x_wconf 70' lang='grc' dir='ltr'>χίλια</span> <span class='ocrx_word' id='word_1_324' title='bbox 913 3969 1056 4028; x_wconf 73' lang='grc' dir='ltr'>ὀκτακόσια</span> <span class='ocrx_word' id='word_1_325' title='bbox 1074 3967 1169 4021; x_wconf 75' lang='grc' dir='ltr'>εἴκοσιν</span> 
     </span>
     <span class='ocr_line' id='line_1_35' title="bbox 68 4047 1170 4126; baseline 0 -26"><span class='ocrx_word' id='word_1_326' title='bbox 68 4047 147 4104; x_wconf 66' lang='grc' dir='ltr'>ὀπτόν·</span> <span class='ocrx_word' id='word_1_327' title='bbox 177 4053 229 4107; x_wconf 78' lang='grc' dir='ltr'>ἀπὸ</span> <span class='ocrx_word' id='word_1_328' title='bbox 249 4053 277 4106; x_wconf 78' lang='lat' dir='ltr'>et</span> <span class='ocrx_word' id='word_1_329' title='bbox 300 4049 479 4124; x_wconf 77' lang='grc' dir='ltr'>Δημοφῶντος</span> <span class='ocrx_word' id='word_1_330' title='bbox 500 4051 571 4126; x_wconf 74' lang='grc' dir='ltr'>χίλια</span> <span class='ocrx_word' id='word_1_331' title='bbox 590 4052 710 4107; x_wconf 72' lang='grc' dir='ltr'>διακόσια</span> <span class='ocrx_word' id='word_1_332' title='bbox 729 4054 906 4126; x_wconf 53' lang='lat' dir='ltr'>neve-morra·</span> <span class='ocrx_word' id='word_1_333' title='bbox 930 4053 976 4106; x_wconf 74' lang='lat' dir='ltr'>sei</span> <span class='ocrx_word' id='word_1_334' title='bbox 1001 4049 1052 4104; x_wconf 78' lang='grc' dir='ltr'>ἀπὸ</span> <span class='ocrx_word' id='word_1_335' title='bbox 1075 4047 1170 4122; x_wconf 78' lang='grc' dir='ltr'>Τροίας</span> 
     </span>
     <span class='ocr_line' id='line_1_36' title="bbox 69 4127 1169 4206; baseline -0.005 -22"><span class='ocrx_word' id='word_1_336' title='bbox 69 4127 185 4192; x_wconf 73' lang='grc' dir='ltr'>ἁλώσεως</span> <span class='ocrx_word' id='word_1_337' title='bbox 212 4133 254 4186; x_wconf 67' lang='lat' dir='ltr'>tat</span> <span class='ocrx_word' id='word_1_338' title='bbox 278 4135 326 4206; x_wconf 74' lang='grc' dir='ltr'>τὴν</span> <span class='ocrx_word' id='word_1_339' title='bbox 351 4129 532 4204; x_wconf 72' lang='grc' dir='ltr'>Ἡρακλειδῶν</span> <span class='ocrx_word' id='word_1_340' title='bbox 560 4130 675 4186; x_wconf 73' lang='grc' dir='ltr'>κάθοδον</span> <span class='ocrx_word' id='word_1_341' title='bbox 707 4133 752 4204; x_wconf 74' lang='lat' dir='ltr'>Irrp</span> <span class='ocrx_word' id='word_1_342' title='bbox 777 4133 869 4187; x_wconf 76' lang='grc' dir='ltr'>ιιιοτὸν</span> <span class='ocrx_word' id='word_1_343' title='bbox 900 4131 1007 4194; x_wconf 69' lang='lat' dir='ltr'>eiecere,</span> <span class='ocrx_word' id='word_1_344' title='bbox 1038 4127 1169 4202; x_wconf 68' lang='grc' dir='ltr'>ἢιναιὸν</span> 
     </span>
     <span class='ocr_line' id='line_1_37' title="bbox 69 4207 1171 4288; baseline 0.001 -29"><span class='ocrx_word' id='word_1_345' title='bbox 69 4207 229 4282; x_wconf 53' lang='lat' dir='ltr'>miniscere.</span> <span class='ocrx_word' id='word_1_346' title='bbox 268 4211 319 4264; x_wconf 80' lang='grc' dir='ltr'>ἀπὸ</span> <span class='ocrx_word' id='word_1_347' title='bbox 342 4211 435 4266; x_wconf 79' lang='grc' dir='ltr'>τοὺτου</span> <span class='ocrx_word' id='word_1_348' title='bbox 462 4213 503 4265; x_wconf 67' lang='lat' dir='ltr'>ret</span> <span class='ocrx_word' id='word_1_349' title='bbox 524 4208 664 4266; x_wconf 66' lang='lat' dir='ltr'>Eieiseres</span> <span class='ocrx_word' id='word_1_350' title='bbox 686 4211 810 4286; x_wconf 78' lang='grc' dir='ltr'>ἄρχοντα,</span> <span class='ocrx_word' id='word_1_351' title='bbox 828 4213 870 4288; x_wconf 75' lang='lat' dir='ltr'>Ip’</span> <span class='ocrx_word' id='word_1_352' title='bbox 901 4212 1028 4284; x_wconf 72' lang='grc' dir='ltr'>οὔφασιν</span> <span class='ocrx_word' id='word_1_353' title='bbox 1049 4207 1171 4270; x_wconf 68' lang='grc' dir='ltr'>Ἀλίξονι</span> 
     </span>
     <span class='ocr_line' id='line_1_38' title="bbox 69 4285 1170 4366; baseline 0.002 -26"><span class='ocrx_word' id='word_1_354' title='bbox 69 4285 123 4358; x_wconf 66' lang='grc' dir='ltr'>ὅρον</span> <span class='ocrx_word' id='word_1_355' title='bbox 142 4291 178 4352; x_wconf 73' lang='lat' dir='ltr'>eie</span> <span class='ocrx_word' id='word_1_356' title='bbox 201 4294 248 4366; x_wconf 74' lang='grc' dir='ltr'>τὴν</span> <span class='ocrx_word' id='word_1_357' title='bbox 265 4291 356 4349; x_wconf 76' lang='grc' dir='ltr'>Ἀσίαν</span> <span class='ocrx_word' id='word_1_358' title='bbox 383 4293 513 4366; x_wconf 73' lang='grc' dir='ltr'>διαβῆναι,</span> <span class='ocrx_word' id='word_1_359' title='bbox 533 4292 570 4352; x_wconf 81' lang='grc' dir='ltr'>ὡς</span> <span class='ocrx_word' id='word_1_360' title='bbox 588 4293 636 4362; x_wconf 75' lang='grc' dir='ltr'>μιν</span> <span class='ocrx_word' id='word_1_361' title='bbox 654 4289 776 4360; x_wconf 63' lang='lat' dir='ltr'>enectae,</span> <span class='ocrx_word' id='word_1_362' title='bbox 793 4294 837 4365; x_wconf 68' lang='grc' dir='ltr'>ἔτη</span> <span class='ocrx_word' id='word_1_363' title='bbox 856 4293 997 4348; x_wconf 70' lang='lat' dir='ltr'>insertare</span> <span class='ocrx_word' id='word_1_364' title='bbox 1016 4290 1170 4345; x_wconf 75' lang='grc' dir='ltr'>δικοπινιι·</span> 
     </span>
    </p>
   </div>
   <div class='ocr_carea' id='block_1_7' title="bbox 907 4387 926 4449">
    <p class='ocr_par' dir='ltr' id='par_1_7' title="bbox 907 4387 926 4449">
     <span class='ocr_line' id='line_1_39' title="bbox 907 4387 926 4449; baseline 0 0"><span class='ocrx_word' id='word_1_365' title='bbox 907 4387 926 4449; x_wconf 85' lang='grc'>3</span> 
     </span>
    </p>
   </div>
   <div class='ocr_carea' id='block_1_8' title="bbox 0 0 1483 4860">
    <p class='ocr_par' dir='ltr' id='par_1_8' title="bbox 0 0 1483 4860">
     <span class='ocr_line' id='line_1_40' title="bbox 0 0 1483 4860; baseline 0 0"><span class='ocrx_word' id='word_1_366' title='bbox 0 0 1483 4860; x_wconf 95' lang='lat' dir='ltr'> </span> 
     </span>
    </p>
   </div>
  </div>
 </body>
</html>
