2938 4864
355 309 440 366 Liber
457 309 507 366 ΙΙΙ.
543 309 614 368 Aba.
633 307 667 362 ad
686 308 765 364 Dan.
783 325 828 381 op.
847 310 942 382 fragm.
1144 311 1209 376 315

94 480 184 544 dorus
216 479 245 542 in
275 474 404 562 αὕτρητα
432 476 510 540 νατά
530 497 572 541 τε.
622 475 677 540 Est
704 483 805 540 autem
833 473 976 560 εάτρητος
988 477 1208 559 foraminibus

94 585 228 670 (πόροις)
256 585 410 650 commode
437 587 505 646 n'tt'r
528 586 708 648 ἀπείπωνται.
758 585 791 646 ln
819 583 921 646 verbis
952 583 1050 648 ἔτιδὲ
1071 586 1108 649 τὰ
1132 588 1206 652 tato

92 695 238 758 articulus
262 693 356 775 vadgo
385 693 540 756 omittitur.
589 692 728 774 Denique
754 689 789 756 ἀν
811 690 1001 755 desiderabat
1020 694 1051 754 in
1073 695 1206 758 editione

94 801 270 865 Camotiaua
290 809 363 882 post
382 797 497 885 ἀθρόον
521 801 589 883 γάρ.

178 912 225 974 18.
269 909 473 974 Scltneiderus
502 915 573 989 post
599 906 756 992 ἀφορίζειν
781 906 874 970 inseri
906 905 1004 970 voluit
1031 905 1091 992 οὐχ
1115 928 1207 974 sensu

91 1033 153 1078 uon
183 1023 356 1099 perspecto.
400 1015 447 1078 Ci.
475 1015 579 1097 fragm.
605 1017 653 1079 16.
697 1015 800 1078 Verba
825 1013 938 1078 ἀτοπον
966 1015 1072 1078 δὲκαὶ
1094 1013 1135 1078 δι’
1163 1017 1206 1080 ὧν

93 1131 235 1204 corrupta
259 1145 326 1188 esse
353 1125 494 1186 viderunt
516 1123 657 1200 editores,
684 1142 814 1206 quorum
834 1122 1040 1186 schneiderus
1069 1125 1206 1188 incuria

93 1233 233 1294 secundis
261 1232 454 1296 scribendum
480 1249 547 1293 esse
577 1230 707 1310 conjecit
735 1229 849 1294 ἀτοπον
881 1229 990 1294 δὲκαὶ
1015 1231 1101 1312 διότι,
1131 1234 1208 1296 Bur-

93 1339 223 1402 chardus
246 1336 359 1402 ἀτοπον
385 1338 492 1402 δὲκαὶ
516 1335 557 1400 δι’
580 1337 666 1400 ὤτων
689 1338 807 1402 exarari
826 1339 928 1418 Jussit
970 1340 1088 1404 Neutra
1108 1361 1209 1404 emen-

93 1445 173 1509 datio
210 1449 283 1510 lerri
313 1455 422 1528 potest
479 1445 705 1526 Philippsonius
737 1443 776 1507 δι’
817 1446 860 1508 ὧν
898 1447 1111 1528 biterrogative
1146 1449 1207 1512 dici

92 1555 220 1617 affirmat
244 1556 407 1636 locumque
426 1555 472 1618 sic
492 1556 722 1635 interpretatur:
751 1555 963 1632 „Democritus
984 1554 1077 1635 igion
1098 1556 1125 1620 si
1145 1577 1207 1620 ma-

90 1661 197 1724 uileste
225 1662 336 1740 definit,
363 1663 490 1726 cacteris
518 1661 626 1724 similia
652 1663 744 1743 (non)
772 1663 906 1742 profert,
943 1663 1104 1745 inepteque
1134 1663 1208 1727 dicit

93 1771 222 1846 (meatus
242 1770 333 1851 esse),
347 1789 404 1851 per
418 1789 496 1853 quos
513 1789 573 1832 vox
584 1769 750 1832 secuudum
767 1777 862 1834 totum
883 1791 995 1852 corpus
1013 1771 1206 1852 ingrediatur,

92 1882 122 1938 et
139 1875 166 1937 si
187 1895 244 1956 per
263 1897 368 1940 aurem
391 1879 490 1954 intret,
512 1896 619 1939 vocem
635 1877 774 1959 dissipari
795 1898 854 1959 pro
877 1887 942 1942 toto
963 1899 1104 1960 corpore,
1119 1879 1206 1962 quasi

90 2003 196 2047 sensus
217 2003 278 2048 uon
299 1985 423 2049 auribus
448 1985 503 2048 sed
527 1987 669 2048 universo
696 2006 827 2067 corpore
848 1984 1063 2068 producatur.'’
1107 1991 1205 2068 Quam

91 2088 322 2170 explicationem
349 2093 461 2154 nemini
486 2093 665 2173 placituram
689 2114 756 2157 csse
784 2113 949 2176 speramus.
993 2093 1206 2158 Convertimus

92 2195 135 2260 δι’
159 2199 202 2260 ὧν
231 2201 401 2280 postulante
429 2221 520 2264 sensu
547 2201 577 2264 in
606 2200 740 2284 ἄδηλον,
768 2223 860 2284 φονον
888 2201 1069 2264 antecedens
1098 2205 1206 2284 σαφῶς

91 2305 260 2386 oppositam
279 2307 426 2390 quandam
445 2307 630 2372 locutionem
646 2311 766 2391 flagitet
791 2315 878 2392 Quae
891 2315 1061 2392 sequuntur
1079 2305 1115 2368 ob
1137 2307 1204 2390 γάρ,

91 2412 119 2474 al
140 2413 190 2475 καὶ
213 2415 389 2498 αορποὶοχαι
410 2438 437 2477 τι
459 2413 500 2500 τῇ
520 2413 603 2500 ἀκοῇ
624 2438 642 2481 a
662 2417 849 2482 Sclmeidero
871 2416 1028 2478 emendata
1048 2423 1133 2488 suut;
1153 2433 1205 2476 an-

90 2527 138 2582 tea
154 2521 349 2602 tulgabatur:
379 2521 415 2592 εἰ,
430 2522 487 2606 γὰρ
515 2525 566 2586 καὶ
595 2523 769 2608 oppetisset
795 2544 823 2583 τι
845 2520 884 2606 τῇ
907 2518 999 2606 ἀκοῇ,
1022 2523 1052 2584 in
1073 2520 1204 2584 editione

90 2629 265 2693 Camotiaua
291 2637 392 2694 autem
419 2632 528 2694 desunt
552 2633 645 2693 verba
673 2652 700 2692 τι
728 2624 778 2712 τῇ.
830 2630 968 2713 Denique
1004 2648 1063 2710 pro
1096 2629 1205 2712 ὁμοίας

88 2741 175 2802 ποιεῖ
194 2738 225 2800 in
245 2738 350 2800 cadem
372 2738 503 2802 editione
524 2745 621 2801 exstat
643 2737 759 2820 ὁμοίως
778 2740 870 2800 ποιεῖ.

175 2848 223 2908 19.
266 2847 314 2908 Dc
329 2844 429 2906 verbis
450 2847 527 2927 μετὰ
543 2847 595 2928 τὴν
619 2845 732 2927 κίνησιν
752 2847 826 2908 haec
845 2845 968 2908 adnotat
980 2844 1203 2908 Schneiderus:

90 2953 168 3032 „nisi
190 2953 260 3016 voci
286 2952 401 3034 κίνησιν
427 2953 635 3018 substituenda
663 2959 708 3016 est
735 2955 850 3036 κρᾶσιν,
880 2963 963 3016 certe
997 2950 1204 3034 pertimuisti

88 3063 179 3126 debet
206 3063 236 3124 iu
262 3058 379 3124 κατά.”
424 3061 619 3124 Burchardus
648 3060 725 3123 κατὰ
752 3061 805 3143 τὴν
841 3063 895 3122 τοῦ
928 3061 1071 3143 σώματος
1098 3061 1203 3143 κρᾶσιν

88 3170 181 3234 scribi
203 3178 345 3250 oportere
367 3167 525 3231 exstimat
567 3169 630 3233 Sed
651 3168 723 3231 nihil
742 3169 789 3232 his
809 3166 1024 3231 mutationibus
1048 3187 1127 3250 opus
1149 3174 1204 3230 est

86 3280 219 3343 Sensum
238 3279 318 3342 euim
336 3278 416 3340 hunc
441 3297 507 3340 esse
535 3285 677 3358 apparet:
706 3275 782 3360 μετὰ
801 3275 854 3357 τὴν
878 3280 938 3338 τῶν
963 3274 1102 3338 εἰδώλων
1125 3274 1204 3356 alors

89 3409 148 3465 σιν,
176 3387 224 3448 vel
252 3392 286 3446 ut
309 3386 503 3450 Democritus
532 3386 634 3449 dicere
661 3383 789 3459 solebat,
816 3381 892 3466 μετὰ
921 3383 975 3463 τὴν
1005 3380 1204 3465 bntppoopirp

80 3502 158 3575 post
190 3495 405 3574 imputabam
431 3495 620 3556 extrinsecus
648 3491 790 3556 oblatam
840 3493 874 3552 lu
906 3487 1102 3571 sequentibus
1131 3488 1205 3549 olim

88 3601 248 3683 legebatur
272 3599 349 3664 ἀλλο
379 3604 514 3686 φρονεῖν,
541 3620 598 3681 pro
627 3620 688 3682 quo
710 3607 792 3663 recle
814 3599 1008 3662 restituerunt
1030 3615 1068 3658 ex
1089 3595 1206 3660 Aristo-

89 3709 152 3772 tele
174 3710 370 3774 Burchardus
399 3719 429 3772 et
453 3708 679 3788 Philippsonlus
707 3707 920 3791 ἀλλοφρονεῖν.
962 3703 1143 3768 Aristoteles
1167 3703 1205 3764 de

88 3817 179 3878 anim.
203 3819 225 3894 l,
249 3820 285 3880 2:
309 3817 498 3902 Δημόκριτος
520 3817 626 3884 ἁπλῶς
654 3813 745 3880 ταύτὸ
770 3815 822 3898 τὴν
844 3813 945 3899 ψυχὴν
968 3811 1090 3876 καὶτὸν
1116 3812 1205 3872 νοῦν·

88 3925 124 3986 τὸ
156 3923 214 4007 γὰρ
245 3924 361 4008 ἀληθὲς
387 3923 466 3987 εἶναι
493 3927 526 3988 rb
557 3923 756 4009 φαινόμενον·
792 3922 838 3984 διὸ
868 3922 971 3987 καλῶς
998 3921 1126 4000 ποιῆσαι
1154 3917 1205 3980 τὸν

78 4025 227 4114 ’Όμηρον
252 4034 295 4100 ὡς
311 4027 434 4116 Ἕκτωρ
464 4030 538 4096 νεῖτ’
573 4028 805 4116 ἀλλοφρονέων.
848 4029 895 4092 Cl.
917 4025 1114 4108 Metapltysio.
1137 4044 1205 4106 pag.

89 4141 132 4204 78
155 4141 202 4204 ed.
224 4140 362 4202 Brartdis.
405 4141 478 4204 Non
505 4143 642 4222 refragor
670 4139 876 4202 llcimsoctltio
901 4159 968 4220 pag.
996 4141 1030 4201 ll
1055 4155 1112 4216 pro
1136 4132 1207 4196 ὑπο·

87 4249 208 4333 λαβεῖν,
238 4247 283 4310 ὅτι
315 4247 392 4308 ἐστὶν
422 4249 624 4333 ἀλλοφρονεῖν
654 4249 736 4330 apud
761 4249 1002 4329 Tltooplnastutu
1032 4242 1208 4326 ὑπολαβεῖν,
