2932 4862
356 346 440 402 Liber
456 347 502 401 Ν.
540 345 583 400 lle
602 343 753 400 Democriti
775 345 891 414 placitis.
1118 345 1182 410 405

72 517 232 597 plurimum
246 535 374 578 vacuum
388 512 533 593 pervadat
547 519 578 573 et
590 511 708 572 minime
720 517 906 591 permaneam
929 511 998 572 ideo
1012 512 1041 572 in
1057 511 1180 594 reliquis

73 627 211 706 corporis
231 625 366 705 partibus
388 641 496 683 sonum
516 639 575 682 non
596 621 708 696 sentiri,
730 619 784 680 sed
802 618 876 680 solis
900 619 1079 683 inauribus.
1124 621 1179 682 Ubi

72 744 167 796 autem
197 735 236 796 ad
265 735 381 794 interna
410 727 593 809 pervenerit,
627 727 770 788 celeriter
800 727 968 800 dimanare;
998 727 1073 789 oriri
1100 728 1179 788 enim

72 862 176 904 vocem
197 847 267 904 aiire
286 838 417 900 contrito
438 843 467 897 et
486 855 542 915 per
561 835 621 896 vim
640 834 832 912 ingrediente.
875 832 1056 897 sicutissime
1074 836 1180 912 audiri,

71 950 94 1010 si
117 957 241 1012 externa
262 948 344 1010 auris
363 944 534 1008 membrana
555 943 656 1018 densa,
685 962 778 1003 venae
799 942 904 1004 inanes
926 949 956 1004 et
976 961 1064 1024 quam
1088 943 1181 1004 artaxi-

71 1077 116 1118 nro
148 1058 214 1118 sine
244 1059 378 1128 hnrrmre,
408 1059 438 1114 et
471 1051 667 1113 foraminibus
695 1051 855 1112 commode
883 1050 947 1112 sitis
967 1059 1029 1112 tum
1053 1050 1092 1112 ad
1113 1050 1180 1112 reli-

69 1186 160 1247 quum
180 1183 294 1244 corpus
313 1169 373 1224 tum
396 1160 435 1221 ad
452 1166 544 1238 caput
564 1177 712 1239 auresque
735 1157 897 1218 instructae
920 1158 987 1234 sint,
1010 1179 1080 1222 ossa
1098 1159 1181 1220 deni-

68 1295 125 1354 que
149 1275 236 1334 firma
257 1277 286 1332 ot
310 1267 467 1330 cerebrum
497 1267 574 1326 bene
605 1266 728 1326 nrixlum
756 1274 787 1325 et
811 1264 893 1345 qnod
915 1266 1111 1327 circumcirca
1134 1270 1180 1328 cst

67 1401 155 1461 qnam
182 1378 382 1442 siccissimum
415 1375 462 1436 sit.
511 1375 554 1434 lta
582 1372 661 1432 enirn
687 1392 794 1433 vocem
823 1373 941 1453 plenam
970 1375 1094 1449 intrare,
1125 1393 1181 1452 per

67 1489 195 1550 multum
219 1506 346 1548 vacuum
369 1491 400 1544 et
423 1485 549 1544 humore
568 1497 673 1540 carens
695 1489 725 1540 et
745 1479 822 1540 bene
844 1482 1030 1559 perforatum
1055 1499 1180 1559 progre-

66 1597 218 1668 dientem,
249 1591 448 1672 celeritcrquc
482 1591 634 1650 dimanare
664 1587 860 1667 aequabiliter
889 1607 944 1668 per
973 1608 1085 1667 corpus
1118 1607 1181 1648 ser-

66 1705 179 1786 pendo,
204 1721 303 1780 neque
324 1700 463 1761 excidere
476 1699 482 1731 ¹
497 1701 503 1730 '
516 1695 556 1776 ⁹).
608 1698 725 1757 Vocem
745 1696 910 1770 huncarium,
932 1715 1022 1776 qnam
1044 1695 1180 1776 loquenti

64 1831 213 1874 resonare
234 1815 316 1870 ratus
339 1805 478 1886 est'²⁰),
504 1823 542 1866 ex
568 1803 729 1867 individuis
757 1803 946 1882 corpusculis
974 1809 1113 1864 constare
1137 1803 1181 1864 di-

64 1921 116 1996 xit,
143 1921 258 1982 llumen
289 1927 458 1978 atomorum
488 1913 603 1995 (ῥεῦμα
632 1908 771 1991 ἀτόμων)
800 1909 1050 1990 appellans'⁹¹).
1095 1915 1181 1992 Quae

63 2029 298 2108 Theophrastus
331 2023 506 2084 Democrito
538 2019 667 2100 opponit
700 2018 764 2078 sine
804 2017 952 2080 lectorum
989 2020 1098 2079 damno
1132 2019 1180 2082 hic

63 2135 164 2198 omitti
184 2135 322 2216 possunt,
350 2129 526 2209 praesertim
551 2147 643 2209 quum
664 2146 768 2188 eorum
789 2133 903 2206 partem
923 2125 1053 2207 aliquam
1067 2128 1130 2204 jam
1152 2126 1182 2187 in

63 2247 99 2306 iis
122 2261 205 2326 qnae
228 2240 267 2298 de
289 2236 354 2296 visu
382 2235 532 2313 disputata
555 2239 624 2294 suut
649 2233 844 2311 attigerimus.
892 2235 975 2294 llaec
1000 2233 1038 2294 de
1062 2231 1183 2294 vianet

61 2352 173 2415 auditu
204 2367 220 2406 e
249 2342 417 2406 Denrocriti
441 2341 578 2402 doctrina
612 2339 785 2400 traduntur:
822 2341 859 2401 de
889 2339 1016 2402 caeteris
1043 2339 1182 2402 sensibus

61 2459 140 2522 nihil
166 2456 338 2516 memoratu
360 2448 482 2527 dignum
509 2446 655 2508 Abderita
676 2448 817 2524 decrevit,
840 2447 897 2510 nisi
918 2447 1000 2529 quod
1023 2467 1128 2508 omnes
1150 2455 1184 2509 ul

55 2571 123 2647 jam
153 2579 250 2642 snpra
275 2558 405 2618 diximus
431 2552 596 2616 Aristotele
625 2559 701 2616 teste
722 2555 761 2616 ad
787 2561 898 2616 tactum
921 2554 1076 2616 revocavit
1103 2553 1183 2633 ¹²⁸).

61 2677 126 2738 Sed
151 2689 247 2754 quum
275 2665 347 2726 nihil
376 2665 414 2725 de
437 2662 472 2723 iis
497 2661 667 2723 accuratius
695 2681 713 2722 a
736 2661 888 2724 veteribus
908 2661 1060 2742 proditum
1083 2661 1131 2736 sit,
1155 2662 1183 2723 in

62 2805 95 2846 re
120 2784 242 2845 incerta
261 2771 444 2852 conjecturis
466 2768 708 2848 supersedemus.
752 2769 800 2829 nd
829 2776 940 2831 tactum
961 2775 1059 2831 autem
1078 2789 1184 2831 ornnes

61 2885 226 2950 revocavit
254 2901 378 2954 sensns,
406 2878 534 2940 eliluviis
559 2885 728 2938 atomorum
756 2895 907 2938 concursu
935 2877 1010 2937 ortis
1040 2897 1076 2938 ca
1106 2897 1183 2957 quae

60 2996 216 3058 ¹«enticius
246 2987 325 3050 ellici
355 2993 497 3049 statuens.
548 2985 730 3046 htomorum
759 2983 851 3064 igitur
876 3004 1005 3046 accursu
1044 2991 1074 3045 et
1098 2985 1185 3065 quasi

61 3110 147 3166 tactu
179 3097 355 3180 philosophi
384 3095 480 3156 nostri
505 3094 649 3174 opinione
676 3093 821 3167 videmus,
843 3092 991 3166 audimus,
1016 3090 1186 3166 olfacimus,

60 3219 236 3292 gustamus,
257 3205 413 3284 tangimus.

152 3314 258 3378 Venio
285 3331 366 3372 cunc
402 3310 440 3370 ad
476 3329 512 3369 ea
542 3327 618 3390 quae
644 3307 782 3368 sensibus
813 3306 1031 3387 percipiuntur.
1082 3314 1185 3392 Quum

60 3429 192 3506 praeter
217 3418 390 3481 insecabilia
414 3433 547 3496 corpora
572 3415 645 3477 nihil
674 3435 741 3476 osse
760 3435 864 3476 verum
889 3417 1056 3480 censuisset
1075 3419 1188 3479 Demo-

141 3631 202 3692 ¹¹‘')
223 3627 279 3678 vid.
299 3628 390 3690 fragm.
414 3625 490 3690 phys.
514 3620 546 3672 lb
564 3629 591 3674 ct
610 3620 647 3672 ¹7.

141 3723 203 3784 ¹²⁰)
221 3720 352 3784 Theophr.
369 3719 404 3768 da
425 3729 495 3767 sena.
516 3717 538 3780 3.
559 3713 593 3765 53
607 3733 613 3766 :
627 3711 790 3766 ἀνακλᾶσθαι
809 3713 857 3785 γάρ
877 3729 939 3784 φησι
961 3713 1004 3764 tal
1026 3711 1088 3784 πρὸς
1110 3709 1188 3764 αὑτὸν

61 3805 108 3858 τὸν
129 3799 316 3876 φθεγξάμενον
333 3797 380 3866 τὴν
400 3795 501 3867 φωνήν.

141 3895 203 3955 ¹²¹)
224 3892 281 3942 viu.
305 3891 395 3940 adnot.
415 3889 449 3938 ed
469 3887 561 3950 haam.
580 3887 649 3950 phys
681 3885 719 3937 lb.

144 3988 207 4046 ¹²²)
228 3985 334 4034 aristot.
354 3982 388 4031 de
407 3993 488 4031 sensu
510 3983 536 4028 ct
555 3981 643 4029 sensit.
664 3995 721 4044 cap.
737 3975 766 4029 l:
786 3975 948 4048 Δημόκριτος
969 3975 1058 4027 biaut
1079 3973 1102 4026 ci
1123 3971 1190 4024 alsi·

63 4087 122 4121 arat
144 4071 204 4118 τῶν
225 4059 398 4133 φυσιολόγων,
420 4055 475 4110 ὅσοι
494 4057 596 4126 λέγουσι
617 4060 673 4128 περὶ
694 4056 846 4130 αἰσθήσεως,
874 4055 1042 4110 ἀτοπώτατόν
1060 4071 1083 4106 rt
1104 4059 1190 4105 ποιοῦ-

63 4165 121 4203 σιν·
142 4143 302 4211 πάνταγὰρ
331 4141 364 4191 ri
389 4137 499 4206 alcimi
526 4137 592 4189 darei
616 4145 742 4191 ποιοῦσιν.
789 4135 879 4192 Καίτοι
901 4137 921 4188 ri
939 4134 1009 4188 οὕτω
1029 4133 1102 4187 τοῦτ’
1130 4133 1191 4206 ἔχει,

62 4229 151 4299 δῆλον
177 4223 219 4279 ὡς
235 4223 279 4274 aal
296 4227 349 4274 τῶν
369 4219 458 4273 ἄλλων
484 4217 630 4290 calabriacum
653 4221 749 4290 ἑκάστη
772 4219 825 4290 ἁφή
849 4235 886 4276 τις
910 4217 994 4270 laria·
1012 4219 1089 4269 τοῦτο
1106 4209 1131 4268 d'
1155 4211 1193 4266 ὅτι

62 4309 216 4368 domama,
239 4301 270 4356 cir
292 4301 407 4376 χαλεπὸν
427 4299 545 4354 acerbata.
