<?xml version="1.0" encoding="UTF-8"?>
<!DOCTYPE html PUBLIC "-//W3C//DTD XHTML 1.0 Transitional//EN"
    "http://www.w3.org/TR/xhtml1/DTD/xhtml1-transitional.dtd">
<html xmlns="http://www.w3.org/1999/xhtml" xml:lang="en" lang="en">
 <head>
  <title>
</title>
<meta http-equiv="Content-Type" content="text/html;charset=utf-8" />
  <meta name='ocr-system' content='tesseract 3.04.00' />
  <meta name='ocr-capabilities' content='ocr_page ocr_carea ocr_par ocr_line ocrx_word'/>
</head>
<body>
  <div class='ocr_page' id='page_1' title='image "./democritiabderi00mullgoog_0093.png"; bbox 0 0 2892 4872; ppageno 0'>
   <div class='ocr_carea' id='block_1_1' title="bbox 210 314 992 384">
    <p class='ocr_par' dir='ltr' id='par_1_1' title="bbox 210 314 992 384">
     <span class='ocr_line' id='line_1_1' title="bbox 210 314 992 384; baseline -0.022 0"><span class='ocrx_word' id='word_1_1' title='bbox 210 319 252 384; x_wconf 74' lang='lat'>72</span> <span class='ocrx_word' id='word_1_2' title='bbox 533 315 730 380; x_wconf 70' lang='lat' dir='ltr'>Quaestionum</span> <span class='ocrx_word' id='word_1_3' title='bbox 755 314 992 370; x_wconf 76' lang='lat' dir='ltr'>Democriteum</span> 
     </span>
    </p>
   </div>
   <div class='ocr_carea' id='block_1_2' title="bbox 211 478 1440 1104">
    <p class='ocr_par' dir='ltr' id='par_1_2' title="bbox 211 478 1440 1104">
     <span class='ocr_line' id='line_1_2' title="bbox 211 478 1438 560; baseline -0.014 -9"><span class='ocrx_word' id='word_1_4' title='bbox 211 491 401 552; x_wconf 80' lang='lat' dir='ltr'><strong>Postremum</strong></span> <span class='ocrx_word' id='word_1_5' title='bbox 419 486 522 550; x_wconf 92' lang='lat' dir='ltr'>locum</span> <span class='ocrx_word' id='word_1_6' title='bbox 543 483 710 546; x_wconf 76' lang='lat' dir='ltr'>concedam</span> <span class='ocrx_word' id='word_1_7' title='bbox 729 481 942 544; x_wconf 73' lang='lat' dir='ltr'>Abderitarum</span> <span class='ocrx_word' id='word_1_8' title='bbox 962 481 1063 544; x_wconf 86' lang='lat' dir='ltr'>verbis</span> <span class='ocrx_word' id='word_1_9' title='bbox 1084 481 1113 542; x_wconf 91' lang='lat' dir='ltr'>in</span> <span class='ocrx_word' id='word_1_10' title='bbox 1135 478 1263 560; x_wconf 79' lang='lat' dir='ltr'>epistola</span> <span class='ocrx_word' id='word_1_11' title='bbox 1284 479 1327 541; x_wconf 82' lang='lat' dir='ltr'>ed</span> <span class='ocrx_word' id='word_1_12' title='bbox 1437 531 1438 534; x_wconf 74' lang='grc'>,</span> 
     </span>
     <span class='ocr_line' id='line_1_3' title="bbox 212 586 1327 677; baseline -0.012 -17"><span class='ocrx_word' id='word_1_13' title='bbox 212 597 429 677; x_wconf 75' lang='lat' dir='ltr'>Hippocratem</span> <span class='ocrx_word' id='word_1_14' title='bbox 442 593 454 626; x_wconf 78' lang='lat'><strong>¹</strong></span> <span class='ocrx_word' id='word_1_15' title='bbox 467 595 495 675; x_wconf 87' lang='lat'>¹)</span> <span class='ocrx_word' id='word_1_16' title='bbox 520 613 539 654; x_wconf 88' lang='lat' dir='ltr'>a</span> <span class='ocrx_word' id='word_1_17' title='bbox 568 591 661 654; x_wconf 78' lang='lat' dir='ltr'>stadio</span> <span class='ocrx_word' id='word_1_18' title='bbox 683 589 813 666; x_wconf 90' lang='lat' dir='ltr'>homine,</span> <span class='ocrx_word' id='word_1_19' title='bbox 841 597 875 652; x_wconf 91' lang='lat' dir='ltr'>ut</span> <span class='ocrx_word' id='word_1_20' title='bbox 895 589 1071 668; x_wconf 87' lang='lat' dir='ltr'>videbimus,</span> <span class='ocrx_word' id='word_1_21' title='bbox 1095 588 1229 652; x_wconf 82' lang='lat' dir='ltr'>conficta.</span> <span class='ocrx_word' id='word_1_22' title='bbox 1271 586 1327 648; x_wconf 86' lang='lat' dir='ltr'>At-</span> 
     </span>
     <span class='ocr_line' id='line_1_4' title="bbox 213 695 1439 787; baseline -0.01 -20"><span class='ocrx_word' id='word_1_23' title='bbox 213 725 287 787; x_wconf 87' lang='lat' dir='ltr'>que,</span> <span class='ocrx_word' id='word_1_24' title='bbox 311 711 345 766; x_wconf 92' lang='lat' dir='ltr'>ut</span> <span class='ocrx_word' id='word_1_25' title='bbox 373 703 393 766; x_wconf 91' lang='lat' dir='ltr'>ii</span> <span class='ocrx_word' id='word_1_26' title='bbox 431 722 509 786; x_wconf 92' lang='lat' dir='ltr'>quos</span> <span class='ocrx_word' id='word_1_27' title='bbox 535 701 628 762; x_wconf 89' lang='lat' dir='ltr'>modo</span> <span class='ocrx_word' id='word_1_28' title='bbox 659 697 786 762; x_wconf 89' lang='lat' dir='ltr'>excitavi</span> <span class='ocrx_word' id='word_1_29' title='bbox 823 697 988 778; x_wconf 78' lang='lat' dir='ltr'>scriptores</span> <span class='ocrx_word' id='word_1_30' title='bbox 1011 695 1124 760; x_wconf 88' lang='lat' dir='ltr'>nullius</span> <span class='ocrx_word' id='word_1_31' title='bbox 1147 695 1178 756; x_wconf 92' lang='lat' dir='ltr'>in</span> <span class='ocrx_word' id='word_1_32' title='bbox 1193 695 1253 756; x_wconf 82' lang='lat' dir='ltr'>lroc</span> <span class='ocrx_word' id='word_1_33' title='bbox 1277 713 1329 756; x_wconf 83' lang='lat' dir='ltr'>ur-</span> <span class='ocrx_word' id='word_1_34' title='bbox 1438 704 1439 732; x_wconf 63' lang='lat'>¹</span> 
     </span>
     <span class='ocr_line' id='line_1_5' title="bbox 212 805 1328 893; baseline -0.008 -21"><span class='ocrx_word' id='word_1_35' title='bbox 212 817 355 893; x_wconf 77' lang='lat' dir='ltr'>grumento</span> <span class='ocrx_word' id='word_1_36' title='bbox 383 811 570 874; x_wconf 76' lang='lat' dir='ltr'>auctoritatis</span> <span class='ocrx_word' id='word_1_37' title='bbox 606 816 690 872; x_wconf 89' lang='lat' dir='ltr'>sunt:</span> <span class='ocrx_word' id='word_1_38' title='bbox 723 807 764 868; x_wconf 88' lang='lat' dir='ltr'>ita</span> <span class='ocrx_word' id='word_1_39' title='bbox 796 805 916 884; x_wconf 86' lang='lat' dir='ltr'>ineptus</span> <span class='ocrx_word' id='word_1_40' title='bbox 947 805 1037 885; x_wconf 88' lang='lat' dir='ltr'>hujus</span> <span class='ocrx_word' id='word_1_41' title='bbox 1081 809 1328 885; x_wconf 84' lang='lat' dir='ltr'>caeterarumque</span> 
     </span>
     <span class='ocr_line' id='line_1_6' title="bbox 212 910 1440 1008; baseline -0.01 -26"><span class='ocrx_word' id='word_1_42' title='bbox 212 939 290 1003; x_wconf 87' lang='lat' dir='ltr'>quae</span> <span class='ocrx_word' id='word_1_43' title='bbox 312 919 390 984; x_wconf 90' lang='lat' dir='ltr'>inter</span> <span class='ocrx_word' id='word_1_44' title='bbox 410 919 631 1000; x_wconf 76' lang='lat' dir='ltr'>Hippocratem</span> <span class='ocrx_word' id='word_1_45' title='bbox 650 917 793 997; x_wconf 88' lang='lat' dir='ltr'>leguntur</span> <span class='ocrx_word' id='word_1_46' title='bbox 815 910 1010 992; x_wconf 88' lang='lat' dir='ltr'>epistolarum</span> <span class='ocrx_word' id='word_1_47' title='bbox 1029 912 1185 992; x_wconf 89' lang='lat' dir='ltr'>subjector</span> <span class='ocrx_word' id='word_1_48' title='bbox 1202 910 1243 972; x_wconf 92' lang='lat' dir='ltr'>ob</span> <span class='ocrx_word' id='word_1_49' title='bbox 1265 919 1328 972; x_wconf 84' lang='lat' dir='ltr'>tam</span> <span class='ocrx_word' id='word_1_50' title='bbox 1439 948 1440 1008; x_wconf 57' lang='lat' dir='ltr'>p</span> 
     </span>
     <span class='ocr_line' id='line_1_7' title="bbox 212 1018 1440 1104; baseline -0.011 -13"><span class='ocrx_word' id='word_1_51' title='bbox 212 1028 399 1091; x_wconf 80' lang='lat' dir='ltr'>manifestam</span> <span class='ocrx_word' id='word_1_52' title='bbox 416 1026 553 1090; x_wconf 80' lang='lat' dir='ltr'>fraudem</span> <span class='ocrx_word' id='word_1_53' title='bbox 573 1024 691 1087; x_wconf 90' lang='lat' dir='ltr'>silentio</span> <span class='ocrx_word' id='word_1_54' title='bbox 703 1019 942 1104; x_wconf 88' lang='lat' dir='ltr'>praetereundus</span> <span class='ocrx_word' id='word_1_55' title='bbox 960 1021 1121 1097; x_wconf 88' lang='lat' dir='ltr'>videretur,</span> <span class='ocrx_word' id='word_1_56' title='bbox 1150 1019 1210 1081; x_wconf 90' lang='lat' dir='ltr'>uisi</span> <span class='ocrx_word' id='word_1_57' title='bbox 1224 1018 1329 1080; x_wconf 84' lang='lat' dir='ltr'>omnia</span> <span class='ocrx_word' id='word_1_58' title='bbox 1439 1045 1440 1060; x_wconf 30' lang='grc' dir='ltr'>π</span> 
     </span>
    </p>
   </div>
   <div class='ocr_carea' id='block_1_3' title="bbox 213 1127 1330 1431">
    <p class='ocr_par' dir='ltr' id='par_1_3' title="bbox 213 1127 1330 1431">
     <span class='ocr_line' id='line_1_8' title="bbox 214 1127 1329 1218; baseline -0.007 -20"><span class='ocrx_word' id='word_1_59' title='bbox 214 1155 292 1218; x_wconf 89' lang='lat' dir='ltr'>quae</span> <span class='ocrx_word' id='word_1_60' title='bbox 312 1137 395 1216; x_wconf 88' lang='lat' dir='ltr'>apud</span> <span class='ocrx_word' id='word_1_61' title='bbox 416 1135 557 1217; x_wconf 90' lang='lat' dir='ltr'>antiquos</span> <span class='ocrx_word' id='word_1_62' title='bbox 580 1133 618 1194; x_wconf 92' lang='lat' dir='ltr'>de</span> <span class='ocrx_word' id='word_1_63' title='bbox 638 1133 695 1194; x_wconf 90' lang='lat' dir='ltr'>hac</span> <span class='ocrx_word' id='word_1_64' title='bbox 716 1129 841 1193; x_wconf 88' lang='lat' dir='ltr'>materia</span> <span class='ocrx_word' id='word_1_65' title='bbox 865 1128 979 1209; x_wconf 86' lang='lat' dir='ltr'>scripta</span> <span class='ocrx_word' id='word_1_66' title='bbox 1005 1127 1207 1208; x_wconf 84' lang='lat' dir='ltr'>reperiuntur,</span> <span class='ocrx_word' id='word_1_67' title='bbox 1232 1149 1329 1190; x_wconf 91' lang='lat' dir='ltr'>uuum</span> 
     </span>
     <span class='ocr_line' id='line_1_9' title="bbox 213 1235 1330 1323; baseline -0.009 -17"><span class='ocrx_word' id='word_1_68' title='bbox 213 1243 366 1307; x_wconf 91' lang='lat' dir='ltr'>inlocum</span> <span class='ocrx_word' id='word_1_69' title='bbox 386 1261 497 1323; x_wconf 85' lang='lat' dir='ltr'>cogere</span> <span class='ocrx_word' id='word_1_70' title='bbox 519 1241 636 1304; x_wconf 86' lang='lat' dir='ltr'>vellem.</span> <span class='ocrx_word' id='word_1_71' title='bbox 682 1239 735 1302; x_wconf 88' lang='lat' dir='ltr'>Sic</span> <span class='ocrx_word' id='word_1_72' title='bbox 756 1238 847 1318; x_wconf 88' lang='lat' dir='ltr'>igitur</span> <span class='ocrx_word' id='word_1_73' title='bbox 863 1236 977 1299; x_wconf 88' lang='lat' dir='ltr'>nebulo</span> <span class='ocrx_word' id='word_1_74' title='bbox 998 1236 1054 1298; x_wconf 90' lang='lat' dir='ltr'>iste</span> <span class='ocrx_word' id='word_1_75' title='bbox 1075 1235 1232 1299; x_wconf 79' lang='lat' dir='ltr'>Abderitas</span> <span class='ocrx_word' id='word_1_76' title='bbox 1252 1237 1330 1317; x_wconf 89' lang='lat' dir='ltr'>llip-</span> 
     </span>
     <span class='ocr_line' id='line_1_10' title="bbox 213 1343 1329 1431; baseline -0.009 -17"><span class='ocrx_word' id='word_1_77' title='bbox 213 1351 333 1431; x_wconf 90' lang='lat' dir='ltr'>pocrati</span> <span class='ocrx_word' id='word_1_78' title='bbox 360 1351 494 1414; x_wconf 88' lang='lat' dir='ltr'>scribere</span> <span class='ocrx_word' id='word_1_79' title='bbox 524 1347 636 1412; x_wconf 91' lang='lat' dir='ltr'>voluit:</span> <span class='ocrx_word' id='word_1_80' title='bbox 671 1345 879 1430; x_wconf 68' lang='grc' dir='ltr'>ἐκλαθόμενος</span> <span class='ocrx_word' id='word_1_81' title='bbox 904 1343 962 1428; x_wconf 77' lang='grc' dir='ltr'>γὰρ</span> <span class='ocrx_word' id='word_1_82' title='bbox 983 1345 1063 1424; x_wconf 90' lang='lat' dir='ltr'>(scil.</span> <span class='ocrx_word' id='word_1_83' title='bbox 1085 1344 1101 1406; x_wconf 85' lang='lat' dir='ltr'>d</span> <span class='ocrx_word' id='word_1_84' title='bbox 1125 1343 1329 1427; x_wconf 74' lang='grc' dir='ltr'>Δημέκριτος)</span> 
     </span>
    </p>
   </div>
   <div class='ocr_carea' id='block_1_4' title="bbox 214 1447 1442 1538">
    <p class='ocr_par' dir='ltr' id='par_1_4' title="bbox 214 1447 1442 1538">
     <span class='ocr_line' id='line_1_11' title="bbox 214 1447 1442 1538; baseline -0.009 -18"><span class='ocrx_word' id='word_1_85' title='bbox 214 1457 356 1522; x_wconf 83' lang='grc' dir='ltr'>ἁπάντων</span> <span class='ocrx_word' id='word_1_86' title='bbox 377 1458 428 1520; x_wconf 83' lang='grc' dir='ltr'>καὶ</span> <span class='ocrx_word' id='word_1_87' title='bbox 452 1457 571 1520; x_wconf 81' lang='grc' dir='ltr'>ἑωυτοῦ</span> <span class='ocrx_word' id='word_1_88' title='bbox 589 1453 748 1538; x_wconf 75' lang='grc' dir='ltr'><strong>πρότερον,</strong></span> <span class='ocrx_word' id='word_1_89' title='bbox 771 1452 945 1537; x_wconf 71' lang='grc' dir='ltr'>ἐγρηγορὼς</span> <span class='ocrx_word' id='word_1_90' title='bbox 967 1452 1018 1514; x_wconf 81' lang='grc' dir='ltr'>καὶ</span> <span class='ocrx_word' id='word_1_91' title='bbox 1033 1451 1125 1514; x_wconf 79' lang='grc' dir='ltr'><strong>νύκτα</strong></span> <span class='ocrx_word' id='word_1_92' title='bbox 1139 1450 1191 1514; x_wconf 82' lang='grc' dir='ltr'>καὶ</span> <span class='ocrx_word' id='word_1_93' title='bbox 1203 1447 1330 1533; x_wconf 64' lang='grc' dir='ltr'><strong>ἡμέρην,</strong></span> <span class='ocrx_word' id='word_1_94' title='bbox 1441 1483 1442 1516; x_wconf 59' lang='lat' dir='ltr'>r</span> 
     </span>
    </p>
   </div>
   <div class='ocr_carea' id='block_1_5' title="bbox 213 1557 1330 1859">
    <p class='ocr_par' dir='ltr' id='par_1_5' title="bbox 213 1557 1330 1859">
     <span class='ocr_line' id='line_1_12' title="bbox 213 1557 1328 1648; baseline -0.004 -22"><span class='ocrx_word' id='word_1_95' title='bbox 213 1565 312 1645; x_wconf 75' lang='grc' dir='ltr'><strong>γελῶν</strong></span> <span class='ocrx_word' id='word_1_96' title='bbox 337 1564 452 1628; x_wconf 79' lang='grc' dir='ltr'>ἕκαστα</span> <span class='ocrx_word' id='word_1_97' title='bbox 481 1561 572 1648; x_wconf 81' lang='grc' dir='ltr'>μικρὰ</span> <span class='ocrx_word' id='word_1_98' title='bbox 601 1561 651 1625; x_wconf 77' lang='grc' dir='ltr'>καὶ</span> <span class='ocrx_word' id='word_1_99' title='bbox 681 1562 800 1644; x_wconf 75' lang='grc' dir='ltr'>μεγάλα</span> <span class='ocrx_word' id='word_1_100' title='bbox 828 1562 878 1624; x_wconf 81' lang='grc' dir='ltr'>καὶ</span> <span class='ocrx_word' id='word_1_101' title='bbox 902 1560 996 1644; x_wconf 76' lang='grc' dir='ltr'>μηδὲν</span> <span class='ocrx_word' id='word_1_102' title='bbox 1021 1559 1161 1644; x_wconf 75' lang='grc' dir='ltr'>οἰόμενος</span> <span class='ocrx_word' id='word_1_103' title='bbox 1181 1557 1255 1621; x_wconf 75' lang='lat' dir='ltr'>altar</span> <span class='ocrx_word' id='word_1_104' title='bbox 1274 1559 1328 1621; x_wconf 75' lang='grc' dir='ltr'>τὸν</span> 
     </span>
     <span class='ocr_line' id='line_1_13' title="bbox 215 1669 558 1736; baseline 0.003 -4"><span class='ocrx_word' id='word_1_105' title='bbox 215 1669 279 1734; x_wconf 78' lang='lat' dir='ltr'>dior</span> <span class='ocrx_word' id='word_1_106' title='bbox 304 1671 375 1735; x_wconf 82' lang='grc' dir='ltr'>ὅλον</span> <span class='ocrx_word' id='word_1_107' title='bbox 399 1671 558 1736; x_wconf 76' lang='grc' dir='ltr'>διατελέει.</span> 
     </span>
     <span class='ocr_line' id='line_1_14' title="bbox 298 1776 1330 1859; baseline -0.002 -17"><span class='ocrx_word' id='word_1_108' title='bbox 298 1781 396 1844; x_wconf 90' lang='lat' dir='ltr'>Porro</span> <span class='ocrx_word' id='word_1_109' title='bbox 415 1782 580 1842; x_wconf 91' lang='lat' dir='ltr'>multorum</span> <span class='ocrx_word' id='word_1_110' title='bbox 599 1778 655 1840; x_wconf 88' lang='lat' dir='ltr'>luit</span> <span class='ocrx_word' id='word_1_111' title='bbox 677 1779 783 1859; x_wconf 90' lang='lat' dir='ltr'>opinio</span> <span class='ocrx_word' id='word_1_112' title='bbox 802 1797 898 1859; x_wconf 88' lang='lat' dir='ltr'>eaque</span> <span class='ocrx_word' id='word_1_113' title='bbox 917 1798 936 1839; x_wconf 91' lang='lat' dir='ltr'>a</span> <span class='ocrx_word' id='word_1_114' title='bbox 956 1777 1044 1840; x_wconf 85' lang='lat' dir='ltr'>Plinii</span> <span class='ocrx_word' id='word_1_115' title='bbox 1067 1778 1187 1856; x_wconf 72' lang='lat' dir='ltr'>maioris</span> <span class='ocrx_word' id='word_1_116' title='bbox 1200 1776 1253 1859; x_wconf 77' lang='lat'>²²)</span> <span class='ocrx_word' id='word_1_117' title='bbox 1276 1797 1330 1840; x_wconf 91' lang='lat' dir='ltr'>us-</span> 
     </span>
    </p>
   </div>
   <div class='ocr_carea' id='block_1_6' title="bbox 214 1885 1444 1970">
    <p class='ocr_par' dir='ltr' id='par_1_6' title="bbox 214 1885 1444 1970">
     <span class='ocr_line' id='line_1_15' title="bbox 214 1885 1444 1970; baseline 0.001 -22"><span class='ocrx_word' id='word_1_118' title='bbox 214 1905 272 1970; x_wconf 87' lang='lat' dir='ltr'>que</span> <span class='ocrx_word' id='word_1_119' title='bbox 295 1888 482 1968; x_wconf 88' lang='lat' dir='ltr'>temporibus</span> <span class='ocrx_word' id='word_1_120' title='bbox 505 1889 612 1966; x_wconf 86' lang='lat' dir='ltr'>ducta,</span> <span class='ocrx_word' id='word_1_121' title='bbox 640 1887 846 1948; x_wconf 85' lang='lat' dir='ltr'>Democritum</span> <span class='ocrx_word' id='word_1_122' title='bbox 868 1885 945 1946; x_wconf 83' lang='lat' dir='ltr'>inter</span> <span class='ocrx_word' id='word_1_123' title='bbox 972 1905 1076 1968; x_wconf 80' lang='lat' dir='ltr'>atagos</span> <span class='ocrx_word' id='word_1_124' title='bbox 1102 1907 1211 1948; x_wconf 78' lang='lat' dir='ltr'>noumn</span> <span class='ocrx_word' id='word_1_125' title='bbox 1239 1907 1330 1949; x_wconf 90' lang='lat' dir='ltr'>suum</span> <span class='ocrx_word' id='word_1_126' title='bbox 1443 1947 1444 1950; x_wconf 73' lang='grc'>,</span> 
     </span>
    </p>
   </div>
   <div class='ocr_carea' id='block_1_7' title="bbox 212 1992 1331 2077">
    <p class='ocr_par' dir='ltr' id='par_1_7' title="bbox 212 1992 1331 2077">
     <span class='ocr_line' id='line_1_16' title="bbox 212 1992 1331 2077; baseline 0.002 -22"><span class='ocrx_word' id='word_1_127' title='bbox 212 1995 384 2075; x_wconf 84' lang='lat' dir='ltr'>professum</span> <span class='ocrx_word' id='word_1_128' title='bbox 406 2015 482 2059; x_wconf 87' lang='lat' dir='ltr'>esse.</span> <span class='ocrx_word' id='word_1_129' title='bbox 530 1994 619 2058; x_wconf 83' lang='lat' dir='ltr'>Plinii</span> <span class='ocrx_word' id='word_1_130' title='bbox 643 1995 736 2059; x_wconf 87' lang='lat' dir='ltr'>verba</span> <span class='ocrx_word' id='word_1_131' title='bbox 762 2001 847 2056; x_wconf 90' lang='lat' dir='ltr'>sunt:</span> <span class='ocrx_word' id='word_1_132' title='bbox 889 1992 1036 2070; x_wconf 90' lang='lat' dir='ltr'>„Primus,</span> <span class='ocrx_word' id='word_1_133' title='bbox 1066 1995 1149 2077; x_wconf 91' lang='lat' dir='ltr'>quod</span> <span class='ocrx_word' id='word_1_134' title='bbox 1167 2001 1273 2070; x_wconf 84' lang='lat' dir='ltr'>exstet,</span> <span class='ocrx_word' id='word_1_135' title='bbox 1295 2003 1331 2057; x_wconf 92' lang='lat' dir='ltr'>ut</span> 
     </span>
    </p>
   </div>
   <div class='ocr_carea' id='block_1_8' title="bbox 214 2101 1445 2190">
    <p class='ocr_par' dir='ltr' id='par_1_8' title="bbox 214 2101 1445 2190">
     <span class='ocr_line' id='line_1_17' title="bbox 214 2101 1445 2190; baseline 0.002 -27"><span class='ocrx_word' id='word_1_136' title='bbox 214 2103 354 2186; x_wconf 86' lang='lat' dir='ltr'>equidem</span> <span class='ocrx_word' id='word_1_137' title='bbox 383 2103 513 2181; x_wconf 90' lang='lat' dir='ltr'>invenio,</span> <span class='ocrx_word' id='word_1_138' title='bbox 542 2109 759 2166; x_wconf 86' lang='lat' dir='ltr'>ccmnreutatns</span> <span class='ocrx_word' id='word_1_139' title='bbox 786 2103 823 2164; x_wconf 88' lang='lat' dir='ltr'>de</span> <span class='ocrx_word' id='word_1_140' title='bbox 845 2121 880 2162; x_wconf 92' lang='lat' dir='ltr'>ea</span> <span class='ocrx_word' id='word_1_141' title='bbox 901 2101 934 2180; x_wconf 90' lang='lat' dir='ltr'>(i.</span> <span class='ocrx_word' id='word_1_142' title='bbox 956 2121 983 2164; x_wconf 88' lang='lat' dir='ltr'>e.</span> <span class='ocrx_word' id='word_1_143' title='bbox 1006 2101 1043 2163; x_wconf 92' lang='lat' dir='ltr'>de</span> <span class='ocrx_word' id='word_1_144' title='bbox 1065 2103 1193 2184; x_wconf 88' lang='lat' dir='ltr'>magice)</span> <span class='ocrx_word' id='word_1_145' title='bbox 1220 2104 1331 2165; x_wconf 85' lang='lat' dir='ltr'>Ostha·</span> <span class='ocrx_word' id='word_1_146' title='bbox 1444 2170 1445 2190; x_wconf 14' lang='grc' dir='ltr'>χ</span> 
     </span>
    </p>
   </div>
   <div class='ocr_carea' id='block_1_9' title="bbox 212 2209 1341 3808">
    <p class='ocr_par' dir='ltr' id='par_1_9' title="bbox 212 2209 1341 3808">
     <span class='ocr_line' id='line_1_18' title="bbox 212 2209 1330 2292; baseline 0 -20"><span class='ocrx_word' id='word_1_147' title='bbox 212 2231 279 2286; x_wconf 84' lang='lat' dir='ltr'>nes,</span> <span class='ocrx_word' id='word_1_148' title='bbox 303 2213 441 2274; x_wconf 84' lang='lat' dir='ltr'>Xerxem</span> <span class='ocrx_word' id='word_1_149' title='bbox 469 2230 571 2291; x_wconf 82' lang='lat' dir='ltr'>regem</span> <span class='ocrx_word' id='word_1_150' title='bbox 601 2213 761 2274; x_wconf 84' lang='lat' dir='ltr'>Persarum</span> <span class='ocrx_word' id='word_1_151' title='bbox 782 2209 873 2288; x_wconf 86' lang='lat' dir='ltr'>bello,</span> <span class='ocrx_word' id='word_1_152' title='bbox 899 2210 982 2292; x_wconf 91' lang='lat' dir='ltr'>quod</span> <span class='ocrx_word' id='word_1_153' title='bbox 1008 2211 1034 2271; x_wconf 93' lang='lat' dir='ltr'>is</span> <span class='ocrx_word' id='word_1_154' title='bbox 1054 2211 1199 2272; x_wconf 83' lang='lat' dir='ltr'>Graeciae</span> <span class='ocrx_word' id='word_1_155' title='bbox 1219 2211 1330 2290; x_wconf 88' lang='lat' dir='ltr'>intulit,</span> 
     </span>
     <span class='ocr_line' id='line_1_19' title="bbox 213 2318 1332 2400; baseline 0.002 -20"><span class='ocrx_word' id='word_1_156' title='bbox 213 2319 389 2382; x_wconf 76' lang='lat' dir='ltr'>contitutus:</span> <span class='ocrx_word' id='word_1_157' title='bbox 412 2339 448 2382; x_wconf 91' lang='lat' dir='ltr'>ac</span> <span class='ocrx_word' id='word_1_158' title='bbox 468 2318 552 2382; x_wconf 89' lang='lat' dir='ltr'>velut</span> <span class='ocrx_word' id='word_1_159' title='bbox 572 2319 687 2382; x_wconf 89' lang='lat' dir='ltr'>semina</span> <span class='ocrx_word' id='word_1_160' title='bbox 710 2319 781 2382; x_wconf 90' lang='lat' dir='ltr'>artis</span> <span class='ocrx_word' id='word_1_161' title='bbox 803 2323 998 2399; x_wconf 87' lang='lat' dir='ltr'>portentosae</span> <span class='ocrx_word' id='word_1_162' title='bbox 1021 2319 1139 2400; x_wconf 88' lang='lat' dir='ltr'>sparsit,</span> <span class='ocrx_word' id='word_1_163' title='bbox 1162 2318 1262 2381; x_wconf 91' lang='lat' dir='ltr'>obiter</span> <span class='ocrx_word' id='word_1_164' title='bbox 1284 2319 1332 2382; x_wconf 90' lang='lat' dir='ltr'>in-</span> 
     </span>
     <span class='ocr_line' id='line_1_20' title="bbox 214 2425 1331 2511; baseline 0.004 -25"><span class='ocrx_word' id='word_1_165' title='bbox 214 2426 311 2504; x_wconf 84' lang='lat' dir='ltr'>lecto,</span> <span class='ocrx_word' id='word_1_166' title='bbox 343 2447 523 2511; x_wconf 88' lang='lat' dir='ltr'>quacunque</span> <span class='ocrx_word' id='word_1_167' title='bbox 546 2433 783 2506; x_wconf 88' lang='lat' dir='ltr'>commeaverat,</span> <span class='ocrx_word' id='word_1_168' title='bbox 813 2428 936 2490; x_wconf 90' lang='lat' dir='ltr'>mundo.</span> <span class='ocrx_word' id='word_1_169' title='bbox 990 2425 1205 2508; x_wconf 78' lang='lat' dir='ltr'>Diligentiores</span> <span class='ocrx_word' id='word_1_170' title='bbox 1234 2427 1331 2508; x_wconf 87' lang='lat' dir='ltr'>paulo</span> 
     </span>
     <span class='ocr_line' id='line_1_21' title="bbox 213 2535 1341 2617; baseline 0.007 -23"><span class='ocrx_word' id='word_1_171' title='bbox 213 2541 283 2596; x_wconf 82' lang='lat' dir='ltr'>mite</span> <span class='ocrx_word' id='word_1_172' title='bbox 313 2535 394 2598; x_wconf 89' lang='lat' dir='ltr'>bunc</span> <span class='ocrx_word' id='word_1_173' title='bbox 421 2539 540 2617; x_wconf 90' lang='lat' dir='ltr'>ponunt</span> <span class='ocrx_word' id='word_1_174' title='bbox 570 2537 766 2598; x_wconf 76' lang='lat' dir='ltr'>zoroastrem</span> <span class='ocrx_word' id='word_1_175' title='bbox 805 2535 897 2598; x_wconf 89' lang='lat' dir='ltr'>alium</span> <span class='ocrx_word' id='word_1_176' title='bbox 928 2535 1177 2598; x_wconf 90' lang='lat' dir='ltr'>Proconnesium.</span> <span class='ocrx_word' id='word_1_177' title='bbox 1237 2536 1341 2617; x_wconf 83' lang='lat' dir='ltr'>Quod.</span> 
     </span>
     <span class='ocr_line' id='line_1_22' title="bbox 213 2641 1332 2722; baseline 0.002 -18"><span class='ocrx_word' id='word_1_178' title='bbox 213 2649 330 2706; x_wconf 86' lang='lat' dir='ltr'>eertum</span> <span class='ocrx_word' id='word_1_179' title='bbox 359 2651 420 2722; x_wconf 89' lang='lat' dir='ltr'>est,</span> <span class='ocrx_word' id='word_1_180' title='bbox 447 2645 496 2705; x_wconf 90' lang='lat' dir='ltr'>bic</span> <span class='ocrx_word' id='word_1_181' title='bbox 526 2645 653 2706; x_wconf 87' lang='lat' dir='ltr'>maxime</span> <span class='ocrx_word' id='word_1_182' title='bbox 676 2645 826 2708; x_wconf 89' lang='lat' dir='ltr'>Osthanes</span> <span class='ocrx_word' id='word_1_183' title='bbox 845 2643 884 2706; x_wconf 90' lang='lat' dir='ltr'>ad</span> <span class='ocrx_word' id='word_1_184' title='bbox 915 2641 1044 2721; x_wconf 89' lang='lat' dir='ltr'>rabiem,</span> <span class='ocrx_word' id='word_1_185' title='bbox 1074 2663 1134 2706; x_wconf 89' lang='lat' dir='ltr'>non</span> <span class='ocrx_word' id='word_1_186' title='bbox 1157 2643 1332 2706; x_wconf 78' lang='lat' dir='ltr'>auiditatem</span> 
     </span>
     <span class='ocr_line' id='line_1_23' title="bbox 212 2751 1334 2833; baseline 0.002 -21"><span class='ocrx_word' id='word_1_187' title='bbox 212 2751 307 2812; x_wconf 91' lang='lat' dir='ltr'>modo</span> <span class='ocrx_word' id='word_1_188' title='bbox 330 2751 473 2814; x_wconf 88' lang='lat' dir='ltr'>scientiae</span> <span class='ocrx_word' id='word_1_189' title='bbox 492 2753 557 2832; x_wconf 90' lang='lat' dir='ltr'>ejus</span> <span class='ocrx_word' id='word_1_190' title='bbox 581 2752 769 2814; x_wconf 89' lang='lat' dir='ltr'>Graecorum</span> <span class='ocrx_word' id='word_1_191' title='bbox 795 2751 929 2832; x_wconf 89' lang='lat' dir='ltr'>populos</span> <span class='ocrx_word' id='word_1_192' title='bbox 952 2752 1020 2832; x_wconf 81' lang='lat' dir='ltr'>egit</span> <span class='ocrx_word' id='word_1_193' title='bbox 1056 2756 1246 2833; x_wconf 79' lang='lat' dir='ltr'>Quamquam</span> <span class='ocrx_word' id='word_1_194' title='bbox 1266 2753 1334 2814; x_wconf 88' lang='lat' dir='ltr'>ani-</span> 
     </span>
     <span class='ocr_line' id='line_1_24' title="bbox 213 2858 1336 2941; baseline 0.002 -21"><span class='ocrx_word' id='word_1_195' title='bbox 213 2858 370 2922; x_wconf 90' lang='lat' dir='ltr'>madverto</span> <span class='ocrx_word' id='word_1_196' title='bbox 408 2881 555 2924; x_wconf 85' lang='lat' dir='ltr'>summam</span> <span class='ocrx_word' id='word_1_197' title='bbox 592 2861 759 2923; x_wconf 88' lang='lat' dir='ltr'>litterarum</span> <span class='ocrx_word' id='word_1_198' title='bbox 801 2858 966 2922; x_wconf 87' lang='lat' dir='ltr'>claritatem</span> <span class='ocrx_word' id='word_1_199' title='bbox 997 2859 1185 2941; x_wconf 85' lang='lat' dir='ltr'>gloriamque</span> <span class='ocrx_word' id='word_1_200' title='bbox 1220 2879 1258 2922; x_wconf 83' lang='lat' dir='ltr'>ex</span> <span class='ocrx_word' id='word_1_201' title='bbox 1297 2880 1336 2922; x_wconf 86' lang='lat' dir='ltr'>ea</span> 
     </span>
     <span class='ocr_line' id='line_1_25' title="bbox 214 2967 1334 3051; baseline 0.003 -24"><span class='ocrx_word' id='word_1_202' title='bbox 214 2967 339 3028; x_wconf 85' lang='lat' dir='ltr'>scientia</span> <span class='ocrx_word' id='word_1_203' title='bbox 362 2969 525 3051; x_wconf 87' lang='lat' dir='ltr'>antiquitus</span> <span class='ocrx_word' id='word_1_204' title='bbox 548 2973 578 3030; x_wconf 90' lang='lat' dir='ltr'>et</span> <span class='ocrx_word' id='word_1_205' title='bbox 596 2989 692 3048; x_wconf 89' lang='lat' dir='ltr'>paene</span> <span class='ocrx_word' id='word_1_206' title='bbox 712 2988 832 3050; x_wconf 89' lang='lat' dir='ltr'>semper</span> <span class='ocrx_word' id='word_1_207' title='bbox 854 2969 985 3050; x_wconf 83' lang='lat' dir='ltr'>petitam.</span> <span class='ocrx_word' id='word_1_208' title='bbox 1022 2967 1113 3029; x_wconf 88' lang='lat' dir='ltr'>Certe</span> <span class='ocrx_word' id='word_1_209' title='bbox 1132 2969 1334 3049; x_wconf 86' lang='lat' dir='ltr'>Pythagoras,</span> 
     </span>
     <span class='ocr_line' id='line_1_26' title="bbox 212 3073 1334 3156; baseline 0.004 -22"><span class='ocrx_word' id='word_1_210' title='bbox 212 3073 425 3154; x_wconf 89' lang='lat' dir='ltr'>Empedocles,</span> <span class='ocrx_word' id='word_1_211' title='bbox 448 3077 650 3154; x_wconf 85' lang='lat' dir='ltr'>Democritus,</span> <span class='ocrx_word' id='word_1_212' title='bbox 675 3076 760 3138; x_wconf 90' lang='lat' dir='ltr'>Plato</span> <span class='ocrx_word' id='word_1_213' title='bbox 783 3077 822 3138; x_wconf 91' lang='lat' dir='ltr'>ad</span> <span class='ocrx_word' id='word_1_214' title='bbox 844 3079 921 3138; x_wconf 84' lang='lat' dir='ltr'>lianc</span> <span class='ocrx_word' id='word_1_215' title='bbox 945 3077 1118 3138; x_wconf 88' lang='lat' dir='ltr'>discendam</span> <span class='ocrx_word' id='word_1_216' title='bbox 1140 3075 1334 3156; x_wconf 84' lang='lat' dir='ltr'>rravigavere,</span> 
     </span>
     <span class='ocr_line' id='line_1_27' title="bbox 213 3183 1335 3267; baseline 0.005 -24"><span class='ocrx_word' id='word_1_217' title='bbox 213 3183 326 3245; x_wconf 85' lang='lat' dir='ltr'>exsiliis</span> <span class='ocrx_word' id='word_1_218' title='bbox 347 3185 448 3247; x_wconf 87' lang='lat' dir='ltr'>verius</span> <span class='ocrx_word' id='word_1_219' title='bbox 476 3206 565 3267; x_wconf 89' lang='lat' dir='ltr'>quarn</span> <span class='ocrx_word' id='word_1_220' title='bbox 592 3184 883 3266; x_wconf 85' lang='lat' dir='ltr'>peregrinationibus</span> <span class='ocrx_word' id='word_1_221' title='bbox 903 3183 1063 3266; x_wconf 89' lang='lat' dir='ltr'>susceptis.</span> <span class='ocrx_word' id='word_1_222' title='bbox 1104 3185 1189 3246; x_wconf 87' lang='lat' dir='ltr'>Hanc</span> <span class='ocrx_word' id='word_1_223' title='bbox 1215 3187 1335 3249; x_wconf 79' lang='lat' dir='ltr'>reversi</span> 
     </span>
     <span class='ocr_line' id='line_1_28' title="bbox 212 3290 1335 3374; baseline 0.006 -24"><span class='ocrx_word' id='word_1_224' title='bbox 212 3290 441 3370; x_wconf 85' lang='lat' dir='ltr'>praedicavere:</span> <span class='ocrx_word' id='word_1_225' title='bbox 473 3295 549 3356; x_wconf 90' lang='lat' dir='ltr'>banc</span> <span class='ocrx_word' id='word_1_226' title='bbox 575 3293 606 3354; x_wconf 91' lang='lat' dir='ltr'>iu</span> <span class='ocrx_word' id='word_1_227' title='bbox 633 3292 750 3354; x_wconf 88' lang='lat' dir='ltr'>arcanis</span> <span class='ocrx_word' id='word_1_228' title='bbox 781 3293 923 3356; x_wconf 87' lang='lat' dir='ltr'>habuere.</span> <span class='ocrx_word' id='word_1_229' title='bbox 979 3293 1173 3356; x_wconf 89' lang='lat' dir='ltr'>Democritus</span> <span class='ocrx_word' id='word_1_230' title='bbox 1201 3293 1335 3374; x_wconf 82' lang='lat' dir='ltr'>Apollo-</span> 
     </span>
     <span class='ocr_line' id='line_1_29' title="bbox 213 3397 1335 3483; baseline 0.004 -24"><span class='ocrx_word' id='word_1_231' title='bbox 213 3397 331 3459; x_wconf 85' lang='lat' dir='ltr'>beclren</span> <span class='ocrx_word' id='word_1_232' title='bbox 353 3399 493 3478; x_wconf 87' lang='lat' dir='ltr'>Coptiten</span> <span class='ocrx_word' id='word_1_233' title='bbox 507 3398 560 3483; x_wconf 71' lang='grc' dir='ltr'>Η)</span> <span class='ocrx_word' id='word_1_234' title='bbox 589 3409 619 3464; x_wconf 91' lang='lat' dir='ltr'>et</span> <span class='ocrx_word' id='word_1_235' title='bbox 637 3401 812 3462; x_wconf 89' lang='lat' dir='ltr'>Dardanum</span> <span class='ocrx_word' id='word_1_236' title='bbox 838 3421 855 3462; x_wconf 92' lang='lat' dir='ltr'>e</span> <span class='ocrx_word' id='word_1_237' title='bbox 884 3400 1035 3462; x_wconf 88' lang='lat' dir='ltr'>Phoenice</span> <span class='ocrx_word' id='word_1_238' title='bbox 1056 3399 1223 3476; x_wconf 84' lang='lat' dir='ltr'>illustravit,</span> <span class='ocrx_word' id='word_1_239' title='bbox 1245 3402 1335 3464; x_wconf 85' lang='lat' dir='ltr'>volu-</span> 
     </span>
     <span class='ocr_line' id='line_1_30' title="bbox 214 3505 1335 3591; baseline 0.004 -25"><span class='ocrx_word' id='word_1_240' title='bbox 214 3505 343 3568; x_wconf 87' lang='lat' dir='ltr'>minibus</span> <span class='ocrx_word' id='word_1_241' title='bbox 365 3508 499 3570; x_wconf 91' lang='lat' dir='ltr'>Dardani</span> <span class='ocrx_word' id='word_1_242' title='bbox 521 3511 551 3572; x_wconf 92' lang='lat' dir='ltr'>in</span> <span class='ocrx_word' id='word_1_243' title='bbox 573 3510 747 3591; x_wconf 90' lang='lat' dir='ltr'>sepulcrum</span> <span class='ocrx_word' id='word_1_244' title='bbox 769 3511 834 3588; x_wconf 87' lang='lat' dir='ltr'>ejus</span> <span class='ocrx_word' id='word_1_245' title='bbox 856 3509 971 3590; x_wconf 89' lang='lat' dir='ltr'>petitis:</span> <span class='ocrx_word' id='word_1_246' title='bbox 1000 3507 1062 3570; x_wconf 89' lang='lat' dir='ltr'>suis</span> <span class='ocrx_word' id='word_1_247' title='bbox 1084 3526 1157 3569; x_wconf 87' lang='lat' dir='ltr'>vero</span> <span class='ocrx_word' id='word_1_248' title='bbox 1181 3527 1220 3570; x_wconf 88' lang='lat' dir='ltr'>ex</span> <span class='ocrx_word' id='word_1_249' title='bbox 1242 3508 1335 3570; x_wconf 90' lang='lat' dir='ltr'>disci·</span> 
     </span>
     <span class='ocr_line' id='line_1_31' title="bbox 214 3613 1336 3701; baseline 0.004 -27"><span class='ocrx_word' id='word_1_250' title='bbox 214 3613 299 3694; x_wconf 88' lang='lat' dir='ltr'>plina</span> <span class='ocrx_word' id='word_1_251' title='bbox 331 3633 437 3677; x_wconf 88' lang='lat' dir='ltr'>eorum</span> <span class='ocrx_word' id='word_1_252' title='bbox 463 3617 565 3680; x_wconf 87' lang='lat' dir='ltr'>editis:</span> <span class='ocrx_word' id='word_1_253' title='bbox 598 3638 675 3701; x_wconf 89' lang='lat' dir='ltr'>quae</span> <span class='ocrx_word' id='word_1_254' title='bbox 710 3623 832 3698; x_wconf 87' lang='lat' dir='ltr'>recepta</span> <span class='ocrx_word' id='word_1_255' title='bbox 867 3617 904 3678; x_wconf 91' lang='lat' dir='ltr'>ab</span> <span class='ocrx_word' id='word_1_256' title='bbox 943 3613 1010 3677; x_wconf 85' lang='lat' dir='ltr'>aliis</span> <span class='ocrx_word' id='word_1_257' title='bbox 1050 3615 1203 3678; x_wconf 85' lang='lat' dir='ltr'>hominum</span> <span class='ocrx_word' id='word_1_258' title='bbox 1241 3625 1336 3699; x_wconf 88' lang='lat' dir='ltr'>atque</span> 
     </span>
     <span class='ocr_line' id='line_1_32' title="bbox 217 3721 1336 3808; baseline 0.006 -27"><span class='ocrx_word' id='word_1_259' title='bbox 217 3721 370 3785; x_wconf 88' lang='lat' dir='ltr'>transiisse</span> <span class='ocrx_word' id='word_1_260' title='bbox 390 3743 447 3804; x_wconf 88' lang='lat' dir='ltr'>per</span> <span class='ocrx_word' id='word_1_261' title='bbox 473 3725 648 3788; x_wconf 86' lang='lat' dir='ltr'>merncriam</span> <span class='ocrx_word' id='word_1_262' title='bbox 674 3745 769 3808; x_wconf 88' lang='lat' dir='ltr'>aeque</span> <span class='ocrx_word' id='word_1_263' title='bbox 799 3747 835 3788; x_wconf 93' lang='lat' dir='ltr'>ac</span> <span class='ocrx_word' id='word_1_264' title='bbox 854 3724 928 3786; x_wconf 85' lang='lat' dir='ltr'>nibil</span> <span class='ocrx_word' id='word_1_265' title='bbox 950 3723 980 3784; x_wconf 92' lang='lat' dir='ltr'>iu</span> <span class='ocrx_word' id='word_1_266' title='bbox 1002 3724 1062 3785; x_wconf 89' lang='lat' dir='ltr'>vita</span> <span class='ocrx_word' id='word_1_267' title='bbox 1081 3725 1251 3786; x_wconf 88' lang='lat' dir='ltr'>mirandum</span> <span class='ocrx_word' id='word_1_268' title='bbox 1275 3735 1336 3788; x_wconf 88' lang='lat' dir='ltr'>est.</span> 
     </span>
    </p>
   </div>
   <div class='ocr_carea' id='block_1_10' title="bbox 217 4016 1336 4166">
    <p class='ocr_par' dir='ltr' id='par_1_10' title="bbox 217 4016 1336 4166">
     <span class='ocr_line' id='line_1_33' title="bbox 287 4016 1336 4084; baseline 0.001 -14"><span class='ocrx_word' id='word_1_269' title='bbox 287 4017 326 4081; x_wconf 78' lang='lat'>²¹)</span> <span class='ocrx_word' id='word_1_270' title='bbox 347 4033 406 4084; x_wconf 85' lang='lat' dir='ltr'>pag.</span> <span class='ocrx_word' id='word_1_271' title='bbox 434 4019 500 4072; x_wconf 74' lang='lat'><strong>1273</strong></span> <span class='ocrx_word' id='word_1_272' title='bbox 523 4023 596 4073; x_wconf 86' lang='lat' dir='ltr'>Torn.</span> <span class='ocrx_word' id='word_1_273' title='bbox 613 4016 635 4072; x_wconf 99' lang='lat' dir='ltr'>ll</span> <span class='ocrx_word' id='word_1_274' title='bbox 660 4021 701 4072; x_wconf 90' lang='lat' dir='ltr'>ed.</span> <span class='ocrx_word' id='word_1_275' title='bbox 728 4021 801 4072; x_wconf 75' lang='lat' dir='ltr'>Fces.</span> <span class='ocrx_word' id='word_1_276' title='bbox 828 4033 900 4083; x_wconf 88' lang='lat' dir='ltr'>oper.</span> <span class='ocrx_word' id='word_1_277' title='bbox 926 4019 1051 4084; x_wconf 91' lang='lat' dir='ltr'>llippocr.</span> <span class='ocrx_word' id='word_1_278' title='bbox 1078 4021 1111 4084; x_wconf 86' lang='lat' dir='ltr'>(p.</span> <span class='ocrx_word' id='word_1_279' title='bbox 1133 4017 1184 4070; x_wconf 75' lang='grc'>775</span> <span class='ocrx_word' id='word_1_280' title='bbox 1204 4021 1277 4070; x_wconf 81' lang='lat' dir='ltr'>Toni.</span> <span class='ocrx_word' id='word_1_281' title='bbox 1300 4016 1336 4071; x_wconf 96' lang='lat' dir='ltr'>lll</span> 
     </span>
     <span class='ocr_line' id='line_1_34' title="bbox 217 4097 571 4166; baseline 0.014 -18"><span class='ocrx_word' id='word_1_282' title='bbox 217 4097 257 4148; x_wconf 90' lang='lat' dir='ltr'>ed.</span> <span class='ocrx_word' id='word_1_283' title='bbox 280 4099 362 4151; x_wconf 87' lang='lat' dir='ltr'>llltbn.</span> <span class='ocrx_word' id='word_1_284' title='bbox 399 4103 468 4166; x_wconf 88' lang='lat' dir='ltr'>Llps.</span> <span class='ocrx_word' id='word_1_285' title='bbox 488 4099 571 4165; x_wconf 71' lang='lat'>1827.)</span> 
     </span>
    </p>
   </div>
   <div class='ocr_carea' id='block_1_11' title="bbox 287 4192 1058 4350">
    <p class='ocr_par' dir='ltr' id='par_1_11' title="bbox 287 4192 1058 4350">
     <span class='ocr_line' id='line_1_35' title="bbox 287 4192 750 4256; baseline -0.002 -11"><span class='ocrx_word' id='word_1_286' title='bbox 287 4193 327 4256; x_wconf 83' lang='lat'>²²)</span> <span class='ocrx_word' id='word_1_287' title='bbox 345 4194 407 4245; x_wconf 89' lang='lat' dir='ltr'>Ptin.</span> <span class='ocrx_word' id='word_1_288' title='bbox 424 4195 484 4246; x_wconf 83' lang='lat' dir='ltr'>liist.</span> <span class='ocrx_word' id='word_1_289' title='bbox 502 4197 554 4245; x_wconf 85' lang='lat' dir='ltr'>nat.</span> <span class='ocrx_word' id='word_1_290' title='bbox 573 4192 615 4243; x_wconf 89' lang='lat' dir='ltr'>lib.</span> <span class='ocrx_word' id='word_1_291' title='bbox 635 4193 709 4255; x_wconf 79' lang='lat' dir='ltr'>XXX,</span> <span class='ocrx_word' id='word_1_292' title='bbox 728 4193 750 4244; x_wconf 89' lang='lat' dir='ltr'>l.</span> 
     </span>
     <span class='ocr_line' id='line_1_36' title="bbox 287 4285 1058 4350; baseline -0.004 -13"><span class='ocrx_word' id='word_1_293' title='bbox 287 4285 326 4348; x_wconf 75' lang='grc' dir='ltr'>Η)</span> <span class='ocrx_word' id='word_1_294' title='bbox 346 4289 373 4336; x_wconf 94' lang='lat' dir='ltr'>ln</span> <span class='ocrx_word' id='word_1_295' title='bbox 394 4287 450 4338; x_wconf 85' lang='lat' dir='ltr'>aliis</span> <span class='ocrx_word' id='word_1_296' title='bbox 472 4285 550 4337; x_wconf 89' lang='lat' dir='ltr'>codd.</span> <span class='ocrx_word' id='word_1_297' title='bbox 571 4287 666 4348; x_wconf 83' lang='lat' dir='ltr'>legitur</span> <span class='ocrx_word' id='word_1_298' title='bbox 685 4287 855 4350; x_wconf 79' lang='lat' dir='ltr'>Apollonlcen</span> <span class='ocrx_word' id='word_1_299' title='bbox 877 4285 1058 4348; x_wconf 87' lang='lat' dir='ltr'>Captldonem.</span> 
     </span>
    </p>
   </div>
   <div class='ocr_carea' id='block_1_12' title="bbox 0 0 1458 4872">
    <p class='ocr_par' dir='ltr' id='par_1_12' title="bbox 0 0 1458 4872">
     <span class='ocr_line' id='line_1_37' title="bbox 0 0 1458 4872; baseline 0 0"><span class='ocrx_word' id='word_1_300' title='bbox 0 0 1458 4872; x_wconf 95' lang='lat' dir='ltr'> </span> 
     </span>
    </p>
   </div>
  </div>
 </body>
</html>
