2938 4864
331 349 417 404 Liber
434 347 482 406 lll.
519 347 588 408 Adn.
606 347 640 403 ad
660 349 738 406 Dera.
757 368 801 424 op.
819 351 916 424 fragm.
1118 349 1182 415 325

62 522 135 583 lude
160 520 249 582 etiam
279 523 339 594 est,
365 518 447 600 quod
479 517 657 582 sententiam
683 515 770 602 νόμῳ
798 517 849 580 καὶ
882 519 1053 604 σοφωτέρῳ
1087 518 1177 582 εἴκειν

62 629 202 711 κόσμιον,
223 649 313 710 quam
334 627 484 690 Stobaeus
504 627 530 687 lf
532 625 587 688 lor.
611 627 649 701 V,
660 627 701 690 m
723 627 900 690 Democrito
923 628 1062 704 vindicat,
1082 627 1177 692 Anto-

63 739 131 798 nim
153 747 183 798 et
204 735 353 798 Maximus
373 755 440 815 pag.
466 737 525 797 eto
554 735 679 796 Isocrati
697 741 727 796 et
746 754 814 816 pag.
838 737 900 796 452
924 735 1064 816 Epicteto
1083 736 1178 798 ascri-

63 847 147 908 bunt.
189 846 293 926 ltaque
312 863 420 922 magna
440 863 518 922 opus
543 849 589 904 est
608 847 757 917 cautione,
771 863 810 904 ne
825 863 902 926 qnae
920 845 1000 924 apud
1012 844 1177 906 Antonium

63 961 94 1015 et
113 952 278 1014 Maximum
298 951 439 1032 leguntur
451 951 627 1028 Democriti,
649 951 778 1031 Epicteti
799 959 829 1014 et
841 951 982 1014 laceratis
1004 953 1177 1031 fragmenta,

64 1084 100 1123 aa
120 1061 172 1123 uni
196 1081 233 1122 ex
257 1058 316 1120 illis
339 1058 435 1120 tribus
458 1067 570 1120 temere
591 1059 786 1140 assignemuS.
830 1060 1073 1140 Confugiendum
1098 1060 1177 1120 enim

64 1189 185 1250 semper
204 1173 251 1230 est
270 1168 309 1229 ad
330 1167 455 1254 Stobaei
477 1167 666 1250 aliorumque
686 1169 899 1251 veterum,q11i
919 1169 979 1230 fide
999 1169 1081 1248 digni
1097 1175 1176 1245 sunt,

65 1277 282 1339 auctoritatem.
325 1274 358 1336 ld
385 1295 446 1336 uon
474 1283 623 1356 perpetuo
652 1275 760 1337 fecisse
792 1275 941 1338 Orellium
960 1295 1032 1337 niox
1055 1274 1173 1336 manile

66 1392 144 1447 stum
165 1386 230 1460 erit,
253 1383 314 1467 qui,
338 1403 415 1464 quae
442 1383 507 1460 ejus
536 1384 719 1464 negligentia
747 1383 811 1460 fuit,
840 1383 938 1446 aliena
957 1401 1176 1462 saepenumero

66 1513 125 1574 pro
145 1491 347 1555 Democriteis
375 1490 547 1570 publicavit
598 1495 795 1574 Quapropter
815 1513 885 1554 cum
908 1490 1095 1567 Burchardo,
1117 1489 1176 1551 cir-

66 1609 242 1682 cumspecto
270 1599 324 1661 illo
355 1597 513 1660 moralium
540 1599 707 1661 Democriti
736 1600 914 1680 fragminum
942 1599 1058 1661 editore
1084 1597 1177 1660 multa

67 1711 181 1788 rejicio,
204 1705 396 1772 Democritea
423 1705 541 1768 Orellio
566 1707 638 1785 visa,
661 1708 701 1769 ita
721 1715 828 1785 tamen,
856 1715 890 1769 ut
910 1727 1009 1788 pauca
1030 1705 1176 1790 quaedam

65 1841 102 1882 ex
126 1819 162 1880 iis
183 1837 259 1900 quae
289 1815 425 1877 severior
450 1815 500 1876 ille
525 1815 622 1893 judex
641 1817 706 1894 jam
735 1815 826 1877 obelo
855 1817 1022 1876 confixerat
1036 1828 1177 1896 'quaeque

65 1929 96 1988 iu
127 1923 377 2007 praecedentibus
398 1923 463 2001 jam
492 1928 616 1985 tractata
644 1931 726 2000 sunt,
755 1923 932 1985 Democrito
954 1923 1086 1984 reddam.
1130 1922 1176 1980 En

66 2035 156 2114 igitur
179 2034 352 2112 fragmenta,
374 2052 450 2112 quac
475 2031 582 2111 partim
604 2043 637 2094 ut
658 2032 757 2094 aliena
776 2052 813 2094 ex
836 2030 999 2093 Orelliauis
1019 2027 1176 2109 opusculis

66 2142 212 2220 ejicienda
245 2148 323 2216 surrt,
356 2141 474 2222 partim,
505 2149 539 2203 ut
566 2148 708 2221 suspecta
737 2139 913 2204 Democrito
942 2159 960 2200 a
990 2137 1175 2200 cautioribus

68 2251 157 2313 tribui
184 2255 345 2331 nequeunt.

155 2361 180 2420 1.
222 2355 350 2440 Σφόδρα
371 2355 530 2420 εὐάλωτόν
554 2355 632 2418 ἐστιν
656 2356 675 2438 ἡ
698 2354 847 2438 πονηρία·

216 2461 270 2531 Εἰς
293 2463 348 2547 γὰρ
371 2465 405 2526 rb
427 2461 537 2547 κέρδος
559 2463 650 2548 μόνον
679 2461 891 2547 ἀποβλέπουσ’
915 2461 964 2523 ἀεὶ

213 2569 377 2656 'Apprime
400 2571 518 2633 ἅπαντα
540 2571 590 2634 καὶ
612 2575 773 2654 προπετῶς
793 2570 1001 2651 cupneiileaut.

69 2683 190 2762 Legitur
212 2702 259 2760 ap.
278 2680 364 2742 Stob.
386 2681 468 2741 Flcr.
490 2681 524 2756 ll,
545 2683 575 2754 13
597 2700 641 2742 nr.
668 2682 687 2741 ἱ)
709 2699 757 2759 ap.
779 2677 936 2755 Orellium,
958 2677 1007 2759 qni
1028 2677 1092 2756 ipsc
1112 2677 1176 2752 jam

67 2790 196 2868 conjecit
218 2791 277 2852 boc
298 2791 495 2868 fragmentum
518 2785 674 2850 uorr'esse
699 2786 866 2848 Democriti
897 2785 1066 2847 Abderitae.
1117 2786 1176 2845 De·

68 2899 165 2962 metrii
190 2917 300 2960 nomen
324 2897 528 2977 prraepositum
550 2896 639 2958 babet
657 2897 686 2958 in
709 2894 806 2958 Dictis
819 2896 979 2958 Poetarum
1002 2915 1019 2953 c
1041 2893 1175 2955 Stobaeo

67 3011 105 3071 ab
124 3009 201 3087 llug.
219 3005 327 3069 Grotic
353 3005 441 3067 editis
469 3005 605 3066 Eundem
622 3003 808 3066 Demetrium
829 3011 985 3068 auctorem
1007 3003 1176 3081 agnoscunt

67 3115 156 3178 codd.
177 3135 275 3194 imper
298 3112 410 3176 collati.

152 3225 180 3284 ⁸2.
220 3219 380 3284 Ἀδικείτω
404 3241 456 3301 μοι
477 3216 623 3284 πλούσιος
644 3219 755 3302 καὶμὴ
778 3217 889 3300 πένης·

219 3327 292 3410 ῥᾷον
314 3325 417 3410 φέρειν
443 3324 501 3408 γὰρ
525 3323 703 3408 κρειττόνων
725 3327 897 3410 τυραννίδα.
930 3353 933 3360 ·

66 3436 211 3516 Corrupti
227 3435 255 3496 lri
275 3454 381 3497 versus
403 3435 440 3496 ad
454 3433 661 3494 Democritum
682 3443 836 3498 auctorem
857 3433 934 3496 orale
956 3434 1129 3496 referuntur
1144 3433 1174 3494 iu

64 3546 206 3624 Corpore
226 3543 440 3606 sententiarum
465 3542 656 3604 Frobeniauo
680 3563 747 3623 pag.
774 3546 847 3618 ⁸208,
869 3545 956 3622 cujus
973 3542 1047 3602 baec
1067 3549 1113 3602 est
1133 3541 1175 3602 in-

65 3651 210 3730 scriptio:
248 3649 423 3712 Callimachi
444 3651 545 3730 hymni
569 3671 638 3712 cum
659 3649 790 3713 scholiis.
833 3651 992 3713 Accedunt
1010 3649 1175 3711 sententiae

64 3783 103 3822 cx
127 3759 254 3821 diversis
273 3759 383 3839 poetis,
404 3759 575 3822 oratoribus
596 3763 627 3820 et
643 3757 833 3839 phdosopbis
852 3757 1007 3820 collectae.
1037 3757 1175 3818 Basileae

70 3871 158 3946 1532,
171 3869 199 3931 f.
233 3866 422 3929 Tribuuntur
443 3867 610 3929 lllcuaudrc
630 3887 678 3947 ap.
701 3865 813 3930 flnton.
836 3873 866 3929 et
888 3867 967 3936 lllax.
987 3887 1016 3946 p.
1029 3867 1100 3941 213,
1123 3865 1176 3927 ubi

65 3977 212 4058 scriptum
235 3983 281 4036 est
302 3973 444 4038 ἀδικεῖται
469 3995 516 4056 με.

101 4161 108 4174 .
152 4086 181 4148 3.
216 4077 323 4149 Ὅστις
352 4088 442 4166 σῶμα
471 4080 639 4165 θεραπεύει
666 4081 700 4142 τὸ
731 4082 853 4158 ἑαυτοῦ,
874 4079 934 4165 οὐχ
957 4080 1065 4142 ἑαυτὸν
1087 4080 1176 4164 θερα-

67 4191 174 4254 πεύει·
204 4187 284 4258 ὅστις
311 4189 466 4274 χρήματα,
496 4187 565 4252 cbll’
597 4187 705 4251 ἑαυτὸν
733 4187 803 4250 οὔτε
835 4188 872 4252 τὰ
897 4189 1020 4267 ἑαυτοῦ,
1040 4188 1113 4250 ἀλλ’
1134 4186 1178 4250 ἔτι

66 4295 255 4383 πιζιξιιιιτέρω
270 4301 330 4358 τῶν
348 4295 470 4360 ἑαυτοῦ.
514 4297 598 4361 Stob.
613 4297 697 4362 Flor.
712 4299 825 4373 Xl'lll,
837 4299 892 4372 37;
912 4317 960 4378 ap.
979 4297 1073 4360 Orell.
1090 4301 1177 4362 nbi.
