2938 4864
340 325 423 380 Liber
442 323 490 382 lll.
528 324 598 380 Arla.
620 325 654 379 acl
673 325 751 383 Dem.
768 341 811 400 qp.
833 327 928 399 lragm.
1129 331 1191 394 341

80 496 163 577 qnod
185 493 340 577 quomodo
367 491 449 553 oculi
478 493 604 555 venulae
631 493 728 555 forme
754 499 784 555 et
807 493 901 572 ligura
921 495 1100 575 imaginibus
1120 503 1190 560 aire

79 603 231 683 expressis
256 601 441 682 respondere
471 609 590 682 queant,
619 621 680 662 uon
705 598 896 679 intelligatur.
939 603 1009 679 lles,
1030 626 1119 687 quam
1140 627 1190 668 ne-

80 731 138 792 que
159 711 363 774 Schneiderus
385 709 554 771 accuratius
582 707 731 788 exposuit,
758 727 857 789 neque
879 709 1103 790 Philippsonios
1132 715 1190 775 nisi

79 819 171 881 allato
199 817 467 898 Pseudoplutarcbi
497 818 569 880 loco
595 816 632 877 de
660 815 738 894 plac.
766 815 839 894 plril.
864 817 915 892 lV,
942 820 989 894 19,
1019 821 1070 882 nbi
1093 829 1190 882 exstat

80 927 283 988 Democritica
307 945 368 987 vox
395 924 634 1008 ὁμοιοσχήμων,
666 924 816 985 illustrare
845 925 976 1002 tentavit,
1007 928 1072 988 sine
1093 929 1188 991 dubio

78 1035 123 1096 sic
144 1034 321 1114 explicanda
341 1039 395 1096 est
440 1037 541 1114 Quum
569 1037 706 1094 censeret
730 1031 922 1094 Democritus
945 1034 1098 1096 individua
1119 1057 1188 1098 cor-

78 1141 206 1222 puscula
234 1161 295 1203 non
317 1161 384 1203 esse
407 1141 507 1202 omnia
531 1141 666 1218 ejusdem
689 1139 817 1219 generis,
838 1139 892 1200 scu
914 1139 973 1202 alia
993 1162 1060 1206 esse
1082 1145 1186 1220 laevia,

79 1249 136 1310 alia
157 1269 273 1328 aspera,
296 1248 427 1310 rotunda
445 1249 512 1324 alia,
534 1248 643 1328 partim
664 1247 812 1326 angulata,
845 1256 968 1311 curvata
989 1252 1135 1332 quaedam
1157 1260 1188 1314 et

80 1357 165 1439 quasi
184 1357 301 1417 adurrca
320 1358 373 1436 (cl.
403 1356 468 1420 Cic.
491 1356 529 1417 de
550 1363 609 1416 nat.
632 1357 716 1417 deor.
737 1357 758 1431 l,
780 1357 820 1416 m
840 1361 871 1414 et
892 1355 985 1419 Acad.
1009 1359 1044 1432 ll,
1066 1361 1122 1440 38)
1145 1367 1187 1420 at·
1293 1353 1305 1374 ⁶

79 1485 136 1547 qne
158 1484 195 1525 ex
227 1464 273 1525 bis
300 1463 439 1524 ellectum
468 1483 536 1525 esse
564 1483 665 1523 rorum
691 1462 914 1524 universitatem
947 1465 1031 1528 nulla
1059 1475 1185 1547 cogente

78 1577 191 1646 natura,
213 1571 267 1632 secl
288 1590 440 1633 concursu
463 1571 594 1653 quodam
614 1570 747 1645 fortuito,
769 1571 941 1633 necessario
961 1575 1118 1650 statuebat,
1140 1595 1185 1636 rc-

78 1701 144 1740 rum
164 1679 374 1758 cognationem
401 1699 438 1740 ac
466 1679 689 1740 similitudinem
717 1683 957 1755 ercammarum,
981 1682 1091 1761 quibus
1113 1703 1185 1744 con-

77 1792 196 1862 starent,
221 1785 398 1867 aequalitate
426 1805 463 1848 ac
484 1785 686 1860 similitudine,
716 1805 819 1847 earnm
842 1785 1044 1848 diversitatem
1067 1809 1103 1850 ac
1126 1788 1186 1849 dis-

77 1893 297 1958 sirrrilitudinern
328 1913 366 1953 ex
394 1900 563 1956 atomorum
592 1892 792 1972 discrepantia
823 1893 904 1957 oriri.
959 1897 1025 1957 lluo
1057 1896 1185 1972 accedit,

76 2004 157 2086 qood
179 2007 306 2080 cognata
329 2005 442 2061 tantum
470 2021 504 2062 se
532 2001 659 2063 invicem
683 2021 872 2081 cognoscere
896 2001 1085 2081 opinabatur.
1129 2006 1185 2065 lta-

76 2131 134 2194 que
147 2108 323 2171 Democrito
335 2108 440 2187 judice
461 2129 510 2170 res
531 2109 588 2171 sub
609 2115 764 2189 aspectum
787 2111 929 2171 cadentes
950 2110 1031 2172 velut
1052 2118 1183 2173 montem

75 2226 127 2282 aut
148 2217 269 2278 fluvium
299 2215 397 2278 oculis
425 2217 585 2293 cernimus,
614 2227 778 2297 propterea
811 2217 893 2297 qnod
919 2217 1001 2279 oculi
1029 2220 1124 2280 nostri
1146 2238 1184 2279 ex

75 2327 208 2406 ejusdcm
232 2323 351 2404 generis
375 2323 483 2385 atomis
505 2324 668 2404 compositi
687 2333 758 2386 sunt
776 2329 865 2405 atque
888 2325 956 2386 illae
979 2345 1028 2386 res
1048 2333 1184 2405 aspecta-

76 2436 167 2506 biles;
190 2434 244 2496 sed
266 2431 396 2492 utimum
412 2449 449 2491 ex
469 2432 601 2494 humano
617 2453 748 2512 corpore
767 2432 933 2494 elabentem
956 2453 1017 2494 non
1038 2434 1182 2510 videmus,

75 2543 145 2624 quia
165 2541 246 2602 aliud
264 2559 358 2619 genus
377 2545 548 2600 atomorum
567 2541 597 2601 in
612 2540 718 2602 animis
730 2547 785 2616 est,
799 2540 880 2601 aliud
900 2542 929 2602 in
951 2541 1048 2604 oculis
1061 2542 1182 2602 nostris.

161 2651 207 2711 1-1.
250 2647 353 2726 Vulgo
373 2647 530 2726 legebatur
547 2647 611 2708 οἷον
628 2647 655 2708 εἰ
669 2645 838 2727 expetiisses,
860 2648 888 2709 el
904 2646 1045 2730 σκληρόν,
1068 2645 1182 2709 ἔπειτα.

74 2759 276 2822 Sclmeitlerus
307 2753 401 2815 edidit
428 2751 589 2835 ἑκμάξειας
619 2755 662 2821 εἰς
687 2753 830 2836 σκληρόν,
856 2754 939 2835 quod
965 2756 1087 2817 retinuit
1117 2755 1184 2816 Phi-

74 2869 261 2946 lippsonius3
288 2864 342 2925 scd
372 2862 564 2923 scribendum
589 2867 635 2923 est
660 2881 728 2923 cum
756 2861 933 2923 Burclranlo
959 2859 1121 2943 ἑκμάξειας
1141 2861 1185 2928 εἰς

73 2971 165 3056 κηρόν
189 2974 255 3052 ipso
279 2971 489 3050 Theophrasto
518 2970 607 3044 duce,
635 2970 686 3050 qui
712 2967 740 3052 §.
763 2973 804 3031 52
834 2969 861 3030 el
884 2969 918 3030 δὲ
941 2969 978 3050 δὴ
997 2972 1085 3031 τοῦτο
1110 2991 1182 3050 συμ-

73 3079 181 3164 βαίνει,
204 3079 307 3162 iuquit‚
329 3077 379 3140 καὶ
400 3078 416 3138 ὁ
440 3075 499 3158 ἀὴρ
519 3075 723 3158 ἀπομάττεται
746 3077 885 3160 καθάπερ
908 3075 1020 3160 κηρός..
1064 3080 1096 3138 ln
1116 3097 1182 3138 ver-

73 3189 120 3250 bis
143 3189 245 3269 ὥσπερ
269 3185 300 3247 ἐν
323 3189 386 3251 τοῖς
414 3185 483 3266 περὶ
505 3189 565 3245 τῶν
589 3183 690 3257 εἰδῶν,
713 3204 790 3265 quae
811 3204 871 3246 uon
893 3185 1104 3247 intellexerunt
1124 3186 1182 3247 viri

70 3295 162 3369 docti,
185 3295 256 3354 nibil
279 3293 452 3354 mutandum
481 3299 535 3354 esl.
585 3291 788 3353 Scltneiclorus
816 3293 918 3371 posuit
941 3293 1091 3371 εἰδώλων,
1111 3314 1181 3374 pro·
1243 3293 1251 3300 '

71 3401 211 3463 bentibus
240 3400 448 3481 l'lrilippsonio
477 3408 507 3460 ct
529 3399 715 3461 Burclrardo.
759 3399 799 3461 m
820 3400 882 3461 rluo
905 3401 967 3463 loci
995 3403 1183 3481 l’semloplu-

69 3510 184 3572 tarclrei
205 3509 242 3570 cle
266 3510 342 3589 plac.
362 3509 433 3588 phil.
454 3508 505 3583 lV,
527 3509 565 3570 13
583 3513 613 3567 et
627 3509 673 3583 l-l,
692 3507 744 3589 qui
766 3507 933 3586 allegantur
952 3507 994 3568 nil
1014 3509 1071 3570 nisi
1094 3529 1180 3571 usum

68 3617 155 3680 vocis
179 3613 308 3678 εἴδωλον
330 3618 468 3696 probant,
496 3617 533 3677 de
559 3636 621 3696 quo
652 3615 733 3676 nulla
752 3611 959 3676 controversia
980 3621 1034 3678 est.
1077 3619 1182 3696 lmpri-

69 3726 127 3786 mis
149 3731 248 3786 autern
276 3725 384 3785 uticum
410 3733 456 3784 est
482 3723 698 3798 Burclrardurrr,
727 3723 781 3805 qui
803 3724 874 3784 citat
896 3723 985 3803 Diog.
1007 3725 1103 3785 Laert.
1124 3725 1179 3799 lx,

72 3835 148 3902 117;
172 3833 290 3893 l'abric.
306 3831 382 3892 Bibl.
404 3835 511 3893 Graec.
525 3831 560 3904 ll,
575 3849 640 3908 cap.
655 3833 694 3890 ‘23
717 3839 747 3891 et
767 3831 884 3892 titulum
905 3831 973 3892 libri
997 3831 1181 3892 Democrilei

68 3943 202 4000 aSexto
225 3940 336 4019 Empir.
367 3939 433 4000 adu.
458 3939 548 4000 llatb.
579 3935 642 4011 Vll,
666 3939 723 4002 131
754 3939 910 4000 rneurorati
935 3947 1026 4018 caput
1047 3939 1090 3998 rci
1118 3957 1180 4000 non

68 4047 252 4128 percepisse.
282 4048 344 4108 Sed
362 4047 440 4108 idern
454 4053 499 4108 est
511 4043 651 4106 volumen
663 4047 893 4121 Democriteum,
908 4047 991 4126 quod
1012 4067 1030 4106 a
1043 4044 1180 4126 Diogene

67 4155 110 4226 X,
128 4157 145 4214 l
169 4153 205 4214 τὰ
221 4155 288 4236 περὶ
311 4153 444 4236 ἀτόμων,
466 4155 588 4214 ascuto
603 4153 636 4214 rb
661 4153 727 4234 περὶ
749 4153 838 4213 ἰδεῶν
860 4163 890 4213 ot
912 4153 960 4214 hic
976 4155 1181 4234 a'llreoplrra-

65 4275 115 4324 sto
144 4259 180 4324 τὰ
202 4261 269 4344 nepl
291 4261 380 4323 εἰδῶν
412 4262 590 4342 appellatur.
644 4263 689 4323 Cl.
715 4281 792 4342 qum
819 4260 948 4322 ‹lixiurns
971 4259 1021 4324 lib.
1045 4263 1070 4322 ll
1091 4263 1127 4324 dc
1148 4264 1181 4324 ti-
