2892 4872
349 349 480 411 Liberll.
514 349 557 405 Da
573 349 721 407 Democriti
741 351 868 458 scriptia(
1100 357 1161 424 141

71 538 135 600 qnos
163 521 247 602 sequi
274 517 393 583 videtur
420 517 643 582 lleimsoetlrius
671 540 739 602 pag.
768 520 820 597 u,
857 523 1017 603 separatim
1044 534 1163 607 ponunt

70 625 154 690 Αἰτίαι
179 626 336 711 σύμμικτοι
364 627 419 706 (ita
447 627 525 688 enim
552 626 645 708 vulgo
674 627 798 710 legitur)
827 635 858 692 et
882 629 952 714 περὶ
980 635 1034 714 τῆς
1062 633 1161 697 litteo.

69 740 154 816 Quum
175 757 248 799 vero
270 755 392 817 magnes
413 755 451 796 ex
474 733 510 797 iis
541 734 580 799 sit
602 735 753 817 lapidibus
782 757 912 819 quorum
936 737 983 800 vis
1004 747 1034 802 et
1055 749 1162 806 natura

67 845 143 908 variis
168 844 379 926 experimentis
405 842 610 926 periculisque
642 865 660 907 a
689 845 867 908 Democrito
895 845 981 908 lactis
1009 850 1162 914 enucleari

9 1031 10 1034 Ἴ
66 955 191 1032 potuerit,
211 973 272 1016 non
293 951 427 1015 dubitavi
450 941 611 1033 utrumqne
631 953 749 1016 titulum
770 954 962 1034 conjungere,
982 957 1161 1034 praesertim

9 1073 11 1142 t
66 1083 147 1142 quum
163 1063 218 1125 ista
237 1061 429 1142 separatione
451 1059 588 1137 adm'utsa
608 1061 833 1142 tetralogianrm
860 1061 937 1124 ordo
959 1061 1160 1140 perturbetur.

9 1143 11 1262 l
64 1167 124 1229 Non
143 1170 180 1230 de
205 1189 268 1232 uuo
299 1175 449 1249 magnete,
477 1167 533 1229 sed
557 1168 596 1230 de
628 1169 736 1251 quovis
767 1169 900 1248 lapidum
924 1187 1034 1248 genere
1063 1171 1161 1250 egisse

9 1279 10 1308 ³
65 1275 263 1355 Democritum,
295 1297 333 1340 ex
363 1275 498 1339 Petronii
518 1275 591 1338 loco
621 1276 661 1338 ad
687 1276 872 1357 trigesimum
899 1275 1012 1339 librum
1033 1297 1051 1338 a
1072 1279 1160 1342 uobis

64 1383 140 1446 dato
169 1385 294 1466 collegit
324 1384 491 1448 Fabricius.
541 1383 634 1466 Quod
664 1391 698 1446 ut
734 1383 874 1466 equidem
904 1404 966 1448 non
996 1404 1091 1466 nego,
1119 1387 1161 1449 ita

9 1475 10 1480 ἵ
63 1491 209 1557 lectionem
235 1494 320 1574 apud
348 1493 500 1555 Laertium
526 1494 556 1556 in
585 1492 725 1555 omnibus
754 1493 842 1555 codd.
872 1493 1021 1556 inventam
1047 1514 1161 1575 nequa-

63 1619 138 1680 qnam
157 1599 369 1681 corrigendam
388 1619 456 1662 esse
479 1621 560 1665 reor.
590 1602 712 1664 Poterat
732 1601 811 1663 enim
826 1602 1025 1683 philosophus
1046 1601 1077 1664 in
1095 1601 1161 1666 aliis

63 1709 166 1789 seriptis
187 1711 266 1772 hauc
287 1707 441 1771 materiam
464 1716 592 1772 tractare
610 1716 708 1792 atque,
730 1717 764 1772 ut
789 1711 849 1774 hoc
870 1717 938 1775 utar
959 1709 1108 1791 exemplo,
1130 1711 1161 1774 in

63 1813 256 1900 drnpqpc‘emv
284 1816 437 1880 volumine
462 1819 510 1880 vel
543 1817 574 1878 in
602 1813 837 1900 Κρατυντηρίοις
858 1819 906 1882 vel
925 1820 955 1880 in
975 1839 1070 1900 opere
1092 1819 1161 1903 περὶ

63 1922 163 2004 pieres,
191 1945 274 2010 quae
303 1925 340 1988 de
368 1925 414 1987 lais
437 1926 528 1988 rebus
557 1926 762 2002 observasset,
791 1927 942 2008 persequi.
991 1929 1025 1989 lu
1055 1927 1162 1992 iisdem

61 2034 166 2114 seriptis
186 2036 224 2098 de
242 2033 435 2096 metallorum
455 2039 563 2096 natura
589 2034 657 2096 data
678 2033 840 2096 occasione
860 2039 1055 2099 commentari
1076 2045 1162 2117 pote-

61 2149 105 2218 rat
124 2163 182 2226 quo
206 2145 247 2206 de
269 2146 445 2222 argumento
467 2141 644 2204 disseruisse
665 2141 879 2222 philosophum
900 2151 1037 2206 nostrum
1048 2145 1162 2209 Plinius

62 2251 143 2314 tradit
184 2253 393 2316 Veruntamen
421 2267 484 2311 non
505 2249 632 2328 aliirmo,
661 2256 772 2311 certam
794 2269 860 2313 esse
886 2249 917 2311 iu
938 2251 993 2315 hac
1014 2273 1048 2314 re
1073 2251 1163 2315 Plinii

61 2362 265 2423 aridoritatem.
322 2360 422 2420 Porro
460 2358 595 2421 Senecae
626 2356 728 2420 locum
755 2377 794 2419 ex
825 2357 953 2437 epistola
976 2362 1017 2424 90
1049 2381 1078 2441 p.
1100 2361 1163 2424 368

61 2464 109 2527 eol.
126 2469 163 2530 lll
190 2469 238 2532 ed
265 2465 335 2547 Bip.
363 2487 381 2528 a
402 2466 545 2546 Menagio
569 2473 599 2528 et
627 2465 768 2528 Fabricio
790 2467 839 2528 hic
858 2466 1020 2547 laudatum,
1044 2468 1163 2552 siquid

60 2575 111 2636 veri
131 2577 276 2652 continet,
306 2575 390 2657 quod
416 2575 506 2638 valde
532 2574 647 2651 dubito,
667 2573 706 2635 ad
735 2574 827 2650 aliud,
848 2595 937 2656 quam
959 2577 1162 2658 adpraesens

60 2699 126 2760 opus
149 2683 260 2748 reterri
290 2689 433 2764 oportere
460 2683 492 2746 iu
522 2691 645 2764 promtu
668 2689 722 2744 est.
765 2683 969 2760 Democritus,
993 2683 1087 2766 inquit
1108 2685 1163 2748 Se-

60 2807 129 2870 neca,
144 2793 296 2856 invenisse
318 2791 430 2854 dicitur
453 2792 608 2868 fornicem,
631 2797 666 2854 ut
684 2790 819 2872 lapidum
844 2798 1003 2854 curvatura
1021 2791 1164 2872 paulatim

60 2894 260 2964 inclinatorum
283 2900 383 2962 medio
411 2919 486 2963 saxo
511 2900 695 2982 alligaretur.
739 2901 807 2962 lloc
834 2899 931 2961 dicam
958 2899 1065 2962 lalsu'm
1088 2919 1163 2962 esse.

59 3003 178 3072 Necesse
200 3016 251 3074 est
273 3008 351 3070 enim
374 3015 443 3071 ante
463 3008 672 3071 Democritum
698 3013 728 3069 et
750 3013 859 3089 pontes
881 3012 912 3068 et
932 3016 1037 3088 portas
1059 3009 1162 3085 luisse,

59 3131 171 3192 quamm
195 3120 262 3180 iere
288 3136 404 3178 summa
434 3124 606 3180 curvantur.
654 3116 775 3178 Excidit
799 3135 894 3196 porro
917 3116 1014 3193 vobis,
1035 3117 1164 3178 eundem

60 3219 256 3290 Democritum
278 3224 437 3302 invenisse,
460 3224 713 3308 quemadmodum
733 3225 811 3288 ebur
832 3223 1002 3286 molliretur
1021 3223 1085 3304 (alii
1105 3223 1163 3305 leg.

60 3329 217 3416 potiretur),
239 3333 493 3417 quemadmodum
513 3334 659 3396 decoctus
683 3331 818 3395 calculus
837 3332 868 3393 in
884 3333 1075 3412 smaragdum
1090 3351 1163 3395 eon-

60 3445 221 3523 veremur,
251 3461 311 3524 qna
335 3441 485 3523 hodieque
515 3449 642 3504 coctura
665 3440 777 3503 inventi
795 3439 913 3520 lapides
933 3439 1058 3503 coctiles
1078 3439 1163 3504 colo·

61 3547 174 3610 rantur.”
217 3551 358 3632 Denique
387 3569 476 3631 quem
499 3550 589 3613 iidem
619 3547 662 3612 illi
682 3547 847 3612 doctissimi
869 3547 1006 3612 homines
1033 3549 1163 3610 excitant

60 3649 161 3718 Plinius
181 3657 234 3720 lib.
255 3658 423 3735 XXXVll,
450 3661 489 3721 10
516 3659 554 3720 de
579 3657 720 3720 Abderaa
750 3659 870 3721 aluurno
899 3677 1001 3739 agens,
1019 3663 1162 3732 monstra,

58 3765 85 3820 ut
101 3765 183 3842 solet,
212 3765 357 3848 loquitur.
407 3767 454 3827 En
482 3766 548 3847 ipsa
578 3768 643 3845 ejus
670 3765 776 3827 verba:
805 3765 990 3847 „Aspilatem
1014 3781 1163 3844 gemmam

58 3865 238 3934 Damocritus
261 3873 292 3934 iu
313 3873 425 3936 Arabia
445 3875 526 3956 gigni
548 3874 647 3953 tradit,
671 3873 753 3954 ignei
774 3874 903 3937 coloris:
935 3891 1001 3935 eam
1019 3877 1162 3952 oportere

59 3977 153 4040 mmali
174 3979 238 4061 pilo
255 3981 429 4062 spleneticis
449 3983 578 4064 alligari;
602 3981 790 4064 invenirique
816 3982 846 4042 in
869 3981 942 4043 nido
964 3979 1162 4041 Arabicarum

58 4079 163 4148 ditum:
195 4095 225 4152 at
251 4087 339 4152 aliam
369 4091 476 4153 eodem
507 4091 629 4154 nomine
657 4090 700 4153 ibi
726 4091 756 4151 in
780 4092 972 4170 Leucopetra
997 4085 1090 4164 nasci,
1113 4103 1162 4147 ar-

58 4195 146 4264 gentei
165 4195 289 4275 coloris,
312 4198 485 4276 radiantem,
508 4205 615 4262 contra
632 4199 819 4280 lymphatum
840 4192 1042 4259 habendam.''
1078 4194 1161 4256 llaec

58 4311 111 4359 non
131 4303 221 4366 modo
248 4325 266 4368 a
293 4305 414 4385 libello,
444 4307 481 4370 de
502 4327 562 4390 quo
586 4307 634 4371 lric
659 4327 760 4372 sermo
784 4314 845 4386 est,
875 4306 973 4370 alicua
992 4309 1076 4382 suut,
1106 4301 1162 4364 sed
