2892 4872
391 318 477 376 Liber
496 321 516 380 Ι.
552 319 597 376 Da
613 319 765 380 Democriti
784 325 849 381 rita.
1135 327 1177 394 81

73 487 107 552 de
128 486 304 568 purgatione
327 495 448 553 veratro
469 489 549 552 iacta
567 491 745 556 Democrito
768 500 799 556 et
827 513 902 576 quas
922 496 1117 562 Democritus
1138 497 1177 560 de

72 596 106 658 de
131 603 235 659 namra
268 597 397 660 hnmana
423 597 604 679 Hippocrati
636 600 795 682 inscriptas
826 604 995 668 coniecisse
1028 606 1175 670 teruntur.

70 705 152 768 hlulti
171 706 249 768 inter
271 705 379 768 doctos
399 706 577 770 recentioris
601 709 707 771 aetatis
727 709 810 772 m'ros
832 711 887 774 has
906 732 1010 776 omnes
1031 714 1176 794 epistolas

71 833 123 894 pro
144 813 281 894 genuinis
305 813 475 876 habuerunt
489 811 557 898 ὅθι
590 817 645 878 sed
667 817 840 898 suppositas
864 837 931 882 esse
957 821 1072 900 primus
1091 822 1177 885 intel-

69 921 136 984 lexit
151 923 216 985 los
238 921 375 1002 Scaliger
404 923 456 1006 qui
486 942 533 1004 ep.
556 922 681 987 cccV1
700 925 740 986 ad
760 925 868 989 Everh.
893 928 1067 993 Vorstium:
1109 932 1176 1007 „De

71 1029 198 1110 epistolis
217 1030 421 1111 Hippocratis,
442 1031 547 1113 inquit,
569 1031 653 1113 qnod
673 1051 711 1094 ex
731 1051 779 1096 me
798 1034 927 1116 quaeris,
947 1038 1085 1121 antiquas
1108 1059 1175 1102 esse

70 1138 138 1215 scio,
158 1144 192 1200 ut
208 1138 388 1216 Democriti,
411 1137 546 1216 solonis,
567 1138 673 1201 Pittaci
685 1139 867 1222 Mitylenaei,
892 1163 970 1226 quae
991 1146 1073 1224 apud
1086 1148 1176 1208 Laer-

71 1247 136 1309 tium
155 1247 307 1328 leguntur.
357 1247 419 1310 Sed
440 1248 510 1331 quia
533 1266 638 1312 omnes
659 1247 734 1326 illas,
763 1269 841 1331 quac
867 1249 928 1313 illis
946 1253 1136 1334 philosophis
1157 1275 1176 1316 a

70 1355 180 1418 Laertio
202 1354 422 1432 attribuuntur,
451 1355 552 1419 multis
581 1357 765 1438 argumentis
787 1358 932 1422 confictas
953 1379 1021 1424 esse
1041 1381 1060 1423 a
1082 1361 1176 1424 Grae

70 1463 109 1525 cis
127 1497 165 1513 -
187 1463 322 1544 probare
341 1483 476 1544 possum,
501 1463 581 1542 ideo,
609 1484 665 1527 cur
686 1465 773 1528 etde
795 1465 843 1530 his
860 1468 1072 1548 Hippocrateis
1090 1469 1176 1532 dubi-

70 1576 132 1648 tem,
148 1572 316 1652 justissima
335 1581 499 1636 causaest.
539 1573 578 1634 Et
605 1581 696 1650 certe,
719 1574 745 1636 si
773 1574 864 1636 animi
887 1595 999 1640 nervos
1020 1576 1175 1642 intendere

72 1679 161 1757 velim,
181 1679 286 1756 facile,
306 1698 370 1744 uon
389 1699 456 1742 esse
467 1680 671 1760 Hippocratis,
690 1681 817 1745 vincam.
844 1684 1011 1768 Unicuique
1027 1685 1175 1762 judicium

71 1807 149 1850 sirum
168 1787 383 1871 relinquimus:
403 1789 496 1851 tritius
516 1795 613 1851 10111011
633 1795 680 1850 est
701 1789 738 1851 do
761 1809 799 1852 eo
825 1790 972 1868 dubitare,
1001 1793 1084 1875 quod
1103 1794 1175 1856 iaci-

70 1896 120 1958 lins
140 1905 185 1960 est
209 1897 391 1972 confutare,
420 1917 510 1979 quarn
531 1894 700 1960 asserere.”
741 1897 871 1961 Easdem
893 1899 1037 1981 epistolas
1057 1901 1175 1980 spurias

71 2023 130 2068 esse
146 2006 327 2084 judicarunt
351 2003 509 2085 menagius
541 2006 659 2068 00111111.
688 2005 726 2067 ad
752 2009 850 2070 Laert
872 2007 927 2085 lX,
950 2010 1001 2085 tn,
1036 2008 1175 2072 Clericus

70 2113 129 2176 hist
149 2115 225 2176 merl
250 2112 286 2174 P.
306 2112 319 2173 Ι
341 2111 361 2176 l.
383 2113 423 2174 ΙΙΙ
444 2134 472 2177 0.
496 2114 535 2176 31
560 2135 590 2194 p.
607 2115 679 2190 158,
713 2115 916 2196 Hieronymus
933 2117 1124 2180 Mercurialis
1143 2119 1175 2181 in

70 2241 130 2286 nov.
162 2223 232 2285 bibl.
266 2219 333 2282 Hal.
365 2227 436 2282 tom.
457 2222 504 2300 ΙΙΙ,
527 2223 568 2284 29
603 2243 633 2302 p.
657 2224 728 2285 816.
781 2225 963 2306 conringius
998 2223 1035 2285 de
1068 2225 1174 2289 medic.

71 2332 189 2396 llermet
205 2333 264 2394 lib.
281 2331 295 2392 l
315 2331 371 2396 es
390 2351 420 2410 p.
441 2331 492 2408 87,
513 2331 707 2393 Heumauuus
731 2330 761 2392 in
781 2331 848 2396 hot.
872 2332 956 2395 erud.
978 2331 1059 2412 Lips.
1080 2353 1173 2397 mens.

71 2441 170 2503 Octob.
197 2439 281 2504 ¹713
304 2459 334 2518 p.
347 2439 409 2501 158
422 2457 505 2519 seqq.
528 2444 559 2500 et
579 2438 609 2499 in
630 2439 714 2501 Actis
733 2439 843 2519 philos.
863 2440 923 2501 vol.
942 2440 956 2500 Ι
976 2461 1005 2521 p.
1018 2443 1079 2504 670
1090 2461 1173 2525 seqq.

70 2548 231 2611 Dmclrerus
262 2545 330 2608 nist.
351 2546 416 2608 crit
444 2545 517 2625 phil.
537 2545 631 2610 vol.l
661 2567 691 2627 p.
718 2548 808 2610 1183.
855 2549 936 2610 lntsr
957 2549 1014 2610 hos
1032 2548 1075 2610 illi
1097 2568 1175 2632 quos

71 2665 215 2735 postremo
236 2657 313 2718 loeo
335 2653 432 2730 citavi,
443 2655 636 2716 Heumauuus
653 2661 683 2717 et
694 2657 868 2718 Brackerus
890 2656 1004 2718 hancce
1021 2657 1176 2720 materiam

72 2763 232 2846 diligentiis
257 2783 346 2846 quarn
367 2761 478 2825 caeteri
500 2768 672 2824 tractarunt.
712 2762 751 2824 Hi
772 2763 862 2843 igitur
884 2763 924 2825 ob
943 2764 1078 2842 jejunam
1098 2785 1175 2847 quae

72 2873 177 2939 inistis
197 2872 339 2956 epistolis
362 2871 440 2933 inest
459 2869 690 2950 philosophiam,
711 2870 752 2933 oh
772 2869 1016 2934 declamatorium
1038 2877 1069 2934 et
1088 2873 1176 2936 scho-

71 2979 200 3046 lasticum
223 2979 381 3045 scribendi
406 2997 517 3060 genus,
550 2977 634 3060 quod
667 2997 685 3039 a
711 2976 841 3059 simplici
871 2983 1006 3040 veterum
1039 2980 1176 3043 oratione

72 3091 151 3154 valde
169 3063 317 3153 abhorret
344 3093 434 3170 atque
455 3088 487 3149 iu
508 3086 672 3148 artificiosa
691 3085 831 3148 locorum
853 3085 1054 3167 descriptione
1073 3095 1104 3150 et
1125 3107 1177 3151 eo-

72 3217 133 3261 rum
157 3217 232 3283 qnae
274 3196 313 3259 ad
342 3216 406 3258 rem
434 3195 554 3258 minime
584 3194 697 3258 sociauit
721 3194 1005 3258 commemoratione
1034 3196 1177 3274 cernitur,

74 3307 191 3389 denique
213 3304 260 3369 ob
287 3303 395 3366 multas
419 3322 547 3385 quarum
576 3301 684 3382 plenae
714 3308 785 3365 sunt
812 3303 939 3384 ineptias
959 3303 1012 3366 has
1033 3304 1177 3385 epistolas
1241 3303 1247 3316 '

74 3413 253 3494 llippcerate
281 3417 312 3474 et
339 3411 517 3474 Democrito
547 3409 686 3493 indignas
710 3429 778 3472 esse
799 3415 975 3474 statuerunt
1015 3417 1177 3496 Quumque

75 3521 212 3584 neminem
245 3519 432 3582 eruditorum
457 3517 561 3598 fugiat,
592 3518 730 3580 rhetores
760 3525 791 3580 et
810 3519 961 3598 sophistas
980 3519 1085 3600 primis
1104 3526 1177 3600 post

75 3627 138 3690 Chr.
159 3651 187 3692 n.
214 3627 346 3692 saeculis
374 3631 551 3707 argumenta
570 3624 746 3708 antiquioris
769 3626 836 3688 aevi
855 3626 966 3708 cupide
984 3627 1177 3710 quaesivisse,

76 3737 173 3818 quibus
194 3737 266 3800 stilo
296 3735 439 3798 ornandis
468 3733 672 3817 eloquentiam
699 3739 841 3814 pararent
861 3734 1038 3820 summique,
1059 3740 1094 3798 nt
1114 3741 1178 3798 111111

141 4039 286 4101 η)Τ110111.
303 4039 436 4102 Staniejus
456 4037 478 4089 x
499 4053 526 4102 p.
543 4035 678 4103 sesseqq.
708 4035 803 4090 Christ.
816 4035 973 4088 Thomaslus
986 4035 1046 4088 hist.
1065 4039 1177 4101 sapient.

78 4121 102 4166 et
120 4120 188 4169 stult
209 4121 238 4170 Τ.
255 4114 277 4171 ll
295 4132 321 4183 p.
338 4115 356 4170 8
372 4133 447 4186 seqq.
473 4118 609 4182 chrysost.
622 4119 768 4182 Magnenus
787 4118 812 4167 in
829 4117 982 4168 Democrito
1000 4118 1179 4170 reviviscente

77 4195 186 4340 qaqalil
211 4201 259 4332 qq.)
282 4201 345 4266 Hag.
372 4201 441 4253 Patr.
473 4199 607 4252 Lotichius
639 4200 787 4250 Commeat.
811 4198 846 4248 ad
872 4199 978 4251 Patron
1003 4197 1047 4251 lib.
1069 4193 1080 4252 l
1105 4212 1127 4252 c.
1147 4197 1180 4252 18

917 4373 936 4432 6
