2984 4876
276 281 339 346 lus
593 284 789 349 Quaestionum
813 283 1049 340 Damocritoamm

361 453 410 515 17.
452 450 493 516 Al
522 449 654 536 μεγάλαι
677 447 798 536 τέρριες
822 445 883 512 ἀπὸ
912 450 967 514 τοῦ
992 445 1125 512 θεᾶσθαι
1152 445 1190 510 τὰ
1215 443 1295 511 καλὰ
1320 445 1381 510 τῶν

276 553 374 640 έργων
393 556 534 638 γίνονται.
581 559 667 622 Stob.
686 559 770 621 Flor.
790 557 838 635 ΠΙ,
859 559 908 620 57.

359 666 407 729 18.
451 661 577 730 Είδωλα
607 665 768 750 αίσθητικὰ
801 663 853 727 καὶ
878 660 986 748 κόσμῳ
1010 660 1180 746 διαπρεπέα
1206 661 1283 745 πρδς
1303 659 1382 725 θεια-

275 769 351 854 ρίην,
371 771 452 836 ἀλλὰ
471 773 599 857 καρδίης
618 773 719 837 κενεά.
758 773 844 836 Stob.
866 772 951 835 rlor.
972 771 1025 848 lV,
1049 773 1099 834 71.

518 899 580 977 ssepi
596 903 700 977 μιτρίης
717 903 821 978 τέρψιος
840 905 885 956 zoi
902 901 959 974 βίου
980 899 1135 974 ξυμμίτρου.

360 997 409 1058 19.
453 991 584 1060 Ἧδυναί
618 995 738 1081 ἄκαιροι
776 995 908 1058 τίκτουσι
941 993 1062 1078 ἀηδίας.
1109 995 1250 1058 Demoer.
1285 995 1387 1058 Oleli

274 1121 319 1165 nr.
341 1103 391 1167 36.

358 1211 408 1274 20.
447 1208 655 1296 Ἀνθριθποισι
681 1210 739 1294 γὰρ
767 1210 898 1295 εὖθυμίη
926 1209 1039 1294 γίνεται
1064 1208 1234 1294 μετριότητι
1259 1207 1391 1294 τέρψιος

274 1315 326 1379 καὶ
354 1316 423 1402 βίου
452 1317 636 1404 Ευμμετρίη,
665 1317 702 1382 τὰ
727 1317 762 1382 δέ
788 1317 942 1382 λείποντα·
957 1317 1010 1381 καί
1034 1317 1263 1402 ὑπερβάλλοντα
1292 1337 1388 1400 μετα-

273 1421 390 1486 πίπτειν
421 1447 454 1488 τε
486 1424 587 1509 φιλέει
617 1426 667 1488 καλ
700 1425 835 1510 μεγάλας
860 1425 995 1510 κινήσιας
1026 1423 1178 1508 έμττοιέειν
1209 1425 1248 1506 τῇ
1284 1428 1389 1509 ψυχῇ.

273 1528 315 1594 Al
336 1529 364 1594 δ’
395 1529 429 1596 ἐκ
458 1533 600 1618 μεγάλων
630 1517 842 1617 διαστημάτων
869 1531 1044 1618 κινεόμεναι
1069 1537 1130 1595 τῶν
1157 1529 1283 1616 ψυχέων
1311 1529 1392 1596 οὔτε

274 1635 441 1710 εὐσταθέες
466 1641 539 1721 εἰσί,
567 1638 638 1704 οὔτε
668 1639 809 1723 εὔθυμοι
853 1637 923 1706 Ἐπὶ
951 1643 1029 1704 τοῖσι
1056 1638 1211 1702 δυναταῖσι
1240 1637 1282 1701 ὧν
1318 1636 1392 1702 δέει

274 1741 435 1832 ἔχειντὴν
463 1749 596 1833 γνώμην,
622 1747 674 1812 καὶ
700 1751 779 1811 τοῖσι
805 1751 954 1833 παριοῦσι
978 1745 1153 1832 ἀρκέεσθαι,
1175 1749 1235 1808 τῶν
1256 1745 1310 1829 μέν
1332 1749 1390 1832 ζη·

273 1851 434 1936 λυομένων
469 1855 521 1918 καὶ
548 1853 800 1940 θωυμαζομένων
833 1853 935 1938 δλίγην
966 1855 1086 1938 μνήμην
1114 1850 1234 1937 ἔχοντα,
1263 1854 1313 1917 καὶ
1345 1861 1392 1940 τῇ

274 1958 392 2044 διανοίη
425 1962 467 2046 μὴ
489 1962 739 2048 τροςεδρειίοντα,
772 1965 832 2026 τῶν
860 1961 896 2025 δὲ
916 1959 1189 2046 ταλαιπωρεδντων
1208 1959 1279 2028 τοὺς
1299 1960 1392 2046 βίους

272 2063 430 2150 θεωρέειν,
450 2069 648 2154 έννοείιμενον
663 2068 700 2133 roi
713 2069 869 2154 πάσχουσι
885 2067 993 2153 κάρτα,
1014 2067 1095 2137 ὅκως
1114 2065 1149 2130 ἂν
1171 2066 1208 2131 τὰ
1231 2065 1392 2152 παρεόντα

274 2195 323 2236 σοι
351 2177 402 2241 καὶ
431 2177 608 2264 ὑπάρχοντα
639 2177 757 2262 μεγαλα
781 2175 833 2240 καὶ
865 2173 988 2259 ζηλωτὰ
1022 2174 1165 2261 φαίνηται
1193 2174 1245 2239 καὶ
1278 2176 1392 2259 μηκέτι

272 2281 422 2350 πλειόνων
447 2284 641 2370 έπιθυμέοντι
666 2283 814 2368 Ευμβαίνη
842 2281 1046 2347 κακοπαθέειν
1067 2285 1108 2367 τῇ
1130 2279 1227 2371 ψυχῇ.
1263 2279 1303 2346 Ὃ
1325 2285 1391 2371 γὰρ

363 2486 412 2547 17.
456 2465 585 2565 Magnae
614 2484 787 2562 voluptates
819 2499 836 2542 e
862 2482 1088 2562 praeclarorum
1120 2481 1289 2546 facinorum
1313 2502 1391 2548 oon-

274 2591 467 2672 templatione
491 2592 637 2656 oriuntur.

361 2702 409 2763 18.
453 2699 621 2762 Simulaeru
639 2719 717 2782 quae
740 2698 837 2761 oeulis
860 2697 1017 2773 cernimus,
1039 2697 1118 2758 belle
1138 2703 1251 2776 ornata,
1276 2699 1387 2762 adsui

274 2805 395 2890 quidem
418 2806 624 2888 spectaculum
644 2807 787 2882 alliciunt,
807 2804 861 2868 sed
882 2804 975 2867 eorde
996 2809 1105 2866 carent.

529 2941 569 2992 De
587 2940 694 2992 modica
717 2939 854 3002 voluptate
874 2939 902 2989 et
918 2938 973 2988 vila
991 2935 1130 3002 aequabili.

360 3033 408 3094 19.
451 3031 680 3112 Intempestivos
702 3029 873 3110 voluptates
892 3027 1045 3091 molestias
1064 3028 1192 3111 pariunt.

357 3139 407 3202 90.
450 3138 629 3202 Hominibus
653 3138 731 3200 enim
757 3137 848 3200 animi
876 3135 1073 3218 tranquillitas
1103 3133 1200 3196 oritur
1226 3153 1244 3195 e
1266 3135 1390 3200 modica

273 3245 429 3326 voluptate
452 3254 540 3329 alque
559 3265 577 3308 ε
597 3245 658 3308 vita
675 3244 842 3328 aequabili3
865 3244 962 3305 omnis
977 3249 1076 3304 autom
1095 3247 1156 3302 tam
1175 3239 1278 3322 inopia
1299 3265 1390 3325 quam

274 3353 457 3414 abundantia
477 3353 507 3414 in
532 3353 664 3415 deterius
683 3351 791 3414 mutari
812 3369 999 3434 magnosque
1019 3350 1050 3412 in
1072 3349 1172 3412 animo
1195 3355 1296 3412 motus
1317 3369 1390 3412 con-

271 3460 364 3521 citare
382 3458 469 3522 solet.
514 3460 556 3523 nt
585 3461 675 3526 animi
696 3459 747 3544 qui
775 3459 861 3541 quasi
884 3459 957 3520 sede
979 3476 1034 3520 sua
1054 3455 1183 3536 expulsi,
1202 3456 1321 3538 magnis
1344 3458 1389 3518 in-

272 3566 405 3630 tervallis
427 3567 508 3631 ultro
537 3569 675 3650 nitroque
701 3573 878 3642 moventur,
904 3584 962 3626 nee
989 3571 1160 3628 constantes
1185 3571 1266 3640 sunt,
1288 3583 1390 3649 neque

273 3672 434 3756 tranquilli.
483 3680 586 3755 Quare
606 3677 645 3740 ad
669 3694 800 3758 eaquae
822 3674 887 3736 fieri
907 3680 1044 3754 possunt,
1064 3673 1178 3736 intendi
1200 3673 1334 3736 animnro
1353 3692 1389 3735 ac

272 3781 483 3862 praesentibus
511 3790 686 3847 oontentmn
704 3803 772 3846 esse
794 3782 889 3858 decet,
915 3801 1022 3844 eorum
1052 3781 1103 3864 qui
1133 3780 1237 3844 felices
1252 3781 1392 3861 judican-

270 3897 320 3950 tur
341 3896 371 3952 et
393 3890 423 3950 in
450 3891 647 3955 admiratione
672 3899 749 3970 sunl,
771 3909 834 3954 uon
854 3889 941 3952 vaide
958 3907 1124 3954 memorem
1144 3906 1242 3970 neque
1263 3906 1318 3950 eos
1339 3907 1391 3952 eu-

269 4005 393 4077 rantem,
417 4000 473 4062 sed
489 3999 644 4063 homiuum
674 4017 923 4066 aerumnosorum
953 3995 1028 4060 vitas
1047 3995 1155 4058 intueri
1177 3995 1320 4058 convenit
1343 4013 1390 4057 re-

269 4113 430 4186 putantem,
459 4108 577 4191 quantis
606 4107 734 4170 miseriis
756 4107 973 4182 conflictentur,
995 4111 1030 4168 ut
1050 4111 1101 4166 tua
1121 4123 1170 4166 ros
1194 4109 1306 4186 tuaque
1329 4104 1390 4164 ior-

268 4225 340 4279 luna
369 4234 476 4296 irragnu
497 4215 551 4276 tibi
579 4221 608 4278 et
628 4214 709 4277 lauta
739 4214 884 4291 videatur,
905 4231 982 4275 neve
1000 4213 1126 4295 posthac
1149 4210 1237 4292 plura
1256 4210 1390 4293 cupienti
