2938 4864
317 315 403 371 Lihor
422 315 469 374 ΙΙΙ.
507 316 579 374 Λᾶν.
595 315 629 372 nd
648 316 725 373 nm.
746 334 789 390 op.
808 319 903 392 tregru.
1106 321 1168 388 351

61 485 128 548 doru
158 483 235 546 hene
263 483 502 546 emendationem
529 483 601 546 eitet
630 501 648 546 e
675 483 754 548 hhro
783 483 876 563 VL6
906 486 945 550 de
971 509 1052 553 coins.
1080 493 1171 575 piant.

61 594 135 670 (rid.
158 587 583 672 summittuntur&
609 587 745 673 τοῦνομα
765 591 816 654 τὸν
841 591 919 672 ὀξὺν,
942 598 1058 677 ndjeotn
1083 601 1172 664 iuter·

61 700 243 780 pretatione:
275 700 365 760 ocuti
390 702 508 780 rapon's
530 700 677 780 figuram
701 700 764 760 soto
796 703 922 766 nonum
955 711 1171 787 cognoscimur,

62 807 146 888 quod
167 809 202 870 in
226 809 299 870 atie
319 807 423 868 αιίααε
435 805 543 887 faor'le
563 807 642 882 ticet,
660 825 697 869 ee
718 807 892 890 philosophi
912 812 1005 874 verbe
1022 833 1120 896 neque
1142 816 1171 879 id

61 915 144 996 quod
169 914 215 976 vir
236 913 429 978 doctissimus
455 915 519 978 vult
547 911 712 994 designent,
739 933 838 1000 neque
863 920 1024 1004 quidquam
1045 923 1083 984 nd
1102 943 1173 1004 pro-

60 1023 213 1085 bationem
247 1021 507 1085 accommodatum
543 1022 706 1088 continent.
764 1027 873 1108 Neque
899 1028 937 1089 ed
965 1031 1045 1093 hunc
1070 1030 1173 1094 iocum

61 1130 194 1211 pertinet
224 1133 366 1212 frequens
395 1128 447 1192 ille
474 1131 636 1194 verborum
663 1129 749 1214 ὄμμα
773 1141 803 1196 et
823 1130 922 1217 ὄνομα
945 1137 974 1198 in
996 1139 1085 1201 oodd
1105 1159 1173 1220 per·

60 1239 196 1316 mutatio,
216 1240 302 1318 enjus
323 1237 461 1318 exemplo
482 1239 565 1302 dedit
586 1239 803 1304 Valckenarius
824 1242 862 1304 ad
882 1244 955 1304 Eur.
976 1245 1087 1308 Phoen.
1110 1249 1171 1310 415

60 1345 281 1409 nBurcherdo
307 1345 454 1408 laudatus
505 1347 568 1411 Sed
593 1347 664 1409 nihii
695 1349 812 1412 selieius
842 1355 889 1412 est
914 1350 965 1412 iile
989 1354 1172 1432 conjecturo,

61 1475 152 1538 quern
181 1453 321 1516 nOorae
351 1453 539 1533 propositam
568 1456 771 1519 Schneiderns
800 1456 939 1532 servavit,
961 1462 1005 1542 τῷ
1029 1461 1171 1543 σχήματι.

60 1566 148 1624 linito
172 1569 203 1624 et
224 1559 451 1640 Philippsonins
472 1562 502 1622 in
523 1569 636 1626 textum
658 1565 781 1644 recepit.
816 1565 849 1625 ln
868 1555 1063 1647 sequentihus
1081 1569 1173 1630 verbe

62 1670 112 1732 διὸ
133 1669 184 1732 καὶ
204 1669 320 1753 διαχεῖν
343 1667 425 1735 ὅλως
447 1669 480 1730 rh
513 1674 603 1753 σῶμα
633 1671 774 1734 exhibent
793 1672 970 1735 Schneideri
993 1675 1175 1738 emendatio-

61 1797 133 1841 nem
155 1781 246 1860 αιῖιμα
276 1795 334 1856 pro
364 1775 488 1857 vulgato
512 1775 615 1860 ὄμμα,
644 1799 721 1861 qnae
749 1779 838 1842 simul
866 1780 982 1843 oodieis
998 1781 1175 1846 parisiensis

61 1885 243 1948 auctoritate
264 1887 407 1948 firmetur.
456 1887 490 1946 ln
515 1887 615 1950 verbis
642 1887 692 1948 καὶ
719 1884 755 1948 od
780 1885 857 1970 ταχὺ
881 1888 980 1949 πάντα
1001 1890 1173 1972 περαίνειν·

60 1991 135 2060 τοὺς
157 1991 188 2054 δ’
213 1991 327 2060 ἄλλους
346 1990 463 2076 χυλοὺς
484 1993 639 2076 ταράττειν
665 2015 726 2056 non
749 2002 795 2057 est
813 1994 941 2056 delendo
962 1995 1083 2075 negatio
1105 2017 1175 2058 oum

61 2101 264 2176 Schneidero,
294 2101 344 2182 qui
373 2103 546 2183 caeteroqui
571 2109 654 2164 recte
677 2103 791 2164 eddidit
812 2101 843 2164 δ’
864 2109 936 2183 post
958 2100 1038 2175 τοὺς,
1062 2103 1177 2185 χυλοὺς

62 2217 165 2271 entem
187 2208 430 2289 nPhilippsonio
454 2209 596 2271 insertum
618 2215 672 2270 est.
716 2212 790 2273 Post
811 2205 914 2292 πλανᾷ
930 2209 968 2272 τὰ
988 2207 1069 2270 ἅλλα
1091 2229 1177 2290 proe-

63 2325 113 2379 ter
135 2316 345 2378 nenessitatem
366 2317 444 2378 idem
463 2317 579 2378 exorari
601 2317 722 2380 volebat
742 2317 893 2401 σχήματα.
922 2317 1062 2379 Extremo
1083 2317 1176 2396 vuigo

62 2423 111 2486 sie
130 2421 323 2504 legebnnhrr:
344 2421 431 2486 εἶναι.
469 2421 528 2486 Διὰ
547 2427 636 2486 ταῦτα
658 2426 800 2488 τλεῖαταν
826 2447 854 2487 κ.
873 2447 898 2485 τ.
921 2425 948 2486 λ.
970 2445 1047 2507 qnae
1068 2425 1177 2488 mutari

57 2532 154 2612 jussit
168 2532 372 2595 Schneiderus
393 2532 424 2593 in
445 2529 533 2609 εἶναι,
547 2529 645 2594 διὰτὸ
666 2530 777 2613 ταύτης
797 2533 939 2594 πλεῖστον
962 2533 1090 2614 probate
1111 2533 1179 2594 Phi-

60 2640 220 2720 lippsonio
240 2647 271 2702 et
290 2640 389 2717 nobis,
414 2638 471 2702 nisi
505 2641 588 2722 quod
617 2637 728 2721 ταύτης
750 2639 923 2704 omittimus.
957 2642 1118 2702 Caeterum
1140 2643 1178 2704 de

61 2765 158 2809 sensu
187 2747 274 2824 hujus
304 2747 366 2810 looi
395 2747 484 2827 plane
507 2747 677 2828 indegendo
706 2768 774 2810 oum
796 2747 984 2810 Schneider-o
1008 2748 1179 2829 desperavit

58 2853 266 2918 Burohordus.

151 2961 202 3024 28.
245 2961 306 3023 Pro
336 2958 519 3045 ἑτιταφλαῦν
552 2958 770 3043 ἑμτλιίττοντα,
797 2963 880 3044 quod
907 2962 1017 3044 legitur
1049 2964 1079 3024 in
1101 2962 1178 3025 (iod.

59 3069 171 3146 Paris„
191 3067 300 3132 vitiose
330 3070 359 3131 in
388 3068 519 3131 editione
549 3069 724 3133 Comotimm
751 3077 797 3132 est
820 3069 868 3131 ἐπὶ
889 3069 927 3152 τῇ
949 3069 1109 3154 φλαύμενα
1128 3069 1179 3153 ἐμ-

58 3175 243 3240 etheit-moon
264 3175 312 3252 τὰ,
334 3176 365 3237 in
388 3177 465 3240 God.
488 3177 640 3239 Vossinuo
662 3185 761 3240 nutem
781 3175 1027 3260 ἐπιτυφλαὺμενα
1050 3176 1179 3260 ἐμπλάτ·

58 3304 167 3347 ταντα.
208 3284 412 3348 Schneiderus
433 3286 526 3348 edidit
553 3307 621 3349 omn
644 3286 776 3362 ‚caeteris
799 3292 919 3366 praeter
942 3285 1181 3368 Phiiippsonium

59 3400 97 3456 et
116 3392 327 3455 Buroherdum
355 3391 602 3476 ἐπιτυφλούμενα
636 3391 815 3476 ἐμπλάττειν
845 3413 878 3454 τε
901 3392 948 3456 τὰ.
1000 3393 1103 3456 Vorbn
1126 3391 1179 3474 τὴν

57 3495 265 3582 περιφέρειαν
288 3540 356 3554 -
377 3499 428 3562 καὶ
450 3499 486 3562 od
510 3505 684 3586 περιφερῶν
703 3521 764 3564 ιιοιι
785 3499 978 3563 inveniuntur
991 3500 1048 3562 nisi
1062 3499 1092 3560 in
1106 3498 1182 3560 Cod.

61 3605 232 3670 Perisiensi
253 3607 354 3669 medio
383 3609 477 3670 textui
496 3609 617 3686 inserto,
643 3609 673 3670 in
692 3609 769 3671 Cod.
790 3607 968 3670 Florentino
991 3613 1088 3669 nutem
1108 3625 1184 3668 mnr-

60 3713 132 3796 giui
154 3714 288 3794 ascripto
316 3721 394 3792 snnt,
424 3715 454 3777 in
481 3717 559 3780 Cod.
589 3715 740 3780 i'ossinno
766 3722 798 3778 et
826 3715 979 3798 plerisque
1003 3711 1185 3775 editionibus

59 3819 288 3884 desiderentur.
338 3823 382 3884 En
406 3823 522 3903 primus
551 3825 581 3886 in
611 3830 725 3886 textum
755 3823 870 3904 recepit
892 3819 1125 3902 Philippsonins,
1146 3817 1186 3880 ite

58 3939 169 3994 tauron
189 3935 222 3990 ut
245 3928 389 4012 εἰληκὸτα
412 3938 541 3994 ιιιιιλατελ
571 3931 601 3993 in
624 3928 780 4014 εἰληχότα,
803 3928 955 4013 γλίσχρων
978 3930 1007 3989 in
1030 3925 1185 4010 γλίσχρον,

60 4037 207 4119 ἁλμυρὸν
238 4037 273 4098 δὲ
303 4033 348 4121 τῷ
377 4038 406 4100 iu
439 4035 499 4102 Τὸν
528 4037 557 4102 δ’
586 4037 658 4120 ἁλμ.
712 4037 807 4100 Peulo
831 4036 955 4098 inferius
974 4037 1185 4116 τολυιιαμτῶν

59 4165 138 4208 cunr
164 4145 242 4208 Cod.
272 4147 338 4208 Per.
364 4147 569 4211 Schneiderus
598 4145 691 4208 edidit
717 4165 775 4226 pro
802 4144 1039 4225 retunderent,
1061 4149 1186 4204 secutus

57 4249 239 4334 analogiam
265 4251 295 4338 5.
317 4255 357 4317 65
388 4254 508 4336 (fragm.
532 4257 588 4336 27)
615 4254 697 4336 apud
726 4254 985 4336 Theophrastum,
1013 4251 1097 4336 quod
1124 4267 1186 4312 non
