2892 4872
398 309 485 364 Liber
503 311 523 367 l.
558 312 601 366 De
618 313 767 368 Democriti
789 314 853 371 vita
1146 317 1188 383 87

84 475 191 553 didsse,
207 474 341 557 capellae
356 475 487 556 primum
510 477 616 541 ernixao
631 487 661 542 et
674 479 778 561 nigrae
791 499 867 558 esse,
882 481 1098 561 Hippocratem
1112 503 1186 551 vero

83 585 235 648 Democriti
255 585 287 647 in
306 585 477 664 hujusmodi
499 587 589 649 rebus
602 586 783 668 diligentiam
795 589 973 652 admiratum
987 611 1069 667 esse;
1089 613 1184 674 porro

81 693 277 756 Democritum
287 693 386 774 primo
399 693 447 754 die
459 695 591 774 pueHam
603 695 795 776 Hippocratis
811 700 951 762 comitem
971 699 1012 762 ita
1022 701 1181 765 salutasse:

80 801 153 862 raiae
162 803 258 882 otigo,
268 801 413 882 postridie
427 809 526 863 autem
540 804 624 864 salve
633 805 754 882 camier,
768 805 910 887 quoniam
921 807 1079 886 superiore
1093 815 1183 873 nocte

80 907 170 970 vitiata
178 917 266 972 essct.
295 911 378 972 llaec
388 909 426 970 ab
439 909 640 972 Athenodoro
655 929 691 972 ea
703 919 803 974 mente
816 914 985 994 excogitata
998 935 1065 978 esse
1080 937 1183 980 cense-

80 1033 147 1090 mus,
160 1021 191 1078 ut
202 1017 370 1080 Democriti
384 1023 555 1080 accuratam
569 1039 669 1080 rerum
683 1019 862 1082 naturalium
876 1021 1031 1084 seleutiam
1047 1023 1183 1088 traduce·

80 1123 185 1206 ret⁴⁹).
227 1125 291 1188 Sed
310 1133 470 1208 postquam
493 1125 683 1188 Adranodori
703 1126 804 1190 verbis
831 1148 868 1190 cx
900 1129 1183 1194 Deambulationum

79 1249 162 1310 opere
179 1234 303 1297 forsitan
317 1234 423 1315 paucis
441 1239 515 1297 noto
533 1234 563 1297 iu
578 1235 708 1297 medium
722 1233 851 1314 prolatis
871 1237 1026 1318 Diogenes
1046 1240 1085 1301 ad
1106 1239 1183 1302 deri-

79 1338 197 1402 dendum
205 1342 415 1405 Democritum
427 1343 540 1406 inscius
559 1343 645 1425 quasi
657 1342 776 1422 signum
792 1344 921 1422 sustulit,
929 1364 991 1408 non
1006 1347 1101 1410 multo
1110 1353 1182 1426 post

78 1445 145 1510 alius
165 1451 295 1528 exstitit,
323 1451 376 1533 qui
403 1471 483 1514 nova
510 1451 656 1534 quaedam
683 1451 938 1514 comminiscendo
958 1471 1023 1514 rem
1044 1441 1182 1534 exiguam

77 1554 262 1634 amplificaret
276 1563 367 1641 atque
380 1564 513 1640 augeret
544 1559 662 1622 Etenim
677 1566 750 1640 post
762 1559 922 1636 Laertium,
936 1579 1024 1642 quem
1036 1561 1132 1623 Marci
1151 1567 1181 1624 et

78 1661 172 1726 Severi
200 1667 389 1747 temporibus
419 1668 530 1730 vixisse
558 1666 675 1730 idoneis
709 1666 876 1730 rationibus
909 1667 998 1730 evicit
1024 1669 1180 1749 Meuagius

78 1767 152 1834 britio
172 1774 390 1838 Commentarii
410 1777 442 1837 iu
462 1775 593 1856 primum
613 1775 693 1838 illius
713 1775 872 1856 scriptoris
891 1776 1011 1851 librum,
1031 1774 1177 1839 Claudius

78 1875 209 1944 Aelianus
222 1880 287 1963 ⁵⁰),
315 1883 472 1964 imperitus
493 1903 594 1945 rerum
625 1882 896 1946 diversissimarum
919 1888 1058 1946 narrator
1089 1903 1179 1965 quem

78 1987 156 2048 tertio
174 1997 245 2070 post
265 1992 336 2054 Chr.
358 2013 387 2054 u.
413 1989 538 2054 saeculo
567 2011 665 2073 eoque
686 1993 750 2054 lere
769 1990 868 2052 medio
890 1991 1030 2054 floruisse
1051 1997 1178 2067 constat,

78 2109 130 2156 mr.
153 2097 219 2160 bist.
243 2099 299 2162 lib.
317 2101 359 2161 lV
386 2119 451 2180 cap.
471 2102 512 2162 90
534 2101 598 2179 jam
626 2099 750 2177 rettulit,
777 2099 994 2178 Hippocratem
1021 2099 1052 2160 iu
1078 2099 1177 2179 primo

79 2219 231 2282 congressu
261 2227 332 2269 cum
356 2207 534 2270 Democrito
564 2207 595 2268 iu
625 2227 690 2269 eam
717 2206 892 2286 opinionem
914 2225 980 2268 esse
1005 2205 1177 2282 adductum,

78 2317 106 2368 ut
124 2312 336 2396 philosophum
357 2314 442 2378 illum
468 2315 598 2378 insanire
619 2321 748 2396 putaret,
775 2314 829 2376 sed
845 2321 1006 2396 postquam
1029 2313 1178 2374 familiari-

79 2420 117 2477 tas
132 2418 206 2482 iuter
227 2442 284 2486 cos
312 2442 379 2484 esse
401 2423 569 2504 coepisset,
596 2424 787 2486 admirationi
815 2423 908 2485 luisse
929 2421 1058 2484 eundem
1079 2421 1177 2500 pbilo-

78 2526 193 2603 sophan
213 2531 403 2610 Hippocrati.
445 2531 519 2592 Nou
541 2531 638 2594 multo
659 2539 730 2612 post
748 2531 915 2606 Aelianum,
930 2529 989 2590 uisi
1009 2530 1110 2590 amaria
1130 2549 1177 2589 me

79 2631 181 2710 fallunt,
205 2637 287 2700 tertii
312 2637 426 2699 saeculi
451 2639 556 2700 rhetor
576 2639 625 2700 vel
653 2639 789 2720 sophista
807 2636 923 2716 vulgari
945 2636 1096 2716 opinione,
1119 2655 1178 2716 qua

79 2740 142 2802 nibil
159 2745 279 2807 stultius
298 2745 451 2808 Abderitis
471 2746 526 2809 illo
547 2748 670 2810 saeculo
696 2746 883 2820 censebatur,
905 2745 1001 2804 fretus
1023 2743 1177 2822 egregium

80 2845 176 2928 ingenii
195 2852 351 2934 specimen
375 2873 410 2916 sc
434 2855 585 2918 editurum
608 2875 675 2917 essa
694 2860 778 2916 ratus
803 2861 866 2928 est,
892 2851 918 2914 si
946 2851 999 2911 bas
1024 2847 1176 2928 epistolas,

81 2957 152 3020 omni
171 2962 319 3024 orationis
341 2963 413 3024 inco
432 2969 561 3040 ornatas,
592 2965 732 3044 tanquam
752 2979 894 3042 germana
914 2955 1095 3038 antiquitatis
1113 2974 1177 3017 mo-

80 3075 206 3132 numenta
233 3070 266 3130 iu
294 3069 446 3149 publicam
472 3071 571 3133 lucem
596 3069 756 3149 proterret.
808 3068 968 3131 Caeterum
998 3063 1176 3144 simulatque

81 3173 252 3256 prodierunt,
281 3177 392 3238 mirum
418 3183 471 3256 est,
497 3184 641 3260 quantum
670 3175 740 3238 fidei
766 3181 827 3237 tam
858 3175 982 3236 indocto
1012 3171 1103 3233 inerit
1130 3190 1176 3230 ar-

82 3277 204 3348 chitecto.
256 3287 337 3348 Nam
361 3287 431 3347 iude
452 3307 471 3347 a
492 3287 581 3349 tertio
605 3283 730 3346 saeculo
751 3303 847 3365 usque
868 3284 908 3345 ad
929 3279 1076 3360 scaligeri
1096 3285 1176 3340 aeta-

83 3389 133 3448 tem
149 3410 234 3456 nemo
266 3395 385 3457 videtur
408 3394 447 3456 de
468 3415 571 3457 earum
593 3391 789 3474 epistolarum
812 3393 937 3454 veritate
958 3395 987 3453 ct
1008 3385 1175 3467 integritate

84 3559 269 3585 ’ξε-ι-

142 3684 179 3748 ⁴’l
200 3687 278 3753 Apud
296 3691 426 3740 Senecam
448 3689 524 3752 epist
544 3683 578 3737 79
594 3687 650 3750 jnm
671 3687 783 3750 legimus
803 3684 900 3736 verbu:
925 3685 1010 3745 Quam
1031 3682 1076 3734 diu
1095 3680 1176 3731 vido-

86 3755 153 3814 batur
170 3767 257 3822 lucere
275 3769 458 3821 Democritus!

151 3867 188 3932 ιο)
205 3873 301 3923 dolien.
327 3885 383 3922 var.
404 3871 464 3922 bist.
484 3869 577 3918 libili
603 3883 662 3933 cap.
681 3868 738 3918 XX:
766 3863 868 3934 λέγουσι
889 3862 917 3916 bi
935 3860 1050 3915 oicbrol
1066 3865 1090 3924 (i.
1110 3877 1133 3913 o.
1153 3857 1178 3912 ol

86 3937 182 4012 πολῖται)
197 3947 425 4020 τὸνΊπιτοιιράτ-ιγι
451 3947 508 4020 περὶ
532 3949 578 4019 τὴν
600 3949 705 4020 πρώτην
732 3945 841 4005 ἔντευξιν
867 3943 929 4016 ὑπὲρ
948 3949 995 3996 τοῦ
1013 3940 1177 4014 Δημοκρίτου

87 4015 152 4080 itinn
170 4027 255 4100 λαβιῑν
275 4030 311 4088 ὡς
332 4027 505 4098 μαινομένου·
524 4029 665 4100 προῖοΰσιγς
687 4025 714 4077 δὲ
733 4024 820 4082 αυτοῖς
837 4029 883 4095 τῆς
902 4025 1035 4082 συνουσίας
1051 4025 1085 4082 εἰς
1102 4023 1176 4094 ὐττερ-

88 4097 157 4176 iolip
181 4107 309 4181 θαυμάσαι
331 4109 376 4162 τὸν
401 4107 492 4180 ἀνδρα.
530 4107 639 4178 Λέγουσι
665 4107 691 4159 bi
716 4103 818 4178 Δωριέα
844 4104 906 4156 ὄντα
931 4104 974 4157 τοι
995 4101 1179 4177 Ἱπποκράτην,

88 4177 138 4234 ἀλλ’
163 4186 204 4238 aba
230 4193 274 4245 aad
297 4197 345 4246 τοῦ
368 4185 533 4262 Δημοκρίτου
559 4191 645 4262 χάριν,
669 4185 780 4261 οῄἸοίὂι
798 4190 873 4260 φωνῇ
898 4186 1041 4258 συγγράψαι
1067 4185 1100 4239 τὰ
1122 4205 1178 4256 συγ-

89 4263 219 4334 Hippiam.
