2956 4860
260 303 303 366 36
590 297 786 362 Quaestionum
812 295 1046 350 nannenuamn

262 485 353 550 quam
380 431 482 528 verius
511 463 680 543 disputasse
703 461 879 542 perhibeat,
905 480 964 542 pro
985 468 1070 523 certo
1104 461 1252 524 affirmare
1285 469 1378 543 atque

262 576 330 638 aliis
358 574 481 654 insuper
506 572 688 652 argumentis
719 570 882 632 defendere
909 589 972 632 non
1003 571 1103 632 estin
1124 571 1232 632 animo.
1275 571 1378 632 Enim-

262 703 337 746 vero
360 688 451 762 eaput
472 680 517 741 rei
537 678 612 742 illud
635 687 689 754 est,
712 679 795 760 quod
816 679 846 740 in
868 679 927 740 lroe
950 678 1020 758 ipso
1039 678 1117 740 libro
1139 685 1265 741 auctore
1286 682 1378 741 Laer-

264 794 306 855 tio
336 791 387 853 lib.
415 791 531 863 1X,tt
570 787 763 849 Democritus
796 791 936 848 testatum
961 785 1138 868 reliquerat,
1175 807 1209 850 se
1234 787 1379 865 juvenem

264 899 358 962 luisse
380 917 418 960 eo
451 904 589 976 tempore
617 913 677 976 quo
699 913 792 956 senex
812 895 922 956 uixerit
945 893 1150 975 Anaxagoras,
1181 894 1380 977 quadraginta

263 1007 349 1070 annis
377 1004 429 1067 illo
458 1005 614 1067 minorem.
666 1003 742 1084 Quis
761 1021 822 1063 nou
844 1003 934 1079 videt,
967 1003 1181 1083 philosophum
1203 1011 1267 1064 tum
1286 1024 1379 1084 quum

264 1117 339 1178 haee
371 1113 477 1178 litteris
501 1112 693 1192 consignaret
720 1129 783 1172 nou
805 1111 933 1191 amplius
955 1113 1108 1190 juvenem,
1129 1110 1185 1174 sed
1203 1117 1255 1172 aut
1275 1111 1380 1172 admo

265 1225 336 1286 dum
368 1241 471 1284 senem
491 1227 543 1283 aut
568 1219 673 1282 saltem
703 1225 799 1280 aetate
825 1219 888 1297 jam
914 1227 1091 1299 provectum
1118 1219 1233 1282 luisse?
1275 1219 1381 1301 ltaque

264 1330 394 1395 Phaniae
423 1334 606 1409 nostraeque
634 1326 856 1406 supputationi,
894 1347 931 1388 ex
960 1348 1020 1410 qua
1045 1327 1134 1390 unius
1163 1337 1193 1388 et
1224 1328 1382 1407 sexaginta

264 1457 412 1500 annorum
437 1455 540 1496 senem
568 1455 637 1496 eum
667 1441 731 1496 tum
751 1434 844 1497 luisse
870 1434 1009 1514 eflicitur,
1042 1436 1108 1517 ipse
1128 1436 1188 1498 hoe
1206 1433 1381 1498 testimonio

264 1543 366 1608 album
387 1543 507 1606 videtur
534 1541 666 1622 adjicere
685 1541 843 1606 caleulum.

695 1741 868 1792 CAPUT
906 1739 954 1791 tv.

349 1875 403 1938 llis
432 1871 572 1936 omuibus
598 1876 743 1955 expositis
769 1882 956 1938 revertamur
981 1893 1035 1952 eo,
1065 1873 1147 1936 unde
1175 1873 1305 1954 digressi
1331 1893 1381 1937 su·

265 2003 341 2047 mus.
385 1981 593 2043 Democritum
614 1984 715 2062 eap.l
744 1991 847 2046 natum
873 2002 941 2044 esse
968 1981 1097 2044 diximus
1123 1980 1275 2058 Abderae,
1294 1989 1381 2061 patre

265 2092 314 2156 vel
337 2088 543 2170 liegesistrato
568 2089 619 2151 vel
644 2091 842 2154 Atlteuoerito
870 2090 919 2152 vel
945 2096 979 2152 ut
1001 2089 1192 2172 quorundum
1211 2089 1316 2170 opinio
1338 2091 1382 2150 ie-

265 2201 359 2275 rebat,
390 2195 584 2276 Damasippo.
637 2197 721 2259 Licet
747 2207 847 2261 autem
875 2199 1024 2261 incertum
1054 2198 1109 2274 sit,
1137 2197 1219 2280 quod
1245 2199 1380 2278 parentis

265 2306 356 2370 fuerit
372 2323 498 2382 nomen,
527 2311 625 2366 umen
651 2307 744 2385 paulo
770 2306 881 2368 certius
903 2305 1030 2384 videtur,
1061 2312 1123 2368 tres
1142 2305 1180 2367 ab
1202 2325 1240 2368 eo
1264 2306 1380 2368 liberos

265 2434 333 2480 esse
374 2419 534 2494 susceptos
571 2432 700 2494 quorum
737 2413 930 2476 Democritus
981 2419 1085 2476 noster
1122 2419 1195 2475 natu
1238 2414 1378 2476 minimus

265 2523 321 2586 tuit
346 2521 385 2602 ¹).
448 2520 549 2605 Atque
580 2521 754 2583 Herodotus
790 2520 911 2602 quidem
948 2525 978 2582 et
1012 2521 1175 2598 DamasuS,
1209 2523 1380 2584 Democriti
1476 2515 1477 2548 ³

264 2633 373 2694 iratres
406 2630 444 2692 ab
477 2627 652 2692 auctoribus
690 2627 868 2709 quibusdam
909 2628 1108 2690 nominantur.
1167 2629 1289 2690 Damasi
1317 2650 1380 2691 me-
1476 2603 1477 2654 l

264 2741 415 2802 minerunt
449 2735 607 2816 Plinius²)
642 2743 672 2799 et
692 2735 833 2798 Clemens
860 2735 1085 2798 Alexandrinus
1097 2731 1145 2815 ³),
1181 2756 1218 2798 ae
1244 2737 1380 2800 sirecte

264 2847 321 2909 viri
346 2846 429 2910 docti
449 2844 629 2924 conjiciunt,
655 2843 810 2924 Diogenes
838 2843 975 2906 Laertius
990 2842 1021 2924 ⁴)
1050 2851 1080 2906 et
1102 2845 1272 2925 Hesychius
1293 2847 1383 2910 llile-

336 3087 358 3150 ¹)
375 3086 448 3152 Diog.
469 3088 555 3138 Luert
573 3085 614 3148 lli,
635 3083 669 3138 35
690 3113 719 3123 -
746 3083 832 3157 τρότον
853 3103 881 3136 τι
900 3083 961 3137 όντα
981 3082 1093 3156 ἀδελφὸν
1112 3081 1248 3153 νείμασθαι
1268 3087 1315 3158 τὴν
1335 3087 1379 3142 οὺ·
1475 3097 1476 3110 ’

264 3163 320 3218 σόαν
339 3183 365 3216 α.
380 3183 404 3217 τ.
422 3164 447 3218 λ.
492 3169 617 3220 Aelianus
637 3181 692 3218 rar.
711 3168 770 3218 hist,
794 3168 835 3230 lV,
854 3165 888 3216 20
912 3165 959 3236 τὴν
979 3166 1049 3236 παρὰ
1071 3162 1244 3236 Δαμασίππου
1263 3174 1310 3222 τοῦ
1330 3189 1378 3223 πο-

262 3243 430 3316 eptaticum
450 3245 486 3303 ele
505 3245 562 3318 τρία
581 3246 646 3317 μέρη
664 3245 820 3315 repetitione
844 3251 901 3304 τοῖς
919 3243 1040 3318 ἀδελφοῖς
1059 3245 1103 3310 (δι’
1127 3245 1218 3314 αὺτοῦ)
1238 3257 1292 3310 τοῖς
1311 3255 1380 3322 sprot
1475 3245 1476 3262 ³

263 3343 290 3377 a.
305 3343 329 3377 τ.
347 3323 372 3378 λ.
413 3328 469 3378 Vid.
491 3328 528 3378 ihi
547 3329 721 3382 Perizonium.

334 3419 357 3482 ’t
378 3418 475 3469 Plinius
495 3417 581 3482 livill,
600 3415 635 3470 35
661 3419 782 3472 Tradunt
805 3418 922 3470 eundem
947 3420 1130 3471 Democritum
1155 3423 1275 3474 metente
1294 3424 1380 3478 fratre

263 3499 321 3561 ejus
338 3498 462 3558 Damaso,
479 3499 666 3551 ardentissimo
685 3504 762 3551 aestu
781 3513 882 3562 orasse,
910 3503 939 3550 ut
956 3501 1075 3565 reliquae
1091 3505 1174 3564 segeti
1194 3510 1329 3566 parceret

333 3590 355 3652 ³)
374 3589 496 3641 Clemens
512 3591 608 3640 Strom.
628 3590 662 3641 Vi
681 3607 705 3655 p.
725 3589 775 3642 255
796 3593 837 3644 ed.
855 3590 926 3656 Sylb.
946 3588 1005 3652 (755
1026 3593 1068 3643 ed.
1081 3593 1159 3656 Pott)
1181 3591 1379 3665 ὑποδεξαμένου

261 3665 285 3739 γ’
305 3664 351 3720 οὖν
371 3665 448 3718 αὐτόν
470 3669 670 3734 (Democritum)
697 3668 862 3742 φιλοφρόνως
882 3666 1008 3738 Δαμάσου
1026 3675 1075 3722 τοῦ
1096 3671 1221 3745 ἀδελφοῦ,
1247 3681 1380 3750 τεκμηρά-

260 3765 338 3818 μενος
355 3746 386 3800 όιι
403 3765 480 3800 τινοιν
500 3747 626 3821 ἀστέρων,
646 3749 728 3803 πολὺν
748 3749 871 3818 ἐσόμενον
889 3755 1009 3824 προεῖπεν
1030 3748 1137 3824 ὄμβρον.

331 3843 354 3905 ⁴)
373 3841 448 3904 Diog.
471 3841 556 3892 Laert
584 3843 623 3904 lli,
652 3839 686 3894 39
714 3837 824 3893 ἐλθόντα
852 3840 880 3893 tt
908 3858 985 3912 φησιν
1013 3839 1091 3894 etate
1112 3844 1142 3896 ἐκ
1162 3849 1208 3916 τῆς
1228 3847 1381 3920 ἀποδημίας

259 3919 426 3973 ταπεινότατα
449 3918 553 3991 διάγειν,
579 3919 623 3974 das
645 3927 729 3974 πᾶσαν
750 3922 798 3995 τὴν
824 3920 913 3976 euolat
939 3921 1163 3984 καταναλωκότα,
1190 3927 1332 3998 τρέφεσθαί
1351 3950 1380 3986 τε

260 4000 302 4053 lul
319 4001 365 4074 τὴν
386 4001 494 4072 ἀπορίαν
513 3999 561 4054 ὑπὸ
580 4002 603 4053 τ’
626 4001 740 4071 ἀδελφοῦ
760 4000 894 4071 Δαμάσου.
937 4005 1009 4056 Ηοοο
1029 4005 1115 4068 lectio,
1136 4021 1217 4070 queem
1239 4011 1380 4076 lienagius
1474 4013 1475 4030 ¹

260 4085 386 4146 agnoscit,
413 4086 635 4136 areeentissimo
660 4085 785 4148 Diogenis
809 4087 912 4136 editore
931 4089 1039 4136 serrata
1058 4089 1106 4136 est.
1149 4088 1178 4137 ln
1197 4089 1381 4145 lieibomiana

259 4163 375 4214 editione
393 4165 488 4228 iegitur
504 4159 654 4232 Δαμόατου,
677 4165 751 4230 quod
781 4167 927 4229 typothetis
954 4163 1128 4218 tribuendum
1149 4169 1296 4232 videretur,
1325 4176 1381 4226 nisi

258 4244 396 4297 translatio
412 4246 493 4297 letina
513 4249 688 4312 conspiraret,
708 4247 735 4297 in
753 4259 805 4312 qua
824 4249 998 4312 astatque
1017 4244 1141 4298 Damoeta
1157 4249 1254 4314 tratre.
1282 4254 1380 4308 Utrum
