2956 4860
404 317 489 374 Liber
507 317 528 374 1.
567 317 611 374 De
633 317 784 375 Democriti
807 319 872 376 rita.
1153 321 1195 386 57

101 487 236 570 loquitur,
270 486 385 570 reliqua
416 505 491 550 vero
521 486 634 550 Laertii
666 491 750 564 sunt,
782 493 975 552 nontamen
1014 497 1075 569 cst,
1112 491 1196 573 quod
1289 519 1291 526 ·

99 595 465 680 baertiiexistimationcm
490 615 510 656 a
537 595 688 674 Thrasylli
710 594 828 674 judicio
854 596 1016 660 admodum
1045 598 1194 662 diversam

101 703 182 764 luisse
210 702 368 768 arbitreris.
426 703 565 785 Denique
599 703 771 765 Demetrius
801 703 964 767 Phalereus
996 705 1026 767 in
1058 707 1194 770 Socratis

100 806 304 892 apologia⁷³),
329 817 363 874 ut
393 811 546 892 Diogenes
560 809 608 888 ⁷⁴)
637 809 829 886 testificatur,
858 814 1065 878 Democritum
1087 834 1126 877 ne
1145 834 1196 897 νε·
1224 793 1226 798 ’

100 917 170 980 nisse
189 919 306 1000 quidam
334 919 467 982 Athenas
497 919 644 996 narravit,
673 917 704 980 id
727 918 810 1001 quod
834 920 929 998 majus
948 921 1039 983 etiam
1059 923 1194 1008 Laertius

95 1025 206 1102 judicat,
226 1045 314 1108 quam
341 1028 371 1112 si
389 1029 510 1109 iguohrs
532 1028 563 1088 iu
586 1027 641 1090 hac
664 1026 846 1107 amplissima
869 1027 1018 1118 Graeciae
1036 1031 1112 1094 urbe
1131 1032 1196 1112 phi-

99 1132 229 1214 losophus
249 1134 451 1199 Abderitauus
475 1135 562 1211 vixit,
593 1133 706 1215 quippe
732 1133 783 1214 qui
805 1140 916 1196 tautam
936 1144 1132 1200 contemnens
1155 1139 1197 1201 ci-

99 1241 204 1304 vitatem
222 1263 282 1306 non
305 1264 343 1306 ex
365 1243 436 1307 loeo
458 1243 588 1325 gloriam
609 1240 764 1322 consequi,
779 1241 834 1302 sed
848 1241 918 1305 loco
941 1244 1069 1324 gloriam
1091 1246 1197 1310 allcmc

98 1348 184 1414 vellet
224 1351 265 1413 at
295 1371 335 1414 ne
364 1371 531 1433 exponam,
564 1356 706 1432 quantum
733 1349 810 1412 desit
840 1350 878 1412 ad
899 1351 1196 1432 verisimilitudinem,

97 1457 221 1522 hbderae
254 1461 408 1523 alumnum
439 1459 552 1522 multos
583 1477 639 1538 per
669 1476 765 1520 annos
798 1459 1020 1538 peregrinatum
1050 1463 1195 1527 Graeciae

99 1573 176 1646 caput
192 1568 442 1650 humanitatisque
464 1576 619 1648 parentem
640 1566 774 1628 Athenas
794 1585 857 1628 uon
879 1567 1000 1646 vidisse,
1023 1571 1096 1634 satis
1115 1573 1196 1634 reiu-

98 1679 167 1736 tatur
186 1677 358 1740 Demetrius
386 1676 424 1738 ab
450 1677 517 1757 ipso
546 1674 723 1737 Democrito
763 1675 822 1757 qui,
853 1681 887 1737 ut
914 1676 1051 1757 Diogene
1072 1685 1195 1742 auctore

98 1781 249 1864 docuimus,
274 1787 307 1848 in
335 1783 456 1864 scriptis
474 1783 584 1846 alicubi
607 1803 640 1846 se
664 1783 797 1845 Athenas
816 1782 945 1858 venisse,
966 1785 1020 1846 sed
1040 1805 1058 1845 a
1076 1785 1195 1848 uemiue

98 1891 236 1970 cognitum
261 1914 331 1957 esse
355 1893 478 1954 dixerat.
526 1895 624 1973 Quare
649 1893 738 1982 tenui
760 1891 841 1954 victu
867 1892 1060 1954 Democritus
1088 1893 1119 1956 iu
1150 1894 1195 1956 his

97 1995 238 2064 itineribus
261 2007 423 2066 contentus
452 1999 557 2076 luerit,
588 2005 670 2064 recle
699 1999 820 2062 videtur
849 1999 951 2081 colligi
985 2000 1108 2078 exejus
1128 2022 1195 2064 serr-

97 2107 178 2168 tentia
201 2130 291 2191 quam
311 2111 442 2173 servavit
469 2107 554 2170 Stob.
583 2107 667 2171 Flor.
693 2107 768 2185 XL,
795 2108 824 2170 6.
873 2105 919 2169 Oi.
956 2107 1059 2189 fragm
1088 2109 1194 2172 moral.

98 2213 235 2282 38-39.

518 2448 688 2500 CAPUT
728 2448 756 2500 V.

169 2619 212 2682 Ex
241 2621 401 2684 itineribus
430 2621 572 2684 reducem
608 2623 638 2684 in
670 2642 786 2685 summa
824 2626 955 2702 egestate
988 2617 1195 2680 Democritum

98 2725 141 2806 qui
160 2747 277 2791 omnem
297 2749 361 2792 rem
384 2729 560 2792 familiarem
580 2731 796 2794 consumsisset
813 2729 934 2804 vixisse,
949 2726 1004 2810 sed
1019 2747 1037 2788 a
1054 2727 1196 2786 Damaste

98 2832 177 2898 fratre
196 2843 392 2900 sustentatum
415 2858 482 2901 esse
505 2858 521 2900 e
542 2839 663 2902 Laertio
681 2837 888 2901 Antisthenen
910 2841 1067 2898 auctorem
1088 2833 1196 2894 citante

98 2940 278 3026 discimus').
326 2947 408 3008 idem
437 2947 592 3028 Diogenes
613 2947 696 3009 addit
712 2943 754 3027 ⁸),
781 2945 1004 3020 Democritum,
1035 2961 1126 3023 quum
1147 2959 1196 3002 res

99 3117 286 3136 -—-

159 3213 195 3278 ί’ί
212 3216 249 3268 Cl.
267 3215 376 3267 lonsrus
394 3216 428 3266 da
448 3218 539 3280 script.
557 3215 617 3267 hist.
638 3215 698 3280 phil.
717 3209 735 3278 l,
756 3213 794 3267 18.

160 3305 196 3371 ²⁴)
215 3308 289 3373 Diog.
307 3309 392 3358 beeri.
412 3306 454 3358 lib.
474 3305 567 3369 1x‚37
593 3303 740 3378 Δημήτριος
757 3305 784 3358 oi
804 3303 817 3358 δ
838 3301 974 3376 Φαληρεὺς
995 3301 1021 3354 ἀν
1039 3303 1070 3374 τῇ
1090 3295 1198 3374 limand-

100 3397 150 3442 τονς
166 3383 288 3456 ἀπολογίη
306 3383 373 3455 μηδὲ
393 3383 477 3438 eatan
499 3403 576 3457 φησιν
595 3385 673 3439 edric
692 3383 863 3458 είςἈδηνοις.
890 3383 974 3440 Τοῦτο
993 3383 1020 3436 δὲ
1039 3383 1084 3434 οιαὶ
1100 3383 1198 3452 μειζον,

101 3459 142 3531 rire
156 3464 280 3537 τοεοότης
297 3463 399 3524 πόλεως
418 3463 634 3539 ἀπερερρόνηοεν,
654 3464 704 3519 οδε
723 3465 753 3520 λοι
769 3465 849 3522 τόπου
868 3465 944 3529 δόξαν
963 3465 1051 3536 λαβεῖν
1074 3462 1198 3534 βουλόμε-

100 3557 146 3608 νος,
162 3543 225 3598 ἀλλά
244 3544 317 3618 τόπερ
337 3543 413 3608 δόξαν
432 3545 573 3619 capitanea
589 3545 772 3620 προελόμενος.

162 3637 182 3700 ¹)
207 3640 279 3704 Diog.
302 3641 388 3691 Lacrt.
413 3640 455 3690 lib.
477 3641 517 3705 lli,
538 3639 572 3694 39
597 3636 707 3692 illidere
734 3639 762 3692 δί
782 3657 859 3712 φησιν
882 3637 906 3704 (δ
923 3635 1099 3708 Ἀντιοδίνης)
1118 3634 1196 3689 αὐτόν
1307 3610 1308 3613 ¹

102 3708 127 3762 ii
143 3717 184 3785 rte
208 3715 352 3788 ἀποδημίας
377 3717 549 3772 ταπεινότατα
575 3719 680 3790 διάγειν,
699 3718 743 3774 dra
764 3727 849 3774 πᾶσαν
867 3721 914 3794 τὴν
934 3720 1024 3773 ciclus
1045 3717 1198 3771 καταναλω-

101 3789 171 3845 aaa·
188 3795 324 3868 τρίρεεθοιί
341 3817 370 3852 τι
390 3799 431 3851 διά
451 3801 498 3871 τὴν
516 3799 625 3873 ἀπορίαν
641 3799 691 3854 ted
707 3806 754 3854 τοῦ
774 3800 889 3874 ἀδολροδ
907 3799 1057 3870 uanum-a,
1075 3799 1120 3850 arbi
1140 3801 1199 3850 ior-

104 3875 165 3928 lusse
183 3881 365 3944 reponendum
385 3877 497 3953 ὑπὸτῆς
516 3881 630 3955 ἀδελφῆς
650 3879 799 3952 Δαμάστης.
831 3884 886 3936 Vid.
909 3887 971 3947 Cara.
989 3884 1022 3932 tv
1042 3882 1101 3932 adu.
1122 3877 1198 3932 u-s,

103 3951 144 4004 ¹³³⁰
160 3959 289 4023 Chflfflii
314 3963 381 4012 Oiai·
401 3957 435 4011 54
454 3977 479 4028 p.
500 3961 557 4015 559.
578 3979 601 4016 a.
626 3961 705 4022 ἀλλος
731 3961 759 4016 tl
776 3981 814 4023 τις
832 3961 897 4035 ἀνὴρ
911 3959 1066 4032 Ἀβδηρίτης
1088 3957 1139 4032 οίιχ
1156 3957 1199 4012 od·

103 4046 147 4090 ³⁸⁰:
163 4035 277 4108 duriores
298 4039 362 4111 παρ’
386 4039 480 4112 ίτίριιιν
501 4042 642 4114 ίλάμβονε,
659 4043 726 4098 ἀλλά
741 4045 786 4097 aei
802 4041 930 4116 διίηθειρε
948 4043 995 4124 τὴν
1013 4039 1102 4094 ebriet
1119 4038 1200 4094 abaci

105 4115 189 4188 συχνὴν
208 4117 295 4173 οὖσαν.

165 4211 186 4270 ²)
205 4211 276 4276 Diog.
292 4215 306 4265 Ι.
325 4228 347 4266 o.
375 4213 411 4273 όις
438 4212 466 4266 di
494 4214 624 4287 προιιπόιν
644 4233 700 4270 τινα
721 4218 774 4268 τῶν
793 4210 941 4283 μελλόντων
964 4210 1130 4282 ιάδοοοίμηοε,
1148 4209 1199 4264 λοι·

105 4281 146 4333 πίοι
166 4283 251 4342 ίνδίοο
268 4289 343 4364 δόξης
368 4295 437 4364 παρὰ
462 4299 516 4354 τοῖς
546 4295 673 4356 πλείστοις
698 4291 810 4368 ἠξιώθη.
843 4297 915 4348 llaec
932 4297 1016 4349 verbu
1033 4295 1067 4347 ad
1086 4295 1200 4344 litteram
