2932 4862
305 295 370 362 m
637 293 832 356 Danastium
850 291 1083 350 munitm!

305 458 452 546 ἡὴμέρα
473 461 527 542 τῆς
551 457 677 542 baptis,
705 455 742 540 ἣν
773 458 803 520 οἱ
829 451 985 541 Ῥωμαῖοι
1009 455 1138 544 Bpm‘eprr
1166 461 1293 537 καλοῦσι,
1312 455 1371 518 τοῦτ’

309 566 388 632 ἔστιν
412 569 432 650 ἡ
456 567 583 650 τετάρτη
610 566 661 628 καὶ
686 563 807 645 εἰκοστὴ
834 567 888 626 τοῦ
914 565 988 630 Δίου
1009 565 1111 650 μηνός,
1132 565 1199 650 ἦτοι
1222 564 1375 648 Νοομβρὶοο.

308 680 355 741 De
376 673 553 740 Democrito
583 671 663 734 idem
691 677 817 734 testatur
843 671 958 738 Plinius
985 675 1052 738 hist.
1081 679 1140 738 nat.
1166 674 1215 738 lib.
1233 674 1331 746 xvm,
1348 674 1376 732 m

308 807 332 850 s.
353 787 394 850 62
416 783 463 846 his
480 781 597 846 verbis:
627 779 819 842 Democritus
840 781 929 844 talem
952 783 1083 846 loturam
1103 783 1226 846 hiemem
1241 780 1377 850 arbitratur,

308 892 406 977 qualis
427 889 517 956 luerit
538 888 663 952 brumae
684 887 750 949 dies
769 894 799 949 et
820 887 903 952 circa
924 909 994 954 eum
1015 891 1106 954 temie
1131 891 1200 954 item
1218 887 1332 952 solstitio
1345 904 1380 944 ae

309 1007 423 1064 statem.
479 996 553 1064 dim
579 1013 691 1060 nomen
725 995 814 1074 primi
842 998 955 1061 mensis
983 997 1173 1062 Macedonici
1199 1004 1250 1062 est
1300 991 1379 1056 (ideo

308 1109 368 1172 vol.
391 1109 411 1171 9
431 1126 461 1186 p.
482 1107 510 1168 8.
553 1105 622 1168 Vid.
648 1101 770 1165 Gorsini
797 1105 878 1168 Fast.
905 1105 966 1168 hrt
994 1105 1056 1168 vol.
1079 1108 1099 1170 2
1130 1125 1198 1187 pag.
1219 1106 1277 1166 tbi
1296 1107 1322 1162 et
1338 1097 1381 1158 Ch·

308 1213 498 1280 coniecta
529 1233 559 1292 p.
579 1213 642 1276 ate
654 1231 736 1292 seqq.
785 1209 981 1293 Nicephorus
1004 1214 1123 1276 Uranus
1151 1215 1182 1276 in
1210 1213 1276 1274 Vita
1299 1209 1326 1271 S.
1343 1206 1381 1282 Sy-

309 1321 502 1399 meonisjun.
521 1320 648 1401 Stylitae
669 1339 697 1380 n.
720 1320 778 1381 81:
799 1317 873 1381 Δίου
898 1319 993 1402 μηνὸς
1014 1319 1048 1382 ὃν
1071 1319 1090 1402 ἡ
1112 1318 1185 1404 παρ’
1207 1319 1274 1403 ἡμῖν
1292 1316 1381 1396 plum

310 1426 484 1512 Νοίμβριον
507 1427 613 1489 καλεῖν
637 1424 749 1500 οἶδεν.Ι
782 1427 943 1490 Probabile
964 1435 1011 1490 est
1031 1428 1179 1492 mensium
1197 1427 1309 1490 nomina
1325 1417 1382 1499 apud

310 1537 494 1600 Macedones
520 1532 628 1596 usitata
653 1533 746 1596 inisse
768 1536 972 1619 eadem-quae
999 1543 1029 1598 et
1054 1536 1093 1598 ab
1116 1534 1267 1598 Abderitis
1288 1547 1382 1608 usurps·

309 1653 422 1706 renmr.
462 1641 535 1704 lude
554 1641 732 1704 Democrito
753 1643 842 1722 hujus
868 1643 981 1706 merrsis
1004 1663 1125 1721 nomen,
1148 1643 1230 1727 quod
1249 1645 1344 1704 lte-rsus
1358 1653 1383 1692 er

309 1750 376 1828 ejus
396 1749 477 1812 libro
496 1749 667 1829 proterens,
687 1769 780 1831 quum
804 1751 909 1831 paucis
934 1752 1064 1814 tortasse
1083 1753 1151 1831 ejus
1170 1750 1272 1814 aetatis
1290 1742 1383 1810 tenid

309 1859 367 1918 bus
389 1863 469 1918 esset
488 1863 602 1931 notum,
623 1856 808 1920 Novembris
825 1857 1029 1938 appellatione
1051 1859 1207 1940 explicuit.

395 1965 424 2024 2.
468 1961 556 2024 Initio
583 1963 672 2042 huJus
696 1965 802 2045 capitis
831 1969 917 2028 uncis
939 1967 1114 2030 inclusimus
1134 1965 1215 2051 περί,
1237 1963 1312 2048 quod
1328 1957 1384 2020 salu

310 2069 459 2132 sententia
480 2069 587 2132 abesse
603 2077 729 2150 poterat.
758 2072 804 2134 Ex
828 2075 886 2134 hoc
902 2075 1069 2137 Democriti
1083 2075 1122 2136 de
1144 2073 1318 2156 agricultura
1334 2083 1384 2144 opt·

311 2176 397 2240 sculo
419 2177 506 2239 multi
527 2185 663 2240 veterum
686 2179 790 2240 eadem
808 2181 847 2242 de
866 2201 1009 2263 aquarum
1025 2183 1115 2262 copia
1135 2191 1168 2246 et
1188 2181 1285 2262 inopia
1303 2191 1384 2238 earum

311 2307 371 2368 que
393 2295 499 2348 nature
524 2285 719 2348 tradiderunt.
756 2289 803 2350 Cl.
825 2287 951 2352 Aristot.
969 2290 1173 2370 hletemnlog.
1195 2290 1277 2367 1,13.
1316 2281 1385 2341 Vim-

311 2395 378 2456 vius
401 2392 454 2456 lib.
475 2392 552 2469 Vlll,
574 2396 589 2455 1
615 2395 684 2455 etl
715 2392 830 2456 Plinius
852 2396 920 2460 hist.
949 2405 1008 2459 uat.
1032 2398 1084 2461 lib.
1101 2399 1265 2475 mhi
1293 2389 1385 2467 denique

312 2501 540 2582 Theophrastus
566 2500 605 2562 de
633 2502 732 2564 causis
759 2502 851 2583 plant
881 2505 973 2579 Vl‚3
1003 2505 1073 2587 qui:
1103 2504 1238 2589 ἄχυμον,
1265 2497 1350 2582 inquit
1364 2489 1384 2548 el

315 2607 398 2692 ὕδωρ
421 2605 494 2670 καθ’
525 2606 611 2671 αὑτό.
665 2610 720 2671 Διὸ
747 2609 799 2671 καὶ
826 2609 856 2671 oi
884 2611 1013 2673 παλαιοί
1043 2633 1129 2695 φασι,
1161 2611 1205 2674 δι’
1232 2609 1292 2676 οἵας
1309 2601 1385 2678 dliii

313 2713 379 2798 ῥέῃ,
398 2715 519 2778 τοιοῦτο
541 2717 592 2778 καὶ
620 2713 715 2792 εἶναι,
737 2717 790 2779 ubi
816 2717 910 2780 verba
938 2719 967 2780 oi
996 2720 1126 2780 παλαιοί
1146 2721 1187 2782 ad
1210 2713 1386 2782 Democritus

313 2823 401 2901 cujus
435 2822 528 2902 paulo
568 2829 637 2886 aute
669 2827 853 2888 mentionem
889 2826 1003 2890 iecerat
1035 2829 1278 2906 Theophrastus,
1312 2809 1386 2880 reterri

314 2935 447 3011 oportet.
467 2965 507 2979 -
547 2929 575 3014 §.
598 2935 626 2994 i.
661 2935 742 2994 luter
766 2935 860 2996 verbo
886 2935 1026 3017 καθάπερ
1053 2935 1103 2996 καὶ
1126 2942 1158 2998 et
1185 2933 1239 3017 τὴν
1265 2929 1386 2994 hulam

312 3037 495 3101 inseruimus
514 3040 600 3116 κατά,
622 3063 710 3123 quam
728 3040 868 3102 voculam
887 3061 995 3112 sensus
1018 3041 1151 3121 flagitare
1172 3041 1297 3104 videtur.
1324 3023 1387 3112 0⁰⁰4

312 3147 418 3208 attinet
437 3148 475 3208 ud
497 3167 570 3224 rem,
586 3149 624 3210 de
646 3168 705 3231 qua
726 3148 920 3229 disceptatur,
943 3149 1147 3213 consulendus
1164 3143 1332 3212 Aristoteles
1347 3135 1388 3196 Mt

313 3253 422 3316 teorol.
446 3256 481 3329 11,
505 3257 535 3318 3.
578 3259 625 3319 Gi.
654 3265 684 3318 et
710 3256 839 3335 Niceph.
859 3257 1017 3319 Blemmid.
1039 3257 1117 3336 [ipit.
1143 3258 1233 3338 Phys.
1261 3275 1285 3315 c
1312 3249 1350 3318 17,
1370 3259 1386 3315 l·

316 3363 374 3423 127
395 3381 478 3443 seqq.
507 3397 548 3410 —
598 3362 626 3447 §.
656 3368 684 3426 5.
723 3364 784 3426 Pro
820 3364 900 3446 vulg.
935 3363 1001 3426 icm
1032 3364 1086 3446 pir
1112 3367 1172 3426 τῶν
1205 3363 1278 3446 πρὸς
1301 3355 1387 3436 apeme·

313 3467 442 3532 πλείονα
470 3469 505 3532 δὲ
532 3493 569 3533 ex
598 3472 739 3534 Gomorii
770 3473 1032 3553 interpretatione,
1057 3471 1302 3556 quemadmodum
1318 3452 1388 3522 Nidl·

314 3575 377 3638 sius
406 3576 562 3655 voluerat,
593 3580 780 3642 correximus
803 3578 899 3662 ἧσσον
928 3581 982 3664 μὲν
1005 3623 1163 3644 ......
1185 3580 1287 3641 πλεῖον
1309 3567 1344 3630 δὲ
1363 3590 1387 3606 ”

314 3681 342 3766 §.
359 3685 388 3747 b.
411 3684 472 3746 Pro
496 3683 670 3768 uuhdbpoor
689 3688 719 3749 in
743 3687 895 3751 uonrrullis
918 3689 1006 3752 codd.
1030 3697 1076 3750 est
1094 3684 1273 3769 καθύγρους.
1305 3679 1380 3740 Unum

316 3811 375 3872 qne
397 3792 517 3854 defendi
543 3794 623 3856 licet.
664 3796 697 3857 ln
725 3797 822 3858 forma
850 3793 947 3878 ὀρέων
978 3795 1145 3858 llernocriti
1171 3794 1328 3856 lonisrnum
1348 3779 1387 3837 tor·

316 3905 395 3962 tasse
417 3901 549 3964 servavit
569 3901 740 3979 Cassianus,
766 3923 945 3986 quamquam
973 3905 1040 3966 scio
1060 3903 1150 3966 etiam
1168 3900 1281 3964 Atticos
1300 3889 1340 3954 idi
1356 3899 1387 3960 ge

315 4004 411 4069 nitivo
436 4025 655 4091 saepenumero
677 4031 761 4073 usos.
807 4011 854 4073 Cl.
889 4014 1000 4074 Buttm
1027 4011 1159 4074 Gramm.
1189 4005 1302 4087 ampll
1323 3995 1344 4078 i·
1362 3986 1387 4046 ³⁹

314 4113 382 4175 adn.
402 4117 431 4177 4.
454 4149 494 4164 -
522 4114 551 4200 5.
573 4122 602 4181 7.
636 4119 818 4199 Recepimus
839 4118 965 4182 Niclasii
985 4121 1190 4199 conjecturam
1211 4111 1336 4198 μεγίστας
1350 4109 1386 4176 ll⁰

309 4218 391 4297 vulg.
415 4223 571 4301 μεριστάς,
605 4227 689 4306 quod
716 4227 818 4290 sensui
843 4235 999 4310 repugnat.
1040 4227 1153 4290 Veram
1182 4222 1328 4288 lectionem
1343 4217 1386 4267 ⁰⁵⁹³
