2938 4864
391 343 475 398 Liber
493 342 544 404 ΙΙΙ.
572 341 642 396 ltin.
663 343 698 397 ad
718 342 797 401 Deae.
816 359 860 415 op.
877 343 973 417 tregru.
1173 343 1238 411 283

122 518 246 593 superet
266 511 363 574 vires:
390 511 431 573 ita
457 529 532 572 vero
554 511 601 573 sui
618 529 725 592 gerere
746 529 858 588 curam,
884 518 917 574 ut
940 513 1076 594 quamvis
1092 533 1236 594 praesen-

122 627 184 682 tem
205 621 356 682 iortrmam
382 625 411 682 et
432 618 578 700 quidquid
608 617 713 699 opinio
733 618 884 681 desiderat
905 620 1164 700 suppeditaturum
1186 622 1234 684 de-

123 725 224 806 clinet,
244 747 343 810 neque
372 729 460 810 plura
488 726 632 803 admittat,
659 745 749 809 qnam
779 725 888 810 quibus
911 727 1042 790 terendis
1064 730 1238 808 pervolent

123 853 202 901 esse.
242 838 378 900 Praestat
400 837 493 914 enim,
512 842 546 899 ut
574 834 663 898 nobis
690 835 870 897 conveniant
893 855 937 912 ea,
968 835 1078 917 quibus
1099 837 1235 918 iruirnur,

123 963 212 1026 quam
235 963 341 1008 eorum
361 941 568 1007 abundarem
614 942 750 1024 Apparet
772 961 841 1005 eom
869 942 947 1005 male
969 943 1126 1025 accepisse
1144 948 1237 1010 verba

125 1050 276 1115 ὥστεκαὶ
305 1055 359 1136 τῆς
378 1049 473 1136 τύχης
496 1049 722 1135 ἐπιβαλλούσης
746 1051 796 1112 καὶ
824 1049 856 1119 ἐς
876 1051 910 1114 τὸ
933 1048 1004 1113 δέον
1027 1050 1238 1138 ύπηγεομένης

123 1161 169 1242 τῷ
191 1157 310 1222 δοκέειν
334 1165 364 1222 et
385 1165 518 1222 extrema
545 1157 565 1240 ἡ
595 1157 652 1241 γὰρ
674 1155 796 1240 εύογκίη
817 1182 844 1220 κ.
868 1181 893 1220 τ.
915 1157 944 1220 λ.
987 1160 1079 1222 Gonr.
1104 1161 1237 1227 Orellius

125 1267 163 1328 ad
184 1268 384 1348 posteriorem
403 1268 567 1330 sententiae
585 1275 701 1347 portem
721 1267 796 1328 haec
814 1265 983 1329 adnotavit:
1026 1263 1151 1344 „Verba
1169 1259 1238 1333 cor-

126 1375 306 1455 ruptissima,
338 1393 416 1457 quae
437 1374 482 1437 sic
510 1373 696 1436 emendanda
728 1391 854 1462 censeo:
885 1373 976 1448 ὥστε,
998 1372 1049 1436 καὶ
1073 1375 1127 1457 τῆς
1144 1373 1239 1460 τύχης

127 1483 352 1569 ἐπιβαλλούσης
379 1483 430 1546 καὶ
460 1483 504 1551 εἰς
530 1482 564 1546 τὸ
594 1477 689 1543 πλέον
721 1501 770 1542 σοι
798 1479 1012 1564 ipa-[sopiam
1042 1483 1097 1544 τού
1126 1483 1238 1560 δοκεῖν,

126 1591 356 1670 κατατίθεσθαι,
380 1594 441 1655 hoc
462 1610 571 1655 sensu:
594 1590 634 1652 ita
654 1597 697 1668 ut,
716 1590 788 1652 licet
809 1590 929 1652 fortuna
952 1589 1050 1670 ipsum
1071 1590 1238 1654 honoribus

126 1708 233 1762 oneret
262 1709 293 1762 et
317 1699 395 1762 ultra
425 1696 680 1780 exspectationem
707 1717 793 1760 suam
815 1696 942 1759 extollat
960 1697 1041 1776 (soil.
1061 1697 1093 1760 in
1110 1699 1239 1780 negotiis

125 1809 189 1871 suis
208 1809 256 1872 vel
277 1809 369 1872 rebus
390 1805 555 1890 gerendis),
583 1807 715 1886 deponat
744 1816 842 1869 tamen
867 1805 989 1885 negotia
1012 1824 1067 1868 sua
1089 1805 1153 1869 sive
1175 1827 1240 1868 mn-

125 1935 200 1978 nera
232 1915 284 1996 (τιλ
315 1916 494 2000 πράγματα,
531 1913 614 1996 quod
649 1913 932 1995 subintelligendum
971 1933 1008 1975 ex
1046 1915 1240 1994 praecedenti

125 2021 228 2086 πολλὰ
246 2021 435 2107 πρασσοιν).”
479 2023 541 2086 Sed
563 2023 618 2085 hoc
639 2021 847 2084 emendatione
866 2041 927 2084 non
947 2030 995 2085 cst
1013 2038 1101 2104 opus.
1142 2021 1239 2084 Aliter

125 2133 229 2194 statuit
253 2135 343 2212 Gasp.
357 2130 500 2208 ¹Orellius
525 2132 578 2214 qui
606 2131 750 2211 patruelis
782 2131 829 2193 sui
858 2130 1063 2194 observationi
1082 2130 1158 2192 hanc
1178 2131 1239 2192 ani-

125 2239 365 2304 madversionem
377 2239 532 2321 apposuit:
552 2239 723 2315 „Fortassis
743 2237 868 2300 tolerari
888 2237 986 2318 possit
1007 2236 1127 2317 varlgata
1146 2234 1238 2300 lectio

125 2347 186 2410 hoc
205 2367 312 2410 sensu:
334 2355 380 2426 at,
397 2349 470 2410 licet
479 2346 624 2428 fortuna
646 2343 704 2407 titi
723 2347 903 2426 imposuerit
916 2345 1001 2426 (lego
1023 2363 1090 2406 cum
1104 2344 1238 2406 Stobaeo

128 2451 334 2540 ἐπιβαλούσης
357 2475 414 2537 pro
443 2452 683 2540 ἐπιβαλλούσης)
710 2473 806 2516 onera
839 2453 1008 2530 (honorum
1034 2451 1100 2516 καί.
1131 2472 1238 2514 muna-

127 2567 272 2643 rumqroe)
296 2571 383 2645 teque
409 2563 507 2625 ducat
533 2562 578 2625 ad
602 2585 648 2640 ea,
676 2581 755 2642 quac
776 2561 920 2641 opinione
937 2567 994 2622 teca
1015 2567 1166 2639 tanquam
1187 2579 1239 2620 no-

128 2673 260 2733 carsan'a
281 2671 441 2748 ἀπολέεται,
461 2691 539 2733 onas
559 2677 664 2733 tamen
684 2669 825 2750 deponas,
848 2687 946 2748 neque
961 2668 1061 2748 pluro
1082 2667 1238 2746 coaptas,

127 2797 222 2859 pamm
242 2787 406 2860 praestare
429 2783 545 2862 posui:
570 2797 603 2842 so
630 2776 709 2859 dost,
740 2795 829 2838 menn
859 2773 916 2835 dar
947 2773 1049 2839 Glr'e'rk
1075 2774 1127 2836 dir·
1148 2774 1241 2852 (cele

136 2887 281 2966 Wirdm,
309 2889 408 2952 θαλίας
424 2911 455 2952 τι.
471 2910 493 2952 a.
506 2889 561 2972 s.)
590 2885 747 2973 cufladct,
778 2883 850 2945 und
872 2883 991 2945 ἀπίασιν
1032 2881 1149 2946 Wahno
1182 2899 1242 2942 τινι·

128 2994 286 3057 fallerer-tn
308 2998 395 3060 docnt
415 2997 488 3077 (εἰς
515 2998 557 3061 τδ
581 2995 684 3076 δέον)
706 3013 747 3055 κα
771 2991 848 3069 dem,
875 3009 938 3052 coos
965 2989 1009 3052 du
1027 3009 1069 3052 αα
1089 2987 1242 3069 dcdrirsm

125 3101 258 3182 plaudat,
277 3105 394 3183 (mohin
416 3105 459 3170 du
477 3103 640 3168 ιοίίασούσιι
661 3105 780 3183 mogat)
804 3098 848 3161 du
876 3098 943 3176 (die
962 3097 1085 3178 Be'irdo)
1106 3093 1240 3177 allegere,

127 3209 199 3272 und
220 3212 310 3274 nicht
335 3213 431 3289 mehr,
464 3213 512 3275 als
533 3213 577 3274 du
603 3216 768 3291 oermogst,
798 3207 869 3289 auf
890 3205 960 3268 dict
988 3205 1119 3268 caedmon
1146 3203 1240 3280 collat,

128 3318 186 3397 vel,
209 3321 236 3384 si
256 3340 282 3384 ν.
301 3324 346 3405 τῷ
369 3319 469 3382 δοκεῖν
494 3321 680 3401 conjungere
700 3317 829 3380 velimus
850 3335 919 3379 oum
943 3310 1163 3378 κατατίθεσθαι
1185 3311 1241 3375 ie.

129 3427 359 3508 συστέλλεσθαι,
377 3430 421 3491 du
440 3430 510 3491 dict
527 3431 563 3490 ιἰι
586 3428 704 3492 aldeam
732 3425 848 3489 Watno
869 3426 948 3503 (αἱαὶ
967 3431 1080 3504 tragon
1101 3439 1143 3483 κα
1163 3419 1240 3482 klin-

127 3539 207 3615 nen)
236 3535 390 3621 mrisrigen
419 3537 600 3619 (gleichsam
629 3533 872 3615 nadorduckm)
899 3533 992 3596 tollat.
1034 3529 1095 3592 Vel
1122 3527 1243 3592 tandem

129 3643 283 3726 possimus
306 3647 395 3708 etiam
419 3646 521 3726 legere
542 3644 576 3707 τὸ
602 3641 702 3706 δοκεῖν
726 3639 945 3705 κατατίθεσθαι
963 3639 1137 3720 minaeum
1157 3636 1245 3716 depe

128 3772 211 3831 nere,
230 3753 340 3816 ιύειλιοα
368 3753 470 3818 Wahn
489 3753 579 3831 (dein
597 3747 879 3830 Selbrtvertrauen)
898 3746 1033 3828 atlegm.
1067 3745 1130 3808 Sed
1149 3742 1244 3824 magis

130 3860 232 3942 placet
259 3861 432 3942 explicatio,
461 3881 551 3945 quarn
580 3859 679 3942 primo
706 3857 780 3922 loco
808 3855 925 3940 posui.''
975 3853 1016 3916 At
1036 3851 1119 3916 nolle
1140 3851 1245 3913 harum

132 3969 367 4049 explicationem
396 3970 469 4032 ierri
502 3975 610 4051 potest
668 3967 807 4049 Denique
836 3961 1031 4028 Barchardus
1065 3959 1167 4022 locum
1200 3955 1245 4018 sic

129 4079 236 4141 vertit:
259 4081 355 4158 „Wer
375 4079 578 4161 wohlgemutlr
593 4077 715 4140 werden
735 4073 805 4153 will,
825 4073 902 4136 mols
919 4071 1002 4133 nicht
1019 4063 1246 4148 vietgesetoatg

130 4185 196 4250 sein
218 4189 321 4252 weder
341 4189 391 4251 fiir
411 4188 494 4250 scine
519 4187 643 4262 Person,
669 4185 749 4248 noch
779 4185 828 4245 liir
856 4182 910 4244 das
932 4177 1103 4242 diientliclre
1122 4175 1246 4249 Wescn,

131 4295 194 4358 und
216 4297 323 4374 niclrts,
344 4317 405 4359 was
425 4315 458 4359 er
484 4297 558 4372 tlrut,
590 4295 664 4357 iiber
695 4291 778 4354 seine
807 4289 908 4354 illacht
937 4287 1000 4352 und
1020 4285 1120 4348 Natur
1140 4281 1247 4344 lineus
