2956 4860
49 1743 185 1884 Tanta
219 1801 415 1904 fuerunt,
452 1799 577 1884 REX
614 1797 1013 1907 SERENlSSlME,
1052 1805 1141 1888 De-

47 1949 198 2030 mocriti
237 1952 291 2034 de
330 1951 488 2036 litteris
519 1953 696 2053 merita,
734 1964 851 2036 tanta
878 1954 924 2036 in
955 1978 1006 2035 eo
1042 1981 1140 2037 eru-

45 2093 201 2178 ditionis
238 2099 476 2208 amplitudo
510 2126 561 2182 ao
589 2100 796 2202 varietas,
835 2112 922 2184 tam
953 2103 1139 2186 sublime

44 2253 79 2322 ot
104 2257 295 2327 erectum
324 2245 412 2327 viri
437 2248 674 2355 ingenium,
692 2258 737 2330 ut
761 2274 787 2330 a
811 2250 1033 2332 veteribus
1066 2249 1139 2331 hie

45 2387 307 2502 philosophus
336 2395 453 2476 omni
484 2395 612 2478 laude
642 2395 948 2478 cumularetur.
999 2397 1140 2480 Tanta

45 2535 213 2648 deniquo
248 2543 290 2624 in
318 2545 410 2648 ejus
439 2543 610 2652 seriptis
635 2556 679 2624 et
705 2544 910 2626 orationis
936 2554 1138 2626 venustas

44 2698 77 2762 ot
113 2713 259 2772 rerum
294 2689 690 2791 excellentiores,
724 2702 773 2772 ut
807 2690 881 2771 vel
912 2690 1021 2773 haee
1048 2692 1138 2795 ejus

43 2857 205 2940 operum
250 2835 491 2946 fragmenta
524 2838 571 2920 iu
617 2837 994 2946 praestantissimis
1029 2841 1137 2920 anti-

40 2981 197 3084 quitatis
248 3011 429 3093 graecae
474 2986 671 3094 reliquiis
719 2986 985 3068 numeranda
1037 2987 1136 3068 sint.

42 3120 167 3222 Quare
196 3157 326 3215 ausus
354 3159 450 3216 sum
478 3160 587 3242 quae
619 3133 825 3242 temporis
855 3133 1136 3216 diuturnitate

39 3277 249 3363 obscurata
294 3307 344 3362 ae
389 3306 466 3390 per
516 3281 673 3364 rrrrrltos
718 3282 948 3390 scriptores
991 3305 1137 3389 sparsa

38 3439 158 3526 orant,
188 3428 317 3510 eain
345 3455 479 3510 unum
505 3454 658 3540 eorpus
684 3429 859 3511 redacta
887 3454 937 3509 ao
966 3451 1044 3536 pro
1071 3427 1137 3508 vi-

39 3571 142 3658 ribus
184 3576 415 3660 emendata
455 3591 499 3659 et
543 3577 773 3684 explanata
809 3573 974 3684 Regiae
1014 3575 1137 3656 Tuae

38 3715 242 3826 Majestati
272 3724 474 3806 dedicare
504 3748 554 3804 ae
577 3722 665 3803 Tui
694 3723 881 3804 nominis
908 3722 1136 3831 splendore

40 3864 260 3954 iilustrare.
318 3869 464 3976 Neque
496 3871 613 3953 enim
632 3869 746 3954 ullus
775 3895 855 3979 per
883 3880 1021 3951 totum
1051 3879 1136 3950 tor-

41 4037 171 4099 rarum
201 4019 352 4100 orbem
388 4016 518 4098 hodie
548 4017 747 4126 princeps
778 4017 946 4124 estqui
976 4017 1136 4120 majore

41 4173 75 4240 et
97 4163 273 4275 ingenio
313 4178 357 4247 et
393 4163 588 4248 doctrina
615 4163 868 4273 conspicuus
897 4165 1138 4274 priscorum

42 4313 302 4396 saooulorum
344 4313 597 4424 sapientiam
621 4338 744 4440 'euru
779 4329 951 4396 nostrae
987 4313 1138 4395 aetatis
