2892 4872
286 324 330 388 82
617 320 814 386 Qnmationrm
832 321 1065 378 Democriteum

289 488 425 554 homines
439 485 653 562 existimabant,
674 483 842 548 disserendi
861 487 992 549 artifices
1014 485 1190 548 evaderent:
1211 481 1384 562 secundill)

290 597 337 660 vel
372 597 451 659 tertii
482 594 595 658 saeculi
633 594 798 674 sophistam
831 595 937 656 harum
970 595 1215 657 lucubrationum
1245 601 1387 656 arrctorem

291 725 357 768 esse
377 704 420 764 illi
443 723 521 784 quos
542 701 632 763 citavi
654 701 711 762 viri
731 701 814 762 docti
840 701 897 764 sibi
920 709 1145 783 persuaserunt
1191 707 1276 784 Quae
1296 721 1388 782 quara·

289 814 335 876 uls
357 812 398 873 ita
417 831 450 872 se
470 810 606 886 habemrt,
637 815 735 870 tamen
759 817 849 890 caput
871 811 915 872 rei
938 831 1042 874 eornm
1068 812 1119 893 qui
1142 811 1180 872 de
1202 811 1247 873 his
1266 807 1388 888 epistolis

290 916 559 1000 scripserantw),
586 916 734 978 neminem
761 917 872 979 vidisse
900 920 1050 982 miramur.
1092 919 1209 982 Etenim
1237 916 1389 982 Democriti

290 1035 426 1107 tempore
455 1025 617 1087 Abderitae
647 1025 781 1086 nondum
811 1046 868 1105 pro
895 1027 994 1090 stultis
1022 1027 1217 1091 habebantur.
1259 1027 1322 1088 Nec
1345 1024 1390 1083 nri-

291 1156 365 1198 ruur.
411 1135 490 1195 Nam
521 1134 546 1194 si
575 1140 657 1193 recte
683 1132 770 1194 lactis
801 1133 867 1196 laus
897 1141 928 1196 ct
955 1137 1054 1197 lronos
1076 1137 1220 1210 debetur,
1244 1131 1390 1195 iumrortali

290 1245 387 1324 gloria
411 1241 584 1320 dignissima
612 1240 667 1302 luit
696 1240 833 1318 Abdera,
862 1243 1007 1324 siquidem
1037 1263 1178 1323 maguum
1202 1244 1346 1306 clarorum
1365 1240 1390 1300 in

290 1352 397 1412 litteris
418 1351 552 1410 virorum
574 1355 753 1427 proventum
775 1369 869 1429 parva
897 1351 972 1412 haec
994 1351 1104 1414 tulerat
1123 1351 1238 1414 civitas.
1283 1349 1390 1432 Quippe

292 1458 412 1540 plurimi
435 1455 598 1518 Abderitae
618 1457 655 1516 ah
678 1456 714 1518 iis
736 1457 787 1538 qrri
816 1457 975 1520 illustrium
994 1459 1128 1522 virorum
1154 1460 1309 1538 catalogos
1330 1475 1391 1518 con-

291 1566 446 1640 iecerunt,
474 1565 786 1643 tractant-aboutur⁸¹).
841 1570 928 1647 Quos
957 1569 1035 1630 inter
1056 1573 1180 1646 practer
1200 1569 1390 1629 lleruoctitum

290 1675 475 1752 Protagoras
498 1679 528 1732 et
550 1669 746 1734 Anaxarchus
767 1673 1139 1754 philosoplri,llecataeus
1160 1673 1391 1749 ilistoriarum·

291 1787 442 1853 caenetus,
460 1778 654 1838 heroicorum
668 1779 831 1841 carminum
845 1781 986 1862 scriptor,
1001 1783 1123 1845 nomina
1146 1803 1203 1846 soa
1225 1784 1389 1865 profiteban-

288 1895 346 1948 tnr.
403 1885 512 1965 Neque
539 1903 613 1946 vero
643 1885 753 1948 desunt
785 1887 846 1950 loci
873 1889 902 1949 in
927 1895 1063 1952 veterum
1096 1893 1235 1974 scriptis,
1262 1912 1335 1974 qnos
1357 1889 1390 1950 ad

288 1991 429 2054 Abderae
457 1991 575 2052 landem
605 1994 707 2071 potins
733 2016 822 2076 qnam
845 1996 1096 2076 vituperationem
1123 2004 1250 2063 reseras.
1293 2001 1389 2076 llojus-

288 2100 372 2162 rnodi
393 2105 464 2161 suut
488 2097 540 2160 illa
569 2120 645 2181 quae
665 2104 745 2181 apud
765 2102 1008 2185 Strabonorn⁴²)
1038 2105 1168 2187 legimus
1197 2111 1301 2172 verba:
1338 2102 1389 2168 liei

288 2207 308 2291 ἡ
329 2203 415 2273 Τέως
429 2203 480 2287 13)
508 2205 543 2268 δὲ
576 2205 624 2268 ἐπὶ
646 2204 847 2293 Χεξιρονήσου
869 2209 999 2294 ἵδρυται,
1019 2213 1127 2298 λιμένα
1152 2215 1284 2302 ἔχουσα·
1314 2212 1387 2276 ἔνθεν

288 2361 490 2375 *-

359 2455 398 2517 ³⁹)
422 2453 542 2506 secundo
570 2456 678 2506 soeculo
703 2455 751 2507 has
778 2458 905 2522 epistolas
930 2461 1050 2512 nondum
1077 2464 1161 2514 scrihi
1187 2463 1305 2528 potuisse
1331 2457 1388 2508 intra

288 2535 411 2601 pluribus
429 2535 521 2588 verbis
539 2535 723 2600 probabimus¹

359 2627 398 2690 ⁴⁰)
420 2627 575 2678 Postremus
598 2629 639 2678 est
666 2628 764 2679 Theod.
790 2630 833 2680 Ca.
853 2630 973 2681 Schmidt
999 2635 1042 2698 qrri
1064 2647 1209 2686 consuram
1230 2633 1387 2698 epistolarum

288 2723 358 2775 qrrac
377 2709 531 2772 hippocrati
553 2708 707 2758 tribuuntur
728 2707 893 2760 letrae1813
914 2713 1003 2763 edidit.

359 2801 399 2864 Η)
421 2801 572 2864 Stcplmuus
588 2800 731 2862 Byzantius
752 2815 773 2851 s.
791 2815 816 2850 v.
839 2797 975 2872 Ἄβδηρα·
1001 2800 1120 2856 Πλεῖστοι
1139 2803 1165 2857 δ’
1183 2788 1333 2874 Ἀβδηρῑτοιῖ
1345 2791 1386 2848 ὕπὸ

287 2885 340 2932 τῶν
353 2881 555 2951 πινσιιογράφοιν
569 2879 769 2950 ἀναγράφοντοι.
778 2875 930 2940 Νικαίνετος
945 2883 1127 2944 inocciduam
1137 2875 1386 2957 lipoeapdparml·

357 2973 398 3036 Μ)
420 2971 517 3022 Strabo
536 2971 580 3024 lib.
598 2973 654 3022 XlV
673 2987 697 3036 p.
714 2969 763 3021 644
786 2976 808 3039 5.
829 2971 863 3026 30
886 2975 927 3026 cd.
948 2976 1068 3028 Siehenlr.
1091 2985 1118 3030 et
1136 2979 1281 3031 Tzschuelr.

359 3065 399 3126 ⁴³)
422 3065 476 3128 Teji
497 3065 583 3126 enim,
608 3067 638 3114 ut
662 3065 744 3115 trudit
766 3067 919 3119 Herodotus
940 3069 983 3120 lib.
1002 3072 1019 3130 1,
1044 3068 1100 3132 triu,
1126 3073 1285 3136 simtrlatqne
1303 3066 1385 3118 urbem

287 3157 364 3194 satam
387 3159 435 3208 per
457 3159 581 3210 aggerem
598 3145 632 3195 ab
647 3145 777 3210 harpago,
798 3148 859 3210 Cyri
878 3152 993 3212 satrape,
1013 3157 1120 3214 captam
1140 3153 1278 3214 uiderunt,
1303 3157 1384 3198 omnes

287 3225 360 3274 rasis
386 3225 504 3276 collectis
531 3229 558 3277 et
581 3227 737 3276 conscensis
759 3228 874 3280 naribus
901 3231 927 3279 in
955 3232 1095 3282 Thracium
1119 3235 1281 3297 trajecerunt
1307 3229 1384 3291 ibique

288 3302 377 3353 denuo
396 3306 575 3358 condiderunt
594 3307 736 3369 Abderam,
759 3321 840 3372 quam
860 3310 920 3361 olim
933 3313 1063 3364 Timesius
1084 3315 1267 3366 Clazomenius
1286 3308 1384 3362 lundam

287 3395 430 3446 aggressus
444 3390 509 3436 erat.
543 3389 666 3451 Teiorum
686 3388 790 3438 colonia
810 3389 878 3442 lacta
898 3397 939 3444 est
953 3394 1059 3446 abdera
1080 3401 1190 3448 centum
1209 3399 1236 3448 et
1256 3389 1383 3446 duodecim

287 3464 364 3513 annis
382 3468 444 3526 post
460 3462 693 3518 Clazomeniorum
713 3469 867 3532 adventurn,
884 3473 937 3523 hoc
955 3479 1004 3536 est,
1024 3477 1125 3539 Olpmp.
1144 3474 1263 3526 osanna
1281 3471 1293 3523 1
1312 3462 1382 3520 selle

287 3542 323 3592 Cf.
345 3543 421 3594 Voss.
440 3547 475 3594 ad
494 3547 585 3610 Pomp.
606 3549 662 3598 hlei.
682 3547 742 3610 119.
770 3555 796 3600 et
812 3554 921 3604 Salmas.
940 3557 1047 3607 Plinian.
1066 3557 1177 3608 Exercit.
1197 3559 1222 3607 in
1245 3557 1318 3606 satin.
1336 3551 1382 3598 Ρο-

286 3625 375 3687 lyhist.
396 3625 456 3675 cx
477 3640 502 3689 p.
524 3625 571 3677 114
597 3629 637 3680 cd.
658 3630 746 3694 UltraJ'.
774 3633 934 3686 Clazomenii
955 3641 1044 3688 autem
1063 3633 1383 3700 Olympiadis'trigesimao

285 3705 389 3766 primae
414 3706 498 3756 altero
524 3721 593 3759 anno
614 3709 695 3762 rebus
712 3714 768 3763 suis
789 3714 946 3766 florentibus
970 3717 1022 3768 huc
1049 3719 1178 3769 miserant
1200 3719 1325 3770 coloniam
1341 3710 1382 3758 li-

285 3784 370 3834 meaio
397 3784 467 3836 draco
492 3802 571 3852 quern
599 3791 636 3840 uit
653 3791 804 3844 Herodotus
830 3797 930 3846 nrrllum
951 3799 1011 3848 iude
1034 3800 1149 3849 fructum
1166 3801 1323 3863 percepisse,
1341 3787 1382 3841 sed

286 3876 301 3911 a
323 3863 471 3916 Thracibus
492 3881 552 3920 esse
572 3870 719 3933 expulsum.
757 3873 884 3926 Herodoti
905 3878 989 3928 rerba
1007 3885 1086 3930 sunt:
1107 3878 1270 3950 παραπλήσια
1288 3875 1313 3926 δὲ
1332 3867 1380 3920 τοί-

283 3957 349 3992 σοισι
369 3939 499 4014 κσ1’1’ήίὀι
517 3945 653 4016 tarincas·
672 3949 769 4002 ἐπείτε
786 3954 834 4023 γάρ
856 3972 942 4026 σφεων
962 3956 1015 4009 εἷλε
1028 3958 1133 4028 priapum
1152 3957 1181 4008 τὸ
1198 3964 1281 4030 τσῖγος
1294 3950 1379 4022 'nihil'

283 4031 338 4089 pot,
358 4022 477 4092 ἐςβάντες
495 4027 588 4086 πάντες
609 4029 635 4088 ἐς
659 4029 691 4081 rai
714 4029 792 4082 πλοῖα
811 4031 912 4106 οἴχοντο
932 4020 1052 4095 πλέοντος
1074 4038 1115 4089 ἐπὶ
1133 4043 1178 4108 τῆς
1200 4020 1327 4110 θρήϊκίης,
1343 4026 1380 4078 ²²⁸²

284 4098 395 4154 totunm
417 4103 519 4159 ἔκτισαν
546 4108 619 4161 πόλιν
637 4107 773 4183 Ἄβδηρα·
796 4114 842 4184 τὴν
860 4115 982 4188 πρότερος
999 4117 1100 4170 reiron
1121 4115 1294 4188 Κλαζομένιος
1311 4107 1379 4176 'still‘

283 4197 337 4238 σιος
361 4182 449 4244 κτίσας
476 4185 524 4240 oriar
548 4189 685 4260 ἀπώνητο,
709 4189 770 4243 ἀλλ’
801 4191 850 4246 ὑπὸ
877 4193 999 4268 Θρηΐκιον
1026 4195 1154 4261 ἐξελαθεὶς
1177 4199 1251 4268 τιμάς
1273 4201 1315 4249 νῦν
1336 4183 1377 4240 tri

282 4257 372 4332 Talon
391 4270 443 4318 τῶν
465 4269 491 4320 ἐν
507 4266 658 4342 Ἀβδήροισι
675 4271 712 4332 ὡς
730 4271 800 4344 ἥρως
820 4273 882 4346 ἔχοι.
