2892 4872
388 329 473 384 Liber
493 329 514 388 l.
552 329 596 384 Dc
616 327 767 386 Democriti
786 331 853 389 vita.
1137 331 1181 402 89
1302 335 1304 342 '

79 496 206 578 eligendo
226 497 257 560 id
281 497 364 581 quod
385 497 540 560 minimum
561 505 649 576 esset,
683 497 819 580 elegisse.
869 498 932 563 Sed
959 501 985 564 si
1006 503 1085 566 torte
1105 504 1180 569 haec

78 605 289 670 narratiuncula
313 625 387 670 vera
406 612 461 683 est,
491 607 648 690 quodvis
678 609 855 686 putaverim,
883 610 1075 674 statuendum
1096 613 1179 678 vide-

78 719 129 790 tur,
145 714 251 778 malam
268 715 296 778 ei
318 715 462 796 obtigisse
483 717 644 796 conjugem
676 735 754 798 quae
776 715 918 794 effecerit,
941 725 975 780 ut
995 720 1121 784 cumino
1141 723 1179 785 de

77 823 209 904 conjugio
230 830 262 886 et
282 825 320 894 de
342 823 474 887 ienriueo
493 843 569 886 sexu
591 842 699 904 parum
717 823 888 887 honorifice
907 827 1041 889 sentiret

150 930 196 992 De
215 931 390 1015 philosophi
410 933 500 1013 hujus
519 930 605 995 obitu
626 937 678 994 ant
697 951 824 1012 prorsus
844 931 919 994 nihil
937 938 988 996 aut
1005 941 1088 996 certe
1106 935 1181 1000 nihil

75 1035 197 1100 notabile
220 1039 351 1104 relatum
371 1040 529 1121 legebatur
550 1039 582 1100 in
603 1036 790 1103 Antisthenis
813 1040 902 1116 libro,
928 1059 966 1101 ex
987 1061 1048 1124 quo
1068 1042 1182 1124 Dioge·

74 1161 135 1206 nem
155 1149 323 1212 certissima
346 1167 483 1231 quaeque
513 1147 551 1210 de
571 1147 740 1210 Democriti
772 1147 834 1209 vita
856 1147 1022 1228 protulisse
1043 1149 1181 1214 vidimus.

75 1250 174 1336 Neque
193 1258 274 1320 enim
295 1257 476 1335 dubitamus,
494 1255 567 1339 quin
589 1255 616 1318 si
637 1255 709 1338 quid
731 1261 901 1319 memoratu
923 1255 1046 1337 dignum
1067 1259 1123 1322 hac
1143 1261 1181 1323 de

75 1377 104 1421 re
123 1362 162 1424 ihi
181 1365 325 1428 traditum
346 1365 510 1446 reperisset
530 1365 677 1442 Laertius,
696 1363 728 1425 id
746 1363 838 1428 tuerit
857 1372 1087 1430 memoraturus.
1128 1367 1183 1430 At-

75 1468 121 1548 qui
139 1471 196 1534 hcc
217 1474 318 1556 ipsum
339 1471 525 1537 Antisthenis
544 1473 696 1537 silentium
719 1471 832 1536 indicio
855 1478 911 1546 est,
931 1491 994 1535 non
1018 1493 1087 1537 esse
1109 1495 1182 1539 vera

75 1575 211 1644 mirabilia
249 1583 303 1644 illa
329 1601 407 1666 quae
443 1583 482 1644 ab
513 1581 681 1663 Hermippo
712 1579 915 1661 Peripatetico
934 1577 981 1660 ³),
1015 1581 1183 1661 Athenaeo,

75 1683 217 1766 lucretio,
240 1690 389 1768 Lucieno,
406 1689 589 1771 Phlegonte,
610 1691 716 1752 Marco
730 1687 896 1764 Antonino,
908 1686 1041 1752 Antonio
1060 1689 1185 1753 Melissa

76 1793 266 1877 tillaximo,
292 1797 418 1880 aliisque
441 1798 495 1882 qui
518 1797 557 1861 ad
579 1798 688 1860 horum
715 1796 886 1858 testimonia
906 1815 940 1858 se
961 1797 1183 1878 applicucnunt,

74 1899 183 1968 dehoc
209 1913 392 1987 argumento
421 1911 542 1968 narrata
571 1913 652 1968 sunt.
700 1905 882 1985 Hermippus
912 1905 994 1984 apud
1014 1907 1183 1988 Diogenem

72 2011 211 2076 laertium
227 2013 262 2096 ⁴)
292 2019 399 2077 auctor
428 2021 482 2092 est,
516 2012 728 2077 Democritum
760 2011 845 2075 senio
880 2013 1052 2076 coniectum
1090 2001 1184 2098 quum

73 2121 154 2182 morti
173 2121 335 2203 proximus
353 2130 440 2198 esset,
463 2141 525 2205 quo
548 2129 687 2202 tempore
698 2119 836 2182 Cerealia
855 2119 1007 2200 uastarent,
1026 2129 1183 2186 moerente

74 2243 180 2308 sorore,
202 2229 291 2313 quod
315 2231 407 2292 tratre
434 2229 466 2290 in
488 2230 565 2292 iesta
589 2228 641 2289 illa
668 2226 843 2291 celebritate
867 2227 1016 2292 morituro
1048 2231 1113 2312 ipsa
1134 2232 1185 2293 de-

74 2333 158 2398 bitum
176 2339 258 2402 deae
280 2337 414 2402 officium
434 2343 588 2418 praestare
610 2335 758 2418 nequiret,
781 2335 865 2400 bono
887 2335 968 2398 illam
994 2337 1093 2401 animo
1116 2359 1184 2401 esse

75 2442 186 2516 iussisse
206 2465 368 2530 panesque
390 2445 506 2509 calidos
533 2444 591 2508 sibi
613 2444 748 2526 quotidie
769 2447 889 2508 afferre:
920 2464 998 2529 quos
1020 2465 1113 2527 quum
1133 2465 1186 2508 na-

74 2549 148 2617 nhus
166 2555 366 2633 admovisset,
392 2559 591 2620 consecutum
607 2573 685 2642 esse,
715 2561 748 2616 ut
767 2554 910 2637 quamdiu
933 2559 1014 2615 esset
1035 2554 1085 2616 illa
1108 2553 1181 2616 cele

73 2658 165 2742 δήιοι,
186 2666 294 2728 vivum
314 2683 349 2728 se
369 2668 512 2727 servaret
560 2661 624 2725 Sed
648 2661 703 2724 uhi
727 2667 789 2724 tres
812 2662 877 2724 dies
899 2660 968 2724 testi
988 2661 1186 2735 transiissent,

74 2770 254 2851 quietissime
280 2773 426 2853 nulloque
456 2770 563 2834 dolore
589 2769 717 2832 animam
746 2769 873 2832 efflasse.
921 2767 1013 2850 Quod
1044 2775 1185 2830 eventum

74 2895 169 2944 vanum
188 2899 261 2946 csse
290 2885 372 2944 ratus
396 2879 620 2962 admiratusque
643 2878 800 2958 Diogenes
813 2875 844 2959 ⁵)
865 2876 922 2940 hos
943 2877 981 2938 dc
1006 2873 1185 2938 Democrito

74 3002 170 3053 tersus
193 2991 224 3054 in
252 2989 422 3051 Pammetro
442 3007 499 3069 per
520 2988 622 3052 lusum
642 2986 735 3048 fudit:

213 3091 272 3152 Kal
286 3095 323 3154 τίς
342 3095 391 3168 lqa
414 3093 493 3167 σορδς
512 3093 575 3159 duit,
592 3091 630 3151 τές
651 3091 725 3165 έργον
747 3090 817 3164 έριξε
834 3098 969 3156 τοσοῦτον,

264 3171 362 3229 Ὄσσαν
385 3173 399 3228 δ
419 3173 567 3246 παντοδαὴς
588 3173 687 3244 phaace
708 3170 885 3246 Δημόκριτος;

208 3251 264 3316 'Dc
282 3253 396 3308 θάνατον
416 3255 544 3328 παριόντα
567 3254 619 3326 τρί’
642 3254 729 3326 ἤματα
750 3253 867 3324 δώμασιν
889 3255 949 3324 iope

271 3333 324 3396 Καὶ
341 3337 448 3411 διρμοῑς
466 3335 551 3410 ἄρτιον
572 3333 701 3406 ἅσδμασιν
724 3334 828 3398 litaret.

77 3461 269 3483 Q...—

141 3555 162 3620 1λ
184 3557 222 3612 Da
245 3558 297 3608 hoc
313 3557 374 3608 vida
391 3557 493 3621 Μανιος.
514 3556 549 3607 ad
564 3557 639 3622 Dtog.
659 3556 745 3606 Laeui.
766 3556 795 3616 ll,
815 3550 857 3604 55.

141 3647 163 3710 ⁴)
181 3649 256 3714 Diog
276 3651 361 3700 Laert.
375 3649 417 3712 ill,
436 3645 485 3698 43:
513 3645 663 3718 τιλιοτῆσσι
692 3643 720 3698 δέ
744 3641 787 3696 τὸν
806 3637 968 3714 Δημόκριτόν
988 3655 1064 3712 φησιν
1078 3633 1188 3710 Ἕρμιπ·

78 3733 228 3782 1ῑνςιοδτον
246 3727 292 3780 adv
308 3727 413 3800 τρόπον.
437 3725 507 3799 Ἤδη
523 3727 675 3802 δπέρρηροιν
696 3724 759 3778 ὄντα
777 3724 840 3800 πρὸς
858 3725 895 3794 τῷ
913 3721 1097 3793 καταστρέφω
1113 3719 1189 3772 εἶναι.

78 3797 126 3875 Τὴν
147 3808 192 3860 οδν
220 3807 337 3882 ἀδελφὴν
362 3808 508 3868 λυπεῖσθαι.
535 3807 573 3863 ὅτι
596 3811 622 3863 έν
645 3813 677 3882 τῇ
703 3811 757 3860 τῶν
782 3803 969 3877 Θισμοφορέοιν
1001 3801 1075 3873 δορτῇ
1098 3797 1190 3868 μέλλοι

79 3885 249 3960 “Mitem
276 3893 322 3942 ml
344 3894 375 3964 τῇ
400 3889 454 3962 διῷ
480 3890 510 3944 τὸ
527 3889 646 3962 καθῆκον
667 3887 748 3961 altaha
769 3886 800 3940 οδ
818 3887 949 3956 ποέησιιν·
969 3880 1014 3936 τὸν
1033 3881 1061 3934 δέ
1082 3877 1189 3951 haphar

80 3962 151 4019 tlraeht
175 3972 221 4023 καὶ
245 3969 367 4024 κελεῦσαι
394 3968 464 4042 alarqi
487 3972 640 4045 προσφέρειν
669 3971 761 4044 έρτοος
781 3967 894 4040 lappas:
914 3963 1057 4034 ὁσημέραι·
1080 3959 1189 4017 τοδτοος

81 4039 109 4113 lh
123 4051 177 4107 ταῖς
196 4047 247 4121 ῥισὶ
262 4052 417 4123 προσφέρων
432 4049 597 4126 διεκράτησεν
616 4050 693 4105 αὑτὸν
712 4051 759 4123 τὴν
779 4049 879 4121 ἑορτήν.
913 4043 986 4098 Ἐπεὶ
1006 4041 1034 4096 hl
1055 4041 1190 4116 παρῆλθον

80 4123 104 4174 ‘l
118 4126 211 4200 ἡμέραν
230 4135 305 4203 (τρεῖς
325 4131 353 4186 hl
372 4132 448 4204 ἦσαν)
466 4133 615 4187 ἀλυπότατα
632 4133 676 4185 τὸν
698 4132 755 4203 βίον
774 4131 918 4202 προήκατο.

145 4219 169 4284 'l
192 4224 265 4290 Dios.
286 4227 372 4278 Loart.
400 4227 415 4276 l.
437 4241 459 4280 c.
486 4225 560 4296 ἡμεῖς
586 4241 615 4278 τι
643 4224 679 4284 sis
705 4221 783 4277 αδτδν
811 4222 838 4277 έν
867 4223 898 4294 τῇ
927 4215 1072 4288 παμμέτριρ
1096 4217 1190 4268 τοῦτον

82 4291 234 4370 lnotqaaqm
258 4303 302 4358 τὸν
323 4302 428 4376 τρόπον.
