2938 4864
297 295 362 360 258
632 289 829 354 Quaestionum
854 285 1088 342 Demeritearnn

301 463 412 544 legitur
432 456 656 544 δμπολοίίοοσι,
682 473 772 539 quern
800 471 937 518 errorem
968 453 999 516 in
1027 471 1116 516 snum
1137 453 1251 518 librum
1270 455 1407 518 transtulit

301 569 435 633 Orellius
458 588 488 647 p.
511 568 571 630 llb
596 585 624 628 u.
650 566 719 627 121.
761 561 870 624 Ultium
890 562 982 644 vulgo
1004 562 1048 624 sic
1070 562 1323 644 interpretantur:
1343 563 1408 638 „scd

302 677 362 758 ipsi
386 677 460 738 haec
481 694 535 756 per
556 673 663 736 irretitis
685 671 863 734 caecitatem
886 679 916 732 et
937 671 1138 752 ignorantium
1161 671 1219 733 sibi
1233 667 1409 733 eorucilioul.'’

302 786 392 850 Male.
421 782 517 846 Paulo
538 781 651 843 rectius
662 779 874 842 Burcbordus:
893 779 1046 855 „soudcru
1068 779 1118 840 die
1140 779 1306 842 llleuscheu
1327 777 1411 839 selbst

303 894 417 956 uliheru
437 890 500 954 sich
521 887 694 950 demselbeu
720 887 814 949 durch
837 886 885 949 die
906 885 1059 948 Riiudbeit
1080 887 1137 950 des
1157 887 1279 949 Geistes
1298 886 1358 949 und
1373 885 1412 944 ih-

303 1021 357 1062 ren
378 996 590 1060 llrrverstaud.''
633 995 679 1058 Ad
703 993 879 1056 seruientium
910 993 993 1076 quod
1013 995 1129 1072 nltiuet,
1151 1016 1222 1058 oum
1243 993 1341 1058 verbis
1362 996 1413 1054 llu-

306 1106 460 1170 mocriteis
475 1115 559 1168 recte
579 1101 766 1183 comparavit
778 1103 973 1166 Burcbardus
993 1103 1188 1184 Pythagorae
1210 1103 1322 1165 dictum
1342 1100 1413 1180 apud

304 1214 461 1278 Janublich.
482 1213 513 1274 iu
531 1213 596 1292 ejus
613 1211 673 1274 vite
698 1229 724 1271 ο.
742 1211 798 1271 32:
828 1210 857 1271 οί
886 1209 954 1274 beni
982 1215 1041 1272 τῶν
1070 1217 1176 1274 κακῶν
1202 1211 1276 1274 εἰσιν
1297 1208 1413 1270 ἀναίτιοι

305 1329 336 1386 et
356 1324 478 1384 Homer.
498 1320 556 1382 Od.
581 1315 619 1392 α’,
638 1317 791 1398 3‘2seqq.:
805 1313 846 1380 Ὦ
868 1316 974 1398 πόποι,
996 1317 1059 1381 οἶον
1083 1319 1122 1402 δή
1146 1341 1183 1382 νο
1207 1315 1300 1384 leotz
1322 1313 1413 1400 βροτοὶ

307 1425 494 1490 αἰτιόωνταιί
527 1425 558 1497 ἐξ
580 1423 687 1508 ἡμέων
709 1425 766 1507 γάρ
792 1447 867 1510 φασι
889 1423 962 1489 κάκ’
984 1424 1130 1508 ἔμμεναι·
1156 1426 1187 1488 oi
1209 1423 1317 1488 δὲκαὶ
1339 1419 1413 1484 αὐτοὶ

308 1534 421 1622 σφῇσιν
443 1533 663 1616 ἀτασθαλίῃσιν
688 1529 861 1616 ὑπέρμορον
885 1531 973 1616 ἄλγε’
995 1531 1130 1618 ἔχουσιν.

394 1645 441 1706 ll.
479 1638 661 1724 Ἀνδρωποι
680 1661 697 1702 e
718 1641 809 1704 codd.
830 1648 913 1704 recte
935 1643 972 1705 ab
998 1645 1151 1706 lleerenio
1175 1643 1290 1705 edimur
1311 1643 1412 1716 estpro

307 1751 473 1836 ἀνθρώπου
501 1770 549 1829 ap.
581 1751 702 1814 Gnnler.
758 1751 840 1812 ldem
868 1748 940 1834 βαιὰ
962 1751 1085 1832 scripsit
1107 1773 1167 1834 pro
1191 1747 1277 1836 βαιᾷ.
1321 1747 1412 1808 Surula

306 1859 425 1924 videtur
441 1858 516 1920 hooc
538 1857 686 1920 sententia
707 1877 724 1920 ο
750 1858 909 1938 prooemio
935 1863 994 1920 τῶν
1014 1855 1218 1944 ’λ’ποίληκῶν,
1239 1856 1322 1940 quod
1346 1867 1412 1930 opus

306 1988 369 2030 non
388 1966 541 2028 diversum
562 1964 654 2026 luisse
682 1966 941 2029 ueouuneutariis
968 1966 1074 2030 ethicis
1096 1989 1194 2050 supra
1216 1967 1285 2030 libr.
1302 1965 1329 2025 ll
1353 1977 1413 2020 uuu-

302 2076 442 2156 Jeoimus
468 2071 522 2136 ubi
547 2072 637 2134 simul
660 2073 759 2154 ipsum
783 2074 941 2137 exordium
967 2095 1004 2136 ex
1033 2075 1159 2138 Eusebii
1185 2077 1295 2155 Prnep.
1314 2071 1412 2144 Evaug.

306 2184 393 2260 xlv,
415 2184 454 2244 27
476 2201 506 2260 p.
528 2183 589 2242 782
611 2182 802 2259 protulimus.

394 2293 443 2353 15.
486 2287 558 2350 lnde
587 2307 606 2348 a
633 2288 733 2352 vorbis
761 2288 852 2372 φύσις
878 2287 913 2350 δὲ
945 2287 1097 2373 αὐτάρκης
1123 2289 1283 2376 usquead
1304 2281 1412 2349 ἐλπίδος

307 2407 439 2462 ueterem
471 2395 593 2457 Canteri
623 2395 785 2460 lectionem
827 2397 1036 2460 revocavimus
1074 2417 1136 2460 non
1172 2399 1351 2464 intellectam
1381 2387 1411 2447 ab

307 2505 467 2580 Heerenio‚
488 2502 606 2566 Orellio
630 2510 660 2566 et
680 2505 866 2568 burchardo.
910 2508 1012 2569 Locus
1031 2507 1069 2568 ad
1089 2507 1218 2571 verbum
1240 2507 1285 2570 sic
1308 2506 1336 2566 iu
1356 2497 1410 2562 loti-

307 2635 379 2678 uum
399 2611 626 2675 transferendus
651 2620 711 2674 est:
756 2623 806 2689 „st
834 2613 984 2694 ingenium
1008 2615 1066 2676 sibi
1088 2614 1146 2694 ipsi
1167 2615 1295 2688 sullicit3
1323 2627 1410 2693 quom·

308 2721 413 2784 obreru
431 2717 598 2780 minoribus
613 2725 643 2780 et
657 2721 746 2782 certis
761 2721 826 2800 spei
839 2723 953 2800 majora
964 2721 1111 2802 superat'’
1130 2723 1160 2784 id
1180 2731 1236 2800 est,
1253 2713 1409 2801 (uuagmuu)

307 2827 461 2908 ingenium
483 2825 546 2888 suis
569 2825 683 2889 viribus
704 2828 824 2908 pollens
841 2851 939 2912 neque
960 2830 1057 2892 nlieuo
1075 2850 1135 2910 ope
1159 2832 1300 2913 indiguus
1321 2828 1349 2888 iu
1368 2819 1411 2883 rui-

306 2935 443 3012 notibus,
456 2933 482 2996 si
501 2939 585 2996 corta
601 2933 668 3012 siut,
684 2936 850 3016 acquiescit
870 2957 969 3020 neque
983 2938 1130 3018 ampliore
1144 2941 1286 3002 fortunae
1301 2945 1410 2996 nuurruro

307 3043 466 3118 desideret,
489 3041 520 3102 in
541 3040 649 3123 quibus
670 3043 828 3122 sperandis
840 3047 944 3128 (alque
963 3047 1154 3128 appetendis)
1171 3053 1236 3110 tote
1257 3039 1409 3124 vulgarium

306 3151 460 3213 hominurn
482 3149 543 3210 vitu
564 3149 758 3212 eonsumitur.
791 3151 945 3232 Quocirca
967 3153 1171 3234 improbaturus
1193 3151 1335 3218 lleereuii
1355 3143 1410 3224 opi-

306 3257 438 3333 nionem,
467 3256 519 3339 qui
541 3257 617 3318 hanc
642 3256 820 3318 sententiam
843 3261 1021 3325 Democrito
1050 3263 1163 3340 tribuit,
1185 3265 1344 3332 fortunam,
1362 3246 1408 3314 elli

305 3361 452 3425 bustobilis
474 3363 522 3440 sit,
544 3383 582 3426 eo
606 3369 704 3426 tameo
727 3364 847 3429 vincere
871 3367 991 3448 ingenia
1012 3371 1177 3450 homirnum,
1203 3369 1289 3455 quod
1313 3373 1408 3440 magur

304 3470 469 3554 promittat
515 3469 598 3532 idem
624 3469 737 3532 infelici
770 3477 947 3554 conjectura
979 3477 1084 3562 διόπερ
1115 3476 1183 3562 νικᾷ
1211 3483 1255 3542 τῶ
1288 3475 1408 3556 honoros·

305 3577 357 3639 mi
379 3575 517 3660 ἅβεβαίω
539 3575 573 3640 ti
597 3578 701 3659 μεῖζον
730 3583 784 3662 τῆς
811 3579 934 3652 ἐλπίδος
961 3586 1010 3648 hic
1031 3586 1177 3667 reposuit,
1201 3607 1267 3648 eam
1288 3568 1406 3644 librariis

306 3685 424 3749 ionicae
446 3683 565 3748 dialecti
592 3684 742 3748 inscitiam
763 3689 919 3770 effingens
946 3695 1033 3772 cujus
1060 3694 1092 3755 in
1119 3695 1175 3756 hac
1196 3696 1262 3773 ejus
1281 3680 1405 3752 enrcndo·

304 3793 387 3856 tioue
420 3794 494 3856 satis
527 3793 684 3856 manifesta
717 3796 844 3876 vestigia
872 3807 950 3862 sunt.
1002 3802 1184 3864 lleerooium
1216 3803 1336 3865 secutus
1367 3787 1405 3846 esi

306 3900 448 3964 Orellius
488 3899 682 3963 Burchordus
708 3910 831 3980 praeter
853 3907 1062 3970 necessitatem
1082 3907 1228 3992 φρόνησις
1249 3925 1305 3988 pro
1327 3895 1404 3982 plut

302 4008 364 4087 legi
379 4008 476 4086 jubet,
507 4015 602 4072 totum
632 4008 832 4087 fragmentum
861 4014 906 4076 sic
938 4015 1152 4096 interpretans:
1186 4018 1235 4079 die
1254 4009 1352 4093 'lycbe
1371 4000 1403 4060 isi

304 4115 349 4175 olt
369 4115 422 4178 ruit
443 4119 565 4196 grosseu
589 4116 787 4180 Geschoulten
811 4121 967 4203 freigebig‚
996 4123 1071 4186 aber
1096 4125 1175 4188 ohne
1196 4116 1333 4191 Bostoud,
1352 4119 1402 4170 11¹¹r

302 4220 351 4284 die
372 4221 461 4302 lrluge
480 4223 692 4306 Ueborleguug
709 4224 748 4286 ist
771 4227 927 4292 dauerhalt
948 4229 1039 4310 (dh
1065 4232 1132 4296 hillt
1154 4254 1192 4296 zu
1211 4219 1401 4296 dauerhastuu
