2938 4864
280 311 345 377 316
614 314 811 378 araneorum
828 315 1059 370 Democriteum·

282 501 341 563 que
372 480 492 562 generis
518 481 655 562 exempla
682 481 750 544 vide
779 482 809 542 iu
832 481 922 543 Henr.
948 481 1051 562 Stepb.
1074 483 1161 546 Tbes.
1186 483 1247 545 vol.
1269 483 1310 544 ΙΙΙ
1332 483 1388 544 οοΙ.

285 593 366 652 1026
387 591 433 652 ed.
453 589 543 652 Dind.
586 589 783 670 Nequaquam
805 588 836 648 in
855 589 980 650 eandem
1000 591 1176 652 senteutiam
1194 592 1390 652 Democritus

282 699 364 780 apud
388 697 554 760 Stobaeum
579 695 662 760 Flor.
686 697 799 774 CXVI,
822 699 862 758 45
893 700 937 779 (o.
966 699 1025 760 113
1048 697 1156 779 Orell.)
1175 699 1220 760 sic
1241 699 1301 760 ait:
1333 698 1388 760 Ab·

269 803 451 888 Ἐανομένου
473 809 528 866 τοῦ
559 805 701 887 σώματος
730 803 964 872 συναυξάνονται
989 802 1108 887 φρένες,
1130 807 1338 889 γηράσκοντος
1357 805 1390 865 δὲ

251 989 254 997 Ι
283 913 527 996 συγγηράσκουσι
550 913 601 974 καὶ
627 911 659 979 ἐς
683 909 720 974 τὰ
741 911 903 994 πράγματα
914 912 1022 1004 ,πάντα
1041 911 1254 998 ἀμβλύνονται.
1299 915 1390 976 Nam-

282 1041 341 1105 que
361 1021 436 1082 baec
455 1021 549 1083 verba
568 1040 630 1084 non
652 1019 829 1096 Democriti,
855 1019 912 1080 sed
929 1021 1078 1082 Herodoti
1099 1029 1177 1098 sunt,
1197 1023 1279 1102 apud
1302 1044 1390 1105 quem

282 1129 332 1192 lib.
361 1131 411 1204 ΙΙΙ,
435 1131 494 1192 134
521 1129 595 1190 lmec
635 1127 845 1208 reperiuntur:
886 1124 1085 1211 αὐξανομένῳ
1111 1127 1168 1211 γὰρ
1197 1134 1242 1212 τῷ
1272 1132 1392 1212 σώματι

283 1237 519 1306 συναυξάνονται
541 1234 592 1297 καὶ
615 1235 646 1296 αἱ
669 1233 788 1318 φρένες,
811 1234 992 1338 γηράσκοντι
1015 1234 1051 1296 δὲ
1075 1235 1321 1317 συγγηράσκουσι
1343 1239 1391 1297 καὶ

283 1343 315 1412 ἐς
333 1343 370 1406 τὰ
390 1343 554 1427 πρήγματα
571 1341 670 1404 πάντα
690 1339 948 1425 ἀπαμβλύνονται.
1000 1343 1095 1422 Cujus
1123 1343 1167 1404 rei
1185 1363 1287 1426 neque
1308 1346 1392 1407 Gais-

282 1453 399 1516 lordius
424 1470 540 1513 memor
559 1457 631 1526 erat,
653 1469 751 1532 neque
765 1449 908 1512 Orellius.
951 1451 1171 1530 Wesselingius
1187 1453 1226 1514 ad
1241 1454 1391 1515 Herodoti

281 1563 384 1625 locum
415 1561 537 1622 citatum
570 1557 690 1639 utrique
727 1557 868 1636 scriptori
907 1559 1032 1620 eundern
1061 1560 1236 1622 sententiam
1270 1563 1392 1623 attribui

282 1690 374 1752 posse
404 1667 593 1748 opinabatur.
647 1663 730 1725 idem
761 1664 873 1726 dictum
903 1685 941 1726 ex
980 1666 1137 1728 Herodoto
1169 1668 1256 1729 affert
1287 1670 1391 1732 Sodroi.

282 1780 393 1859 Odyss.
416 1777 452 1850 ll,
475 1777 536 1837 515
563 1773 666 1834 addito
695 1772 783 1834 simili
810 1773 883 1835 loco
911 1773 1027 1836 Galeni.
1081 1776 1127 1837 Ol.
1149 1776 1337 1839 Valckenar.
1358 1779 1392 1838 ad

281 1887 393 1948 Herod.
411 1884 431 1945 l.
452 1883 471 1945 Ι.
521 1881 595 1944 Mihi
623 1881 715 1942 tutius
741 1880 862 1943 videtur
890 1883 1079 1946 Herodotum
1108 1885 1197 1963 hujus
1225 1887 1392 1946 sententiae

281 2001 436 2056 auctorem
458 1989 578 2065 babere,
595 1988 743 2070 siquidem
764 2009 861 2068 prope
883 1991 1034 2052 contraria
1057 1999 1102 2054 est
1120 1993 1295 2072 fragmento
1323 1997 1390 2062 etri,

282 2101 313 2162 id
339 2101 421 2184 quod
449 2098 645 2161 Burelrardns
677 2095 728 2178 qui
756 2102 787 2158 et
823 2096 889 2176 ipse
915 2098 1103 2160 Herodotum
1138 2106 1299 2163 auctorem
1328 2123 1392 2164 esse

281 2209 354 2286 vult,
373 2227 436 2272 non
456 2204 672 2269 aninradtertit.
714 2203 832 2266 Etenim
855 2206 959 2285 fragm.
989 2208 1051 2268 916
1081 2209 1277 2274 Democritus
1307 2230 1390 2271 seue—

282 2323 395 2379 ctutem
425 2314 623 2395 temperantia
656 2313 875 2395 prudentiaque
910 2316 971 2396 (τῇ
994 2313 1201 2398 σωφροσύνῃ)
1224 2319 1391 2398 praecipue

281 2425 382 2488 valere
398 2423 447 2500 ait,
471 2423 526 2484 sed
546 2421 721 2484 Herodotus
743 2428 922 2502 augescente
943 2441 1075 2502 corpore
1095 2422 1185 2484 simul
1206 2433 1391 2487 ermenteo

281 2531 386 2613 augeri
407 2531 521 2613 illoque
550 2535 727 2592 senescente
757 2549 817 2590 nna
844 2549 1003 2592 senescere
1023 2536 1152 2592 mentem
1175 2533 1264 2594 etad
1288 2554 1391 2595 omnes

282 2661 331 2703 res
353 2639 544 2702 liebescendo
566 2637 664 2699 minus
686 2644 786 2717 aptam
815 2638 880 2699 lieri
902 2638 1064 2700 contendit.
1108 2639 1184 2720 Quis
1202 2647 1306 2701 autern
1329 2663 1392 2702 rre-

282 2751 344 2825 dat,
371 2755 430 2808 tam
458 2747 576 2808 diversa
599 2745 806 2807 Democritum
832 2745 933 2806 dicere
957 2745 1112 2824 potuisse?
1155 2745 1189 2809 Si
1218 2750 1390 2810 enimcum

282 2875 416 2935 corpore
443 2851 574 2916 senescit
604 2871 703 2926 mens,
738 2850 804 2912 lieri
832 2871 893 2914 nou
923 2861 1039 2933 potest,
1065 2861 1099 2915 ut
1120 2873 1208 2916 senes
1230 2859 1391 2936 prudentia

281 2969 417 3026 caeteros
439 2959 575 3024 homiues
596 2968 748 3038 superent.
792 2966 895 3041 Quare
915 2961 989 3022 ninii
1017 2969 1117 3038 restat,
1135 2963 1193 3025 nisi
1215 2970 1250 3025 ut
1264 2965 1391 3026 Stobaei

281 3079 380 3134 textus
408 3091 447 3132 ex
474 3069 632 3132 Herodoto
663 3068 841 3148 corrigatur,
871 3067 904 3128 id
934 3071 1016 3149 qnod
1047 3071 1216 3150 laciendum
1246 3091 1318 3135 esse
1345 3072 1391 3132 rel

280 3180 405 3244 Stobaei
428 3178 525 3240 codex
548 3175 716 3238 Parisiaeus
737 3175 850 3237 indicio
873 3183 926 3253 est,
950 3179 1002 3258 qui
1022 3179 1052 3240 iu
1073 3181 1173 3243 verbis
1190 3179 1391 3262 αὐξανομένῳ

279 3290 324 3370 τῷ
344 3287 463 3367 σώματι
482 3325 550 3336 --
571 3283 752 3366 γηράσκοντι
766 3303 834 3344 curn
846 3285 993 3346 Herodoti
1011 3286 1233 3367 exemplaribus
1248 3289 1390 3349 concinit

366 3395 437 3455 220.
479 3393 525 3453 Cf.
551 3393 652 3454 adnot.
675 3391 713 3452 ad
732 3392 836 3473 fragm.
858 3394 908 3454 84.

365 3505 437 3565 222.
480 3501 541 3561 Pro
572 3497 604 3566 ἐς
625 3499 735 3580 πειθώ,
764 3499 848 3581 quod
877 3499 1009 3563 Orellius
1041 3507 1071 3564 et
1091 3503 1285 3566 Gaislordius
1308 3510 1390 3564 tuen-

282 3619 338 3688 tur,
359 3610 389 3671 in
409 3609 562 3670 nonnullis
586 3608 675 3671 codd.
704 3609 815 3690 legitur
842 3607 873 3670 ἐν
902 3609 1016 3670 πειθοῖ.
1059 3611 1132 3672 Νοιι
1152 3617 1199 3671 est
1218 3613 1388 3692 spernenda

281 3720 355 3780 llaec
375 3717 477 3794 lectio,
505 3717 560 3778 sed
588 3737 776 3799 nequaquam
805 3716 846 3778 ita
876 3716 1021 3796 explicari
1047 3717 1145 3793 debet,
1176 3725 1210 3778 ut
1230 3719 1298 3780 vult
1315 3723 1387 3780 Bur-

282 3828 422 3902 chardrm,
444 3824 496 3907 qui
516 3845 581 3886 earn
602 3823 699 3886 solam
718 3831 802 3887 recte
824 3845 857 3886 se
885 3825 996 3888 habere
1019 3831 1110 3903 ratus,
1132 3823 1163 3886 ἐν
1186 3827 1387 3906 praepositio—

280 3955 350 3997 nem
370 3933 471 3997 dativo
489 3933 625 4010 junctam
641 3932 699 3994 boc
717 3931 789 3995 loeo
806 3933 911 3994 eadem
932 3933 1055 3995 notione
1077 3935 1150 4013 poni
1169 3935 1307 4014 allirrnat,
1332 3955 1386 4016 qua

281 4043 353 4104 alias
379 4042 497 4103 dativus
525 4039 678 4102 commodi
703 4048 868 4121 usurpetur
897 4042 1021 4122 ejusque
1051 4041 1202 4120 opinionis
1231 4051 1384 4104 auctorem

281 4150 392 4213 excitat
420 4146 628 4210 Bernlrardum
662 4149 785 4226 Syntax.
815 4169 845 4228 p.
868 4151 939 4210 atr.
992 4149 1034 4210 At
1061 4169 1211 4230 nunquam
1237 4151 1316 4212 idern
1335 4157 1383 4224 est,

281 4263 382 4316 utrum
403 4254 531 4332 simplex
560 4261 691 4332 ploratur
717 4255 843 4332 dativus,
874 4275 912 4317 an
936 4254 966 4317 ἐν
988 4257 1174 4337 praepositio
1201 4257 1382 4339 adjungatur,
