2932 4862
314 297 379 364 ΒΜ
636 293 834 358 manuum
852 293 1085 350 numerun-

316 465 548 548 improbaverim
570 481 639 526 oum
650 461 838 526 Barchardo.
882 461 948 525 Etsi
969 462 1047 524 enim
1065 469 1189 546 utraque
1203 464 1291 526 torma
1301 480 1382 542 graeca

314 585 369 650 est,
393 573 478 654 prior
504 581 602 634 tamen
621 570 688 633 sola
709 571 936 651 Theophrastea
963 571 1090 634 videtur.
1144 574 1202 634 Pro
1224 566 1382 654 pipurch

315 704 384 747 cum
403 681 481 745 Ood.
497 681 563 742 Par.
572 681 636 757 jam
652 678 875 759 Philippsonius
889 677 1012 758 scripsit
1021 677 1181 760 ρι’·ρνυσλλπι
1196 677 1240 741 ἂν.
1279 676 1384 754 Denique

314 791 437 871 vulgata
461 787 611 868 scriptura
640 785 677 849 od
707 785 868 868 σκαληνὸν,
906 781 951 870 rui
979 787 1047 850 cod.
1078 787 1253 851 parisiensis
1279 804 1330 864 ope
1355 782 1385 842 sie

315 896 478 976 corrigitur
499 893 651 976 σκαληνῶν
671 893 706 956 δέ
727 891 777 955 διὰ
798 893 843 968 ri,
862 913 940 976 quae
963 893 1055 956 verba
1077 896 1153 957 hene
1173 915 1206 958 se
1227 894 1331 968 hahent,
1346 888 1386 950 mi

314 1005 397 1088 quod
419 1023 477 1084 pro
500 1001 651 1083 σκαληνὸν
671 1021 741 1064 cum
763 1000 971 1081 Philippsonio
989 1003 1164 1082 ponendum
1186 1009 1231 1064 ast
1252 1002 1386 1082 σκαληνῶν.

314 1110 508 1176 Burchardus
526 1109 620 1172 muita
639 1108 688 1169 hic
708 1109 825 1184 deesse,
844 1109 976 1189 plurima
1001 1117 1102 1172 antem
1125 1117 1266 1190 corrupta
1284 1127 1339 1171 esse
1357 1125 1387 1166 re

314 1229 364 1284 tus
380 1217 492 1282 araxitio
511 1217 573 1278 loci
585 1216 813 1295 ‚Theophrastei
839 1236 928 1299 quem
954 1237 992 1278 ex
1014 1235 1109 1296 opere
1138 1217 1177 1278 de
1195 1218 1288 1280 causis
1304 1215 1388 1296 pluita-

314 1348 382 1390 rum
403 1326 596 1405 depromtum
624 1343 718 1403 snpra
744 1324 912 1404 posuimus,
944 1326 1139 1404 interruptam
1169 1326 1323 1387 orationem
1340 1329 1388 1404 post

312 1453 419 1498 vocem
442 1430 619 1513 συμπλοκὴν
642 1431 686 1494 sic
709 1432 918 1512 excipiendam
937 1451 1005 1496 esse
1025 1431 1203 1494 arbitratum:
1228 1429 1284 1496 Τὸν
1304 1432 1333 1493 δὲ
1349 1431 1387 1490 ιἰλΙ

314 1563 383 1625 paup
396 1541 435 1604 ὸν
460 1538 495 1602 dx
518 1537 660 1621 μεγάλων
679 1538 731 1600 καὶ
755 1537 791 1602 οὐ
816 1545 990 1624 περιφερῶν
1011 1539 1062 1601 καὶ
1085 1541 1217 1602 σκολιῶν
1238 1539 1285 1602 καὶ
1304 1539 1388 1600 ἰσοσκε-

313 1651 386 1712 λῶν.
430 1647 572 1732 papatiam
599 1643 665 1728 μέν,
698 1645 743 1710 ὅτι
769 1647 788 1729 ἡ
819 1646 947 1731 άλρυρλς
968 1645 1159 1728 ἐπιπολάζει,
1192 1647 1228 1712 οὐ
1249 1647 1387 1729 περιφερῶν

313 1753 359 1832 δέ,
381 1751 479 1816 ὅτιτὸ
502 1753 557 1836 μέν
584 1753 720 1836 ἁλμυρῶν
743 1751 851 1837 τραχύ,
873 1753 907 1816 τὸ
931 1754 966 1816 δέ
984 1756 1150 1840 περιφερὲς
1172 1747 1388 1819 λεῖον·““’

311 1863 362 1924 τὸν
383 1861 418 1925 δέ
440 1862 609 1946 λιπαρὸν
634 1860 669 1924 ἐκ
690 1865 805 1944 μικρῶν
828 1862 878 1924 καὶ
901 1863 1019 1925 λεπτῶν
1042 1863 1093 1926 καὶ
1112 1861 1149 1926 οὐ
1174 1866 1337 1945 σκαληνῶν·
1359 1879 1387 1940 pe

310 1969 369 2053 apd
396 1967 454 2052 γὰρ
484 1965 556 2032 ὄντα
585 1968 637 2032 καλ
665 1967 878 2052 συναπτόμενα
913 1973 978 2038 τοῖς
1007 1967 1189 2054 περιέχουσι
1224 1971 1344 2054 μίγνυται
1364 1961 1387 2023 ui

309 2077 400 2156 πάνυ,
430 2075 466 2138 οὐ
498 2077 657 2159 σκαληνῶν
687 2075 722 2138 δέ
752 2079 797 2160 τῷ
825 2076 866 2158 μὴ
896 2075 1170 2160 πσριπλάττσσλλαι·
1202 2079 1248 2142 διὸ
1278 2071 1387 2161 ψαρσρλι

311 2183 398 2246 εἶναι.
442 2183 505 2246 Sed
527 2185 643 2247 haece
669 2183 792 2265 vulgato
814 2190 899 2246 textu
920 2183 1007 2246 nimis
1028 2185 1185 2272 ¹recedunt.

393 2293 446 2355 99.
489 2293 550 2353 Pro
570 2288 638 2353 ἀλλ’
664 2289 694 2352 ἐν
718 2289 837 2375 ἑκάστῳ
860 2294 949 2377 χυλῷ
975 2291 1088 2370 πολλὰ,
1107 2313 1187 2376 quae
1209 2293 1298 2356 verba
1314 2311 1330 2352 ι
1344 2285 1388 2350 Phi-

307 2399 461 2480 lippsouio
486 2399 643 2461 emendata
662 2404 742 2475 sunt,
765 2397 796 2459 in
817 2400 905 2463 codd
926 2399 1037 2481 legitur
1060 2397 1131 2461 ἀλλ’
1157 2399 1191 2462 ἐν
1213 2401 1324 2482 ἑκάστῳ
1338 2395 1387 2455 πολ·

308 2506 391 2574 hadr.
435 2506 529 2568 Paulo
557 2505 681 2568 interius
709 2504 726 2567 ὃ
756 2503 788 2568 δ’
815 2505 851 2569 ἂν
880 2504 937 2590 ἐνῇ
967 2506 1099 2570 exaravit
1130 2509 1328 2572 Schneiderus
1350 2519 1387 2582 pn>

186 2663 190 2669 -
306 2615 429 2696 vulgato
450 2609 475 2696 ᾦ
498 2609 527 2674 δ’
550 2609 586 2674 ἂν
611 2612 676 2696 ἐνῇ.
720 2615 755 2676 1n
773 2615 841 2678 cod.
861 2615 955 2678 Paris.
998 2623 1089 2708 atque
1108 2615 1140 2676 in
1160 2618 1291 2681 editione
1310 2616 1387 2675 cmo-

306 2723 386 2784 tiana
408 2721 521 2802 legitur
540 2716 566 2806 ᾧ
586 2720 615 2784 δ’
638 2719 673 2784 ἂν
697 2719 751 2784 ἔνι.
796 2723 830 2783 ln
851 2723 952 2785 verbis
975 2721 1131 2806 διαφέρειν
1157 2723 1218 2807 γὰρ
1240 2723 1293 2787 οὐκ
1313 2717 1387 2796 ὀλίγον

305 2833 388 2892 recte
410 2826 467 2910 γὰρ
491 2828 622 2891 deletum
645 2836 692 2892 est
720 2830 957 2906 aSchneidero‚
985 2849 1075 2912 qnam
1102 2832 1215 2894 caeteri
1246 2829 1387 2911 sequium

305 2935 487 3000 dubitarunt„
531 2939 692 3000 Caeterum
712 2938 864 3019 opinionis
885 2938 1096 3000 Democriteae
1119 2939 1325 3002 refutationem
1340 2930 1387 2992 vidt

304 3045 384 3124 apud
405 3045 605 3125 'theophrast
635 3045 672 3107 de
696 3065 777 3108 caus.
797 3045 891 3126 plant.
912 3045 963 3120 vt,
985 3048 1013 3106 7.

388 3152 438 3214 30.
480 3155 540 3214 Pro
561 3150 692 3236 διαταγῇ
711 3153 792 3233 apud
813 3153 978 3215 Stobaeum
1001 3153 1195 3218 Democritea
1216 3152 1326 3216 locutio
1344 3145 1385 3205 iu·

302 3251 378 3338 θιγῆ
399 3259 575 3338 reponenda
599 3261 727 3339 videtur,
746 3261 784 3322 de
805 3281 865 3342 qua
885 3260 955 3323 aiibi
977 3260 1115 3324 diximus.
1158 3263 1192 3324 ln
1211 3260 1308 3324 verbis
1326 3245 1385 3332 cupi

301 3367 396 3424 ταῦτα
420 3367 677 3445 praepositionem
699 3368 784 3452 παρά
802 3369 840 3429 de
859 3369 976 3448 origine
997 3369 1126 3449 accipio,
1146 3389 1235 3450 quem
1255 3373 1385 3430 sansone

301 3469 511 3535 Grammaticis
533 3476 603 3540 hnic
630 3476 758 3539 uoculae
780 3476 872 3538 tribui
902 3476 975 3538 satis
995 3482 1100 3538 notum
1121 3485 1181 3548 est;
1207 3495 1305 3557 neque
1324 3465 1385 3550 quid·

300 3595 389 3658 quam
426 3579 496 3644 huic
528 3584 740 3664 significationi
772 3584 802 3644 in
837 3582 934 3665 quinti
964 3581 1081 3646 saeculi
1120 3582 1271 3663 scriptore
1302 3579 1383 3640 obstat·

299 3685 460 3750 Caeterum
480 3697 513 3752 ut
539 3691 597 3753 hoc
619 3691 691 3754 loco
716 3691 866 3754 Stobaeus
884 3689 1058 3772 προτροπήν
1080 3710 1118 3752 cx
1140 3709 1196 3753 usn
1216 3682 1382 3751 Democriteo
1407 3731 1408 3765 ρ

298 3792 429 3872 explicat
462 3795 557 3876 θέσιν,
586 3800 627 3860 ita
655 3797 851 3861 Aristotelem
878 3797 1007 3877 metaph.
1031 3796 1083 3858 lib.
1106 3799 1127 3875 1,
1160 3815 1225 3876 cap.
1248 3797 1267 3857 t
1294 3781 1381 3873 τροπήν

297 3903 567 3979 exponere'htou
595 3908 659 3985 jam
688 3907 768 3969 libro
806 3904 941 3968 seeundo
974 3905 1013 3965 ad
1043 3905 1086 3966 tit
1114 3906 1153 3966 19
1192 3898 1380 3966 adnotavimu·

296 4007 369 4070 Post
399 4009 532 4093 ἐρυθροῦ
562 4013 720 4094 posuimus
746 4015 872 4097 χλωροῦ
900 4011 1101 4092 Theophrasti
1129 4009 1328 4074 auctoritatem
1348 4015 1380 4059 st·

295 4116 366 4192 euti,
390 4119 478 4196 cujus
501 4121 593 4184 verba
615 4121 693 4184 intra
713 4121 879 4184 afferemus.
923 4119 1024 4199 Vulgo
1045 4119 1125 4182 enim
1142 4119 1222 4200 apud
1241 4114 1378 4180 Stobaeun

292 4217 402 4297 legitur
429 4225 546 4306 ῶχρυῶ.
597 4229 732 4291 Εαινιλυιιι
760 4227 956 4291 mutationem
986 4225 1052 4290 hori
1076 4225 1175 4290 voluit
1202 4219 1377 4332 Schneiderut
1405 4239 1406 4248 ¹

1354 4332 1374 4376 ιι
