2892 4872
267 303 329 369 1oe
597 298 794 361 Quaestionum
825 293 1058 349 Democriteamm

267 473 365 548 etiam,
384 469 553 548 Diogenem
580 463 733 528 Laertinm
759 462 811 526 lib.
836 463 876 540 V,
897 465 938 526 26
963 462 1096 528 tribuere
1118 463 1276 528 Aristoteli
1301 464 1378 527 duas

265 581 361 642 libros
383 575 610 664 προβληρομων
638 571 673 636 ἐκ
690 575 751 634 τῶν
773 569 975 654 Δημοκρίτου.

352 691 424 768 Quo
454 681 550 764 magis
571 680 740 743 mirandum
763 685 818 756 est,
847 684 962 740 tantum
985 685 1109 742 naturae
1130 679 1327 760 interpretem
1344 701 1378 742 ac

267 801 314 858 tot
337 794 447 858 artium
468 789 754 870 disciplutarumque
777 787 939 850 antistitem
958 788 1167 850 Democritum
1187 809 1339 869 nusquam
1362 810 1380 849 a

267 904 394 967 Platone
415 901 539 963 citatum
561 915 637 960 esse.
684 902 754 979 Qua
780 897 818 957 de
839 915 873 958 re
894 896 965 958 licta
986 895 1138 977 reperitur
1155 894 1381 958 narratiuncula

267 1011 350 1092 apud
371 1009 541 1090 Diogenem
568 1005 721 1069 Laertium
748 1003 801 1066 lib.
820 1004 875 1081 lX,
897 1003 1011 1085 40¹⁹),
1042 1023 1080 1065 ex
1106 1003 1283 1066 Aristoxeni
1300 1023 1380 1065 com-

267 1117 421 1182 mentariis
442 1113 595 1178 historicis
616 1119 722 1176 sumta
755 1113 860 1176 Refert
871 1111 1081 1190 Aristoxenus,
1100 1113 1256 1178 Platonem
1269 1115 1381 1176 Demo·

267 1227 335 1290 criti
363 1225 492 1306 scripte,
522 1240 721 1305 quaecuuque
748 1220 894 1301 colligere
920 1221 1077 1301 potuisset,
1098 1221 1233 1284 voluisse
1256 1223 1381 1308 combu-

267 1353 345 1412 rere,
367 1333 422 1395 sed
441 1331 589 1412 abjecisse
611 1329 670 1390 hoc
689 1328 860 1404 consilium,
880 1327 1025 1410 Amyclae
1044 1335 1075 1391 et
1092 1328 1209 1392 Cliniae
1230 1331 1382 1411 Pythago

267 1441 402 1505 riccram
426 1439 605 1504 auctoritaie
630 1444 832 1512 commotum,
866 1437 918 1519 qui
951 1436 1024 1500 nihil
1054 1438 1087 1502 id
1111 1438 1218 1502 atierre
1246 1439 1382 1501 utilitatis
1441 1481 1442 1488 ι

268 1547 421 1624 dicerent,
452 1567 545 1630 quum
576 1564 671 1626 opera
703 1544 756 1607 illa
777 1546 841 1624 jam
868 1546 949 1626 apud
984 1545 1131 1625 plurimos
1164 1547 1398 1627 reperirentur.⁸
1441 1575 1442 1594 ι

266 1653 361 1716 Addit
379 1655 525 1732 Laertius,
547 1652 682 1738 quamvis
703 1659 838 1715 ueterum
856 1653 920 1715 lere
941 1654 1076 1716 omrrium
1096 1654 1265 1716 meminerit
1286 1655 1381 1732 Plato,

267 1781 415 1843 nusquam
439 1768 538 1824 tanum
567 1783 637 1826 eum
657 1761 825 1823 Democriti
844 1761 958 1840 jecisse
987 1761 1177 1838 mentionem,
1200 1781 1240 1823 ne
1260 1763 1297 1824 iis
1318 1766 1382 1846 qui-

268 1868 336 1930 dem
354 1868 441 1945 locis,
464 1869 517 1932 ubi
538 1869 690 1952 quidpiam
711 1868 740 1932 ei
761 1868 899 1931 debuerit
919 1869 1136 1946 contradicere,
1154 1889 1216 1932 non
1235 1871 1382 1950 ignarmrn,

267 1995 301 2039 se
331 1981 437 2038 contra
476 1977 622 2058 optimum
657 1977 911 2058 philosophorum
943 1977 1086 2040 initurum
1119 1997 1187 2040 esse
1219 1986 1380 2043 certamen.
1441 2003 1442 2006 ¹

267 2082 441 2146 Aristoxeni
469 2085 691 2147 narratiuncula
712 2105 730 2146 a
751 2085 810 2146 fide
834 2084 985 2162 abhorret,
1005 2105 1104 2168 neque
1124 2085 1221 2165 pluris
1244 2087 1381 2149 iacienda
1441 2109 1442 2114 ¹

268 2199 323 2268 est,
339 2211 429 2274 quam
451 2211 528 2276 quae
547 2191 682 2272 alibi¹⁰)
708 2193 747 2253 de
774 2192 908 2254 Platonis
927 2193 1109 2274 malignitate
1128 2192 1278 2274 leguntur.
1319 2196 1382 2258 Sed
1441 2213 1442 2224 ²

269 2298 432 2381 quaeritur,
464 2318 541 2381 quae
572 2299 664 2362 inerit
692 2319 783 2363 causa
807 2300 888 2362 illius
907 2279 1025 2364 silentii.
1067 2299 1116 2362 Ad
1134 2303 1210 2364 hanc
1231 2305 1380 2386 quaestio
1441 2285 1442 2362 l

268 2425 337 2468 nem
359 2406 396 2468 ab
413 2405 478 2469 aliis
505 2404 593 2467 aliter
622 2408 801 2488 responderi
828 2428 930 2490 posse,
961 2409 1157 2489 inpromptu
1179 2417 1233 2472 est
1274 2413 1380 2473 Dicam
1441 2477 1442 2488 ,

269 2514 359 2595 igitur
377 2513 461 2596 quod
475 2513 583 2576 sentio.
621 2515 704 2578 Libri
724 2517 922 2580 Democritici
940 2537 1078 2597 aragonam
1098 2525 1214 2598 partem
1233 2520 1381 2596 ejusmodi

269 2623 399 2698 luerunt,
420 2628 578 2684 uteorum
601 2631 776 2702 argumenta
797 2625 884 2686 valde
909 2625 1115 2706 discreparent
1134 2625 1298 2688 aPlatonis
1322 2629 1380 2688 dia-

268 2729 409 2810 logorum
434 2735 541 2792 natura
563 2737 594 2792 et
614 2731 746 2793 materia
789 2735 940 2812 Quocirca
953 2732 1039 2796 Plato
1061 2734 1158 2795 rarius
1180 2734 1283 2796 habuit
1302 2736 1381 2796 enci-

268 2836 350 2898 tandi
375 2838 544 2900 Democriti
572 2839 691 2919 copiam
722 2847 753 2902 et
780 2840 981 2902 occasionem.
1026 2840 1123 2918 Adde,
1151 2843 1234 2923 quod
1255 2851 1381 2925 uterquc

269 2943 404 3024 ejusdem
425 2963 525 3026 propo
552 2947 656 3008 aetatis
679 2947 743 3026 luit,
774 2947 846 3010 licet
868 2947 966 3010 minor
988 2955 1061 3012 natu
1084 2950 1124 3011 sit
1142 2949 1227 3012 Plato
1245 2970 1282 3012 ac
1310 2957 1381 3032 post

263 3170 353 3234 Ὅλους
379 3173 545 3250 diruperit
564 3181 687 3255 ἐπιπολῆς
710 3185 768 3256 περὶ
787 3182 892 3245 citavi<
912 3185 996 3245 ουδεὶς
1023 3185 1160 3255 ἐπέστησεν
1183 3185 1234 3247 ἔξω
1252 3181 1379 3258 Δημοκρί·

269 3273 325 3308 του.
362 3256 444 3317 utra
470 3259 493 3312 δ’
522 3263 591 3316 ἔοικε
619 3264 665 3331 μὲν
693 3265 749 3334 περὶ
774 3264 894 3320 ἁπάντων
919 3267 1061 3339 φροντίσαι,
1083 3265 1133 3338 ἤδη
1160 3265 1187 3319 δὲ
1214 3267 1241 3319 tv
1264 3272 1301 3338 τῷ
1326 3273 1379 3324 πῶς

271 3334 395 3408 διαφέρει.
431 3342 580 3394 Doleudum
603 3348 797 3410 tantummodo,
824 3350 896 3414 quod
914 3349 1069 3400 Aristoteles
1090 3350 1219 3400 librorum
1238 3351 1378 3400 Deumcri-
1441 3355 1442 3402 l

251 3421 386 3488 ,tinorum
412 3423 599 3486 inscriptiones
617 3439 751 3488 nusquam
770 3429 868 3482 laudat
905 3431 982 3491 Quod
1003 3431 1026 3481 si
1050 3431 1171 3492 lecisset,
1196 3431 1231 3481 de
1254 3431 1377 3494 Thrasylli

271 3498 382 3551 elencho
403 3500 504 3552 tactttus
523 3503 592 3556 toret
608 3505 737 3568 judicare.

343 3589 382 3652 ¹⁹)
397 3585 574 3659 Ἀριστόξενος
591 3591 619 3646 at
638 3591 664 3645 ὲν
684 3599 738 3653 τοῖς
754 3593 891 3669 ἱστορικοῖς
909 3595 1076 3670 ὑπομνήμασί
1096 3615 1168 3670 φησι,
1195 3595 1322 3653 Πλάτωνα
1339 3593 1378 3649 da-
1441 3613 1442 3660 l

271 3667 348 3738 λῆσαι
367 3669 510 3740 συμφλέξαι
528 3671 561 3724 τὰ
581 3667 746 3747 Δημοκρίτου
766 3679 961 3749 συγγράμματα,
982 3677 1064 3734 ὁπόσα
1083 3677 1201 3752 ἠδυνήθη
1220 3683 1378 3749 συναγαγεῖν·
1441 3729 1442 3752 3

267 3745 404 3817 Ἀμΰιιλαν
433 3748 461 3802 δὲ
488 3752 532 3804 καί
553 3749 674 3808 Klounion
699 3755 760 3816 τοὺς
782 3756 976 3832 Πυθαγορικοὺς
992 3759 1110 3813 κυλῖσαι
1135 3759 1225 3820 αὑτὸν,
1254 3761 1290 3818 ὡς
1306 3759 1379 3811 οὐδὲν
1441 3763 1442 3810 l

253 3825 380 3900 diptica·
395 3828 466 3900 παρὰ
481 3830 588 3893 πολλοῖς
607 3835 655 3908 γὰρ
673 3835 738 3890 εἶναι
757 3838 790 3890 rai
807 3839 893 3910 βιβλία
905 3841 967 3913 ἤδη.
992 3839 1056 3894 Ὧδε
1074 3841 1102 3894 tt
1121 3840 1216 3912 δῆλον·
1241 3845 1290 3904 (sic
1312 3855 1378 3902 corr,
1441 3853 1442 3880 t

270 3911 295 3974 l.)
314 3909 417 3962 adurunt
443 3909 490 3983 γὰρ
515 3914 608 3987 σχεδὸν
632 3921 685 3970 τῶν
713 3917 829 3992 ἀρχαίων
851 3922 1015 3992 μιμνημίνυς
1034 3919 1048 3973 ὁ
1068 3919 1179 3975 Πλάτων
1197 3920 1313 3989 οὐδαμοῦ
1329 3915 1377 3986 Δη-
1441 3929 1442 3932 ’

257 3987 395 4060 μοιιρίτου
417 3989 627 4064 λιαμνημονιίει,
654 3997 716 4051 ἀλλ’
742 3999 804 4054 οὐδὲ
828 3999 893 4054 tota
919 4002 1044 4056 ἀντειπεῖν
1069 4021 1093 4056 τι
1111 4001 1183 4074 αὐτῷ
1202 4001 1270 4054 diat·
1302 3999 1378 4069 δῆλον
1441 3991 1442 4058 l

271 4067 346 4127 ιίῦίυς
367 4068 404 4128 ίυς
428 4072 491 4144 πρὸς
513 4074 557 4127 τὸν
586 4077 688 4151 ἄριστον
715 4077 785 4134 οὕτω
802 4087 856 4134 τῶν
875 4083 1026 4155 φιλοσόφων
1043 4083 1161 4156 ἑρίσοιτο.
1197 4085 1251 4145 (Sic
1267 4087 1312 4148 leg.
1329 4093 1379 4144 pri)
1441 4095 1442 4108 ¹

271 4150 355 4204 toarno
376 4167 438 4206 cum
455 4157 549 4210 huzac
567 4161 649 4212 lectt
671 4163 721 4213 Ait
742 4178 768 4228 p.
786 4161 855 4229 iil.)

343 4245 381 4307 ²⁰)
402 4249 475 4311 apud
492 4251 584 4303 Athen.
602 4253 642 4315 lll,
664 4251 697 4304 15
714 4257 736 4318 5.
756 4252 806 4307 111
825 4270 882 4322 sqq.
