2892 4872
351 337 435 392 Liber
446 335 482 394 ll.
520 336 563 391 Do
582 335 732 392 Democriti
753 337 874 409 seriptis.
1127 337 1179 404 95*

77 505 155 566 verha
184 503 257 590 πρός
283 503 472 590 Δημόκριτον
501 525 568 568 oum
597 505 847 585 praecedentibus
870 507 1011 590 jungens,
1035 503 1111 592 Περὶ
1130 507 1169 570 el·

77 611 172 676 tator
192 613 266 698 πρὸς
284 612 501 698 Δημόκριτον,)
530 614 656 676 alterum
684 613 761 698 πρὸς
781 614 832 676 τὸν
852 614 1041 701 Δημόκριτον
1065 614 1169 700 ἐξηγή-

76 741 129 786 σεις
147 719 181 783 α’.
229 723 388 786 Praeterea
409 723 651 804 Theophrastum
672 729 800 786 testetur
819 724 974 804 Diogenes
994 725 1046 788 lib.
1067 728 1105 804 V,
1127 727 1169 790 ts

74 837 99 890 et
117 832 153 893 ts
179 832 250 895 duas
282 831 318 894 de
351 831 528 894 Democrito
560 831 828 894 commentationes
855 833 1012 914 vulgasse,
1043 855 1169 916 querum

73 957 123 998 rina
150 939 263 1003 titulum
292 939 362 1022 aspi
390 941 444 1021 τῆς
467 937 661 1022 Δημοκρίτου
691 935 892 1022 ἀστρολογίας
913 937 950 1017 α’,
981 941 1076 1004 altera
1100 941 1170 1025 περὶ

72 1043 245 1130 Δημοκρίτου
267 1047 293 1111 α’
316 1048 544 1128 inscriptionem
567 1048 597 1108 in
620 1046 719 1110 fronte
742 1048 874 1128 gerebat.
914 1051 1058 1112 Fortasse
1080 1049 1170 1112 etiam

72 1153 96 1212 in
115 1159 328 1220 commentariis
355 1155 425 1238 περὶ
453 1159 508 1218 τοῦ
542 1152 711 1238 διακόσμου
743 1156 846 1237 (Diog.
873 1156 893 1220 l.
911 1157 946 1237 l.)
966 1164 997 1220 et
1013 1157 1082 1240 περὶ
1108 1159 1168 1218 τῶν

71 1261 193 1326 εἰδώλων
215 1266 252 1328 de
270 1265 448 1328 Democrito
470 1265 539 1346 egit
578 1264 714 1328 Eundem
743 1265 773 1326 in
796 1265 1000 1327 voluminibus
1032 1263 1170 1347 quaeda

71 1388 156 1433 rerum
183 1381 288 1436 natura
314 1374 446 1436 coniecit
474 1371 643 1436 Democriti
671 1373 840 1435 doctrinam
871 1375 1044 1456 frequenter
1068 1391 1171 1453 respe-

70 1475 138 1540 xisse
159 1501 226 1542 cum
246 1502 285 1545 ex
313 1481 349 1544 iis
368 1481 523 1560 videmus,
551 1501 628 1565 qnae
651 1482 689 1542 ad
706 1488 840 1544 nostram
860 1483 1034 1546 memoriam
1054 1500 1170 1543 nranse-

69 1591 135 1664 runt,
153 1594 213 1650 tum
231 1611 269 1652 ex
292 1590 427 1673 Simplic.
448 1611 557 1654 comm.
586 1589 624 1650 ad
645 1588 770 1654 Aristot.
791 1592 828 1654 de
853 1592 943 1655 coelo
965 1591 1016 1654 lib.
1035 1591 1083 1652 lll.
1114 1588 1168 1653 iol.

71 1695 128 1756 139.
143 1699 175 1760 Β.
195 1695 386 1781 Δημόκριτος
407 1696 451 1778 δέ,
472 1701 515 1766 ιὐς
526 1695 727 1782 Θεόφραστος
749 1695 780 1759 ἐν
800 1700 864 1764 τοῖς
878 1695 1026 1766 Φυσικοῖς
1046 1698 1168 1780 ἱστορεῖ,

69 1801 104 1866 ὡς
123 1801 276 1874 ἰδιωτικῶς
297 1804 507 1869 ἀποδιδόντων
535 1808 596 1866 τῶν
627 1803 759 1868 κατὰτὸ
782 1803 898 1888 θερμὸν
918 1805 970 1868 καί
990 1807 1024 1870 τὸ
1050 1805 1168 1892 ψυχρὸν

68 1909 108 1970 κοί
127 1911 161 1973 τό
187 1917 315 1976 τοιαῦτα
339 1911 601 1995 σίτιυλυγυόντων,
633 1911 682 1975 ἐπὶ
705 1912 758 1980 τὰς
782 1910 916 1995 ἀτόμους
937 1912 1043 2000 ἀνέβη.
1084 1915 1168 1978 ldem

29 2103 30 2106 ρ
67 2015 97 2077 de
123 2019 252 2085 Eudemo
281 2021 470 2084 Aristotelea
496 2021 688 2084 censendum.
740 2021 786 2084 Cl.
819 2021 953 2102 Simplic.
977 2024 1016 2085 ad
1039 2023 1166 2086 Aristot.

67 2125 141 2205 Phys.
162 2129 211 2192 lib.
232 2132 283 2208 lll,
314 2131 364 2192 iol.
389 2133 447 2194 106
468 2137 499 2192 et
520 2130 573 2192 lib.
594 2130 646 2207 lV,
675 2129 728 2194 iol.
753 2131 822 2193 ill.
873 2131 919 2191 Ex
948 2130 1097 2210 citerioris
1118 2151 1168 2193 oe-

67 2235 123 2296 trtis
139 2239 339 2320 scriptoribus
358 2238 396 2300 de
415 2239 475 2302 hoc
493 2238 677 2320 philosopho
695 2239 850 2318 praeclare
869 2240 978 2302 meruit
990 2239 1166 2319 Thrasyllus

66 2341 134 2404 odito
158 2344 235 2408 libro
265 2346 319 2430 qui
350 2346 491 2426 praevius
524 2353 604 2408 esset
626 2345 796 2408 Democriti
826 2347 1009 2428 scriptorum
1032 2347 1165 2410 lectioni.

65 2449 92 2510 ln
109 2471 142 2514 eo
168 2457 246 2516 enim
269 2473 366 2534 opere
389 2454 438 2516 cui
460 2455 588 2517 indicem
612 2455 726 2516 fecerat
747 2452 784 2516 τὰ
801 2455 860 2538 πρὸ
886 2459 940 2537 τῆς
963 2453 1167 2536 ἀναγνώσεως

65 2560 114 2618 τῶν
135 2559 325 2647 Δημοκρίτου
355 2561 491 2646 βιβλίων,
523 2569 557 2626 ut
585 2563 740 2643 Diogenes
767 2563 904 2625 Laertius
922 2561 974 2624 lib.
992 2563 1049 2639 IX,
1072 2563 1111 2624 tl
1136 2566 1167 2624 et

65 2665 98 2726 45
117 2667 211 2746 docet,
241 2673 281 2733 ele
306 2669 473 2734 Democriti
494 2671 555 2732 vita
580 2675 611 2732 et
639 2668 750 2750 ingenii
774 2670 975 2732 monumentis
995 2669 1166 2750 disputave-

64 2781 110 2836 rat.
147 2777 228 2841 licet
248 2797 326 2842 vero
346 2778 433 2840 multi
455 2779 584 2841 eiteutnr
603 2777 763 2857 Thrasylli,
792 2777 830 2839 de
851 2777 960 2858 quibus
981 2777 1105 2840 Jonsius
1127 2777 1166 2841 oe

65 2884 166 2965 seriptt
189 2887 256 2950 hist.
274 2887 325 2968 ph.
346 2885 397 2949 lib.
420 2888 468 2964 111,
499 2909 565 2968 cap.
589 2888 618 2962 3,
642 2887 661 2948 Δ
690 2907 720 2966 p.
742 2885 780 2948 13
807 2884 928 2949 loeutus
950 2893 1004 2964 est,
1024 2887 1103 2948 huuc
1123 2891 1166 2948 ta-

64 3009 129 3069 men,
150 2996 186 3057 de
207 3015 270 3079 quo
294 2994 344 3056 hie
365 2995 489 3056 uberius
512 2995 704 3072 disseremus
725 3013 787 3056 nou
814 3013 881 3056 esse
903 2995 980 3058 adeo
1002 2995 1165 3077 antiquum,

63 3099 107 3160 sed
125 3103 204 3182 quod
226 3104 306 3166 bene
328 3103 459 3181 conjecit
480 3103 558 3164 idem
579 3103 711 3178 lensium,
741 3123 809 3164 enm
839 3103 932 3165 tuisse
952 3103 1166 3184 philosophum

63 3213 87 3263 et
106 3210 341 3274 mathematicum
359 3213 410 3294 qni
430 3212 487 3274 sub
505 3211 629 3274 Tiberio
648 3212 834 3292 Imperatore
848 3212 923 3274 vixit
934 3208 1004 3294 ⁷⁴),e
1026 3211 1165 3293 pluribus

63 3385 248 3402 *Qu—...-

123 3503 144 3566 ⁸t
167 3505 204 3558 De
225 3507 279 3558 hoc
307 3505 443 3558 Jrryenatis
467 3508 612 3560 scholiasta
639 3509 674 3558 ad
698 3511 752 3559 Sat.
771 3505 812 3568 Vi,
831 3501 882 3557 574
902 3506 954 3556 ait:
990 3504 1166 3572 „Thrasyllus

63 3579 186 3635 nullamne
213 3589 311 3638 artium
336 3587 469 3636 seientiam
485 3589 616 3654 proscenio
634 3595 762 3656 postremo
782 3603 810 3637 ac
828 3587 897 3636 dean
916 3586 1068 3638 Platonicae
1081 3593 1166 3637 aeetae

62 3677 90 3708 ec
110 3664 194 3716 deinde
217 3668 327 3719 mathesi
334 3705 341 3728 ,
371 3685 422 3735 ρυιι
442 3668 582 3736 ρνιιτοίριιι
606 3670 687 3734 tipeit
710 3669 780 3736 opud
807 3667 946 3730 Titanum,
975 3683 1032 3718 eunt
1050 3684 1099 3734 qno
1119 3665 1165 3717 rel

61 3737 145 3796 lenm
168 3749 278 3812 &erdem
307 3749 373 3798 ertio
397 3747 568 3814 [antiliarn'ter
590 3749 673 3800 visit:
696 3765 768 3816 quem
791 3755 881 3816 postea
903 3749 1015 3800 Tiberius
1033 3749 1061 3798 in
1079 3745 1166 3798 tnrnle

61 3819 140 3874 lllodo
164 3831 340 3898 praecipitere
359 3829 441 3879 coluit
466 3831 494 3880 in
514 3829 621 3899 pelagus
643 3830 717 3898 quari
744 3831 871 3880 consciunt
889 3831 1030 3896 promissae
1046 3829 1165 3879 domina-

60 3903 135 3955 tionis.
176 3909 253 3972 Quem
273 3909 358 3959 rictum
376 3926 452 3976 quern
472 3913 663 3978 praesensisset,
674 3911 766 3977 [epit.''
806 3911 845 3963 Ci.
867 3911 947 3961 Tacit.
961 3913 1050 3962 hunul.
1066 3911 1107 3974 Vi,
1124 3909 1165 3963 20.

58 3981 102 4032 Dio
118 3987 158 4040 lib.
179 3990 220 4040 LV
240 4005 264 4054 p.
285 3988 336 4042 555
355 4005 430 4057 seqq.
467 3993 657 4058 Porphyreon.
695 3987 934 4055 promicante.
973 3993 1081 4042 Sueten.
1099 3993 1164 4056 hug.

59 4077 81 4113 c.
97 4064 129 4116 98
147 4073 173 4120 et
191 4071 278 4124 Tiber.
297 4085 319 4122 e.
342 4068 373 4122 n
385 4069 458 4123 etot
478 4077 558 4138 atqrre
577 4073 612 4125 ihi
633 4075 801 4136 interpretes.
838 4071 990 4124 Notandum
1009 4085 1082 4134 vero,
1102 4086 1165 4124 eum

58 4141 155 4198 Tiberio
176 4153 349 4214 superstitem
377 4153 468 4216 serisso,
491 4167 579 4219 neqrre
606 4155 639 4204 ah
659 4155 702 4205 iiio
721 4167 782 4206 esse
803 4153 986 4215 interiectum,
1009 4155 1039 4204 nt
1056 4153 1165 4206 tensius

58 4225 176 4285 opinatur
200 4231 245 4282 lib.
272 4234 312 4296 ill,
330 4231 354 4286 3.
397 4235 434 4286 Ci.
457 4236 506 4286 Dio
530 4234 573 4288 lib.
592 4235 667 4285 LViii
696 4249 757 4300 pag.
774 4233 832 4287 ⁶38.
885 4235 1009 4299 Ejusdem
1036 4233 1165 4297 Thrasylli

58 4301 132 4358 filium
153 4310 250 4362 h'ereui
277 4315 419 4380 imperium
442 4315 609 4380 praedixisse
629 4315 737 4366 Tacitus
757 4317 952 4368 uorruthnual.
970 4315 1010 4376 Vi,
1030 4311 1071 4366 Δ).
1106 4315 1165 4364 No·-
