2984 4876
312 327 376 393 242
631 325 829 390 Quaestionum
854 323 1090 380 Democriteum

228 515 251 578 g.
261 511 299 565 13.
310 495 490 580 πυκνότητα.
522 492 626 578 Πηγὰς
649 490 702 556 οὑν
721 490 838 576 όμοίως
850 490 1013 553 καλεῖσθαι
1034 489 1157 559 καὶτὰς
1178 488 1406 575 ἀναπτυχὺείσας

310 607 370 666 τῶν
392 604 515 689 φλεβῶν
549 602 598 665 διὰ
623 602 657 664 τό
680 598 913 684 παραμονίμους
946 595 1040 674 εἷναι,
1069 597 1221 682 μακρόὺεν
1248 596 1406 683 φερομένας

228 709 361 778 stt-aot
383 709 424 775 δι’
449 710 593 793 ἀλλήλων
624 707 657 770 τδ
688 708 771 790 ὑδιυρ
802 705 981 790 δεχομένας.
1029 705 1164 790 Λιβάδας
1197 706 1231 769 δὲ
1260 705 1407 768 καλεῖσθαι

309 819 345 882 τὰ
365 819 426 881 ἀπὸ
451 824 510 882 τῶν
536 814 670 901 όμβρίων
695 813 814 876 ὑδάτων
845 812 1035 897 διγὺοόμενα
1060 813 1111 876 καὶ
1131 813 1208 876 κατὰ
1229 818 1283 896 γῆς
1302 813 1331 876 ἐν
1353 835 1406 873 στε-

308 932 390 1011 γνοῖς
408 927 459 990 καὶ
480 929 612 1008 σκιεροῖς
633 921 738 990 τόποις
759 920 974 1004 συνεστηκότα,
1002 920 1142 1005 καθάπερ
1165 921 1195 982 ἐν
1216 921 1349 1004 ἀγγείοις,
1371 920 1405 1002 μὴ

310 1036 434 1120 φλεβῶν
463 1031 631 1115 ἀπορροίας
660 1028 769 1098 οὔσας·
803 1028 875 1091 ὅθεν
910 1028 984 1091 οὑδὲ
1017 1026 1169 1111 διαμένειν
1203 1029 1256 1098 τάς
1283 1029 1407 1114 λιβάδας,

311 1141 392 1204 ἀλλὰ
412 1141 490 1204 πάνυ
514 1137 672 1221 συντόμως
692 1133 852 1212 ἐκλείπειν,
881 1135 933 1199 ἐὰν
964 1136 1004 1220 μὴ
1029 1134 1151 1220 σφόδρα
1172 1137 1305 1220 μεγάλας
1327 1135 1409 1201 αὑτός

226 1253 300 1320 5.15.
312 1247 390 1312 εἶναι
414 1249 526 1333 συμβῇ.
571 1245 633 1314 Τὰς
656 1243 690 1306 δὲ
718 1241 818 1325 πηγὰς
841 1242 990 1312 αὔξεσθαί
1017 1265 1049 1304 τε
1071 1243 1122 1306 καὶ
1145 1245 1248 1327 λήγειν
1269 1245 1342 1306 κατὰ
1362 1245 1407 1326 τὴν

226 1352 364 1422 sifi-roo
394 1354 486 1439 ἀέρος
512 1355 697 1438 περίστασιν.
745 1349 881 1435 Αὑχμῶν
909 1351 963 1433 μὲν
993 1349 1050 1434 γὰρ
1076 1351 1242 1434 γινομένων
1280 1353 1328 1414 καὶ
1364 1351 1409 1417 τὰς

308 1463 408 1548 πηγός
426 1463 547 1545 λήγειν·
572 1459 729 1544 ἐπόμβρου
752 1459 787 1522 δὲ
810 1463 864 1521 τοῦ
887 1455 975 1525 ἔτους
1000 1455 1095 1532 ὄντος,
1119 1458 1313 1529 ἐπαόξεσθοιι.
1343 1456 1407 1541 Τρο-

311 1571 371 1656 etp
394 1569 450 1652 γὰρ
479 1569 656 1653 λαμβάνειν,
683 1569 726 1634 ὡς
754 1566 805 1628 καὶ
830 1563 975 1647 ἀνωτέρω
1007 1563 1135 1648 ἐρ’ρήὺη,
1164 1565 1202 1628 τὰ
1229 1565 1297 1630 κατ’
1328 1563 1409 1632 αὑτὰς

224 1677 297 1746 §.17-
311 1678 408 1740 ὑδατσ
434 1675 485 1738 ὂιά
509 1679 569 1736 τῶν
601 1672 751 1756 οὐρανίων
781 1673 912 1736 ὑδάτων.
957 1671 1012 1733 Διό
1040 1673 1091 1734 καὶ
1121 1675 1252 1756 μάλιστα
1276 1672 1408 1742 αὔξεσθαι

307 1784 360 1852 τὰς
381 1783 479 1866 πιγγάς
507 1781 576 1864 περὶ
601 1781 776 1865 χειμερινάς
806 1780 930 1864 τροπάς,
961 1781 1015 1841 τοῦ
1045 1779 1099 1861 μὲν
1129 1780 1220 1863 ἡλίου
1242 1782 1282 1865 μὴ
1306 1781 1409 1864 ὁμοίως

310 1891 509 1974 ἀκμάζοντος,
538 1894 598 1951 τῶν
624 1887 658 1949 δὲ
685 1886 808 1972 ὄμβρων
832 1885 1064 1972 προςτιὺέντων,
1089 1888 1147 1950 ὑπὸ
1172 1889 1208 1952 δὲ
1227 1890 1279 1958 τάς
1298 1886 1410 1973 deponis

223 2005 245 2069 s.
255 1997 295 2052 18·
308 1997 359 2060 καὶ
381 1999 435 2058 τοὺ
455 1997 545 2064 κυνός
556 1996 608 2079 τὴν
631 1993 771 2079 ἐπιτολὴν
791 1995 963 2059 τοὺναντίον
980 1996 1119 2080 πάσχειν.
1159 1995 1409 2080 Διαγινιὺσκεσὺσι

310 2105 345 2166 δὲ
367 2103 422 2173 τάς
444 2103 661 2188 εὑρισκομένας
682 2102 782 2185 πηγάς
803 2104 855 2166 καὶ
867 2101 922 2171 τάς
942 2103 1070 2188 λιβάδας
1087 2103 1216 2190 τοιυὺτιμ
1234 2106 1288 2168 τινί
1306 2104 1409 2190 τρόπῳ.

221 2209 370 2308 §.19an
397 2211 451 2293 μὲν
478 2209 536 2295 γάρ
565 2209 744 2294 εὑρεθεῖσαν
773 2210 871 2294 πηγὴν
894 2211 955 2274 ἀπὸ
982 2212 1097 2296 φλεβὸς
1130 2211 1275 2294 εὐγενοῦς
1295 2209 1409 2296 πραέως

304 2319 355 2384 καί
377 2317 549 2404 ἀρξαμένην
572 2318 650 2404 ῥέειν
675 2318 808 2383 ἐπίδοσιν
828 2339 862 2380 τε
884 2317 961 2382 κατὰ
981 2319 1086 2402 μικρόν
1101 2321 1271 2401 ποιεῖσθαι,
1289 2321 1338 2384 καὶ
1356 2318 1408 2383 ἕως

303 2550 333 2604 et
354 2542 559 2623 frequentiam.
603 2543 718 2604 Fontes
741 2540 833 2622 igitur
861 2539 1000 2601 similiter
1017 2539 1164 2619 appellari
1187 2543 1278 2605 etiam
1299 2546 1407 2624 apertas

302 2669 405 2724 venas,
427 2656 589 2730 propterea
610 2650 693 2732 quod
714 2650 836 2712 stabiles
861 2647 920 2708 sint
942 2653 972 2708 et
1000 2646 1201 2732 elongiuqno
1233 2653 1362 2713 terantur
1381 2655 1406 2708 et

302 2777 358 2838 per
379 2777 412 2819 se
435 2757 563 2818 invicem
584 2776 690 2838 aquom
713 2756 870 2835 accipiant.
914 2759 954 2816 nt
974 2773 1049 2816 vero
1062 2757 1190 2840 λιβάδας
1201 2761 1305 2821 vocari
1323 2775 1406 2838 aquas

301 2865 404 2945 pluvia
431 2864 576 2927 stillatitia
602 2875 685 2926 ortas
710 2883 787 2945 quae
814 2863 891 2925 iutra
922 2871 1031 2925 terram
1057 2864 1172 2943 opertis
1201 2875 1232 2929 et
1264 2863 1405 2929 rrrnbrosis

300 2972 379 3034 locis
409 2971 493 3034 velut
525 2973 605 3034 vasis
638 2972 858 3050 contineantur,
890 2989 989 3053 neque
1021 2989 1164 3032 venarum
1192 2974 1314 3037 effluvio
1337 2957 1403 3040 siut;

300 3079 370 3140 iude
392 3080 539 3158 accidere,
562 3086 595 3142 ut
615 3099 654 3141 ne
680 3087 874 3160 permaneant
897 3079 1018 3163 quidem
1041 3079 1171 3163 λιβάδες,
1194 3082 1249 3142 sed
1272 3079 1405 3142 citissime

301 3186 450 3260 deficiant,
472 3188 530 3249 nisi
552 3188 631 3252 forte
659 3187 822 3250 admodum
851 3205 976 3267 maguae
1004 3186 1071 3249 sint
1123 3189 1237 3252 Fontes
1261 3199 1359 3252 autem
1380 3193 1406 3248 et

299 3293 404 3372 augeri
424 3301 453 3355 et
482 3294 619 3356 desinere
648 3315 706 3375 pre
735 3294 813 3356 aeris
839 3293 993 3374 temperie.
1044 3295 1238 3360 siccitatibus
1259 3298 1337 3359 enirn
1357 3295 1406 3357 oie

300 3399 385 3476 ortis,
414 3401 513 3466 tontes
541 3422 663 3484 qnoque
690 3402 842 3478 desinere,
871 3403 1012 3482 pluvioso
1042 3423 1117 3466 vero
1138 3425 1217 3467 anno
1238 3421 1405 3486 augescere.

296 3506 436 3588 Namque
461 3509 599 3570 alimenta
628 3529 757 3588 sumere,
782 3518 816 3572 ut
845 3509 986 3590 superius
1016 3512 1103 3573 etiam
1135 3513 1248 3574 dictum
1271 3520 1325 3589 est,
1346 3513 1406 3572 ton-

296 3613 370 3676 tium
391 3636 485 3697 aquas
506 3637 522 3678 e
544 3615 726 3680 coelestibus
745 3617 839 3697 equis.
884 3622 1081 3700 Quapropter
1103 3619 1192 3682 etiam
1211 3621 1339 3682 maxime
1356 3637 1404 3679 au-

294 3723 360 3802 geri
382 3725 481 3786 fontes
507 3725 588 3786 circa
619 3723 784 3788 solstitium
808 3725 974 3804 hibernum,
997 3727 1063 3789 sole
1085 3727 1206 3809 quidem
1227 3747 1290 3790 non
1309 3724 1404 3790 simili-

293 3837 340 3890 ter
361 3838 496 3912 urgente,
525 3832 670 3893 imbribus
698 3851 773 3892 vero
802 3833 928 3915 (aliquid
953 3837 1062 3915 aquae)
1093 3834 1317 3914 adjicientibus:
1351 3831 1402 3894 sub

292 3937 439 4000 aestivum
458 3948 559 4002 autem
582 3938 744 4002 solstitium
768 3947 798 4003 et
825 3942 908 4004 cauis
940 3948 1080 4005 exortum
1100 3943 1286 4006 contrarium
1303 3941 1339 4002 iis
1358 3959 1401 3999 ac-

292 4043 403 4107 cidere.
447 4050 607 4110 Caeterum
630 4047 767 4127 dignosci
788 4048 886 4110 fontes
910 4057 1048 4130 repertos
1071 4061 1101 4114 et
1125 4071 1219 4135 aquas
1236 4051 1399 4130 stagnantes

290 4150 447 4234 (λιβάδας)
470 4154 499 4214 iu
523 4157 602 4216 irunc
623 4154 689 4216 tere
708 4155 840 4220 modurn.
887 4159 1016 4220 Fontem
1037 4167 1192 4242 repertum
1216 4179 1233 4222 e
1255 4171 1398 4238 generosa

288 4276 364 4320 veua
386 4264 416 4320 et
442 4259 551 4322 leniter
576 4261 669 4322 fluere
699 4261 833 4343 incipere
859 4272 889 4326 et
918 4265 1062 4345 patriotirn
1090 4267 1273 4332 incrementa
1293 4277 1397 4346 copem
