2984 4876
286 307 352 374 m
605 303 802 368 Quaestionum
826 302 1061 358 Democriteum

287 479 348 543 τῶν
368 473 543 558 αἰσθήσεων
565 470 724 554 σκοτύην
745 467 900 552 ὀνομάζει,
914 467 1144 553 ἀφαιρούμενος
1160 469 1253 554 αὐτῆς
1268 469 1305 532 τὸ
1322 471 1397 555 πρὸς

287 583 448 667 διάγνωσιν
470 583 525 644 τού
547 577 685 663 ἀληθοῦς
711 575 853 646 ἀπλανές.
896 574 986 659 Λέγει
1005 576 1040 640 δὲ
1062 575 1140 640 κατὰ
1159 577 1256 648 λέξιν·
1302 577 1397 642 Γνιύ·

289 713 360 776 μης
380 690 424 754 δὲ
445 686 513 751 δύο
538 687 638 750 eicis
665 683 785 748 ἰδέαι·
815 685 835 768 ἡ
861 684 1100 770 μὲνγνησύη,
1129 685 1149 768 ἡ
1177 684 1218 748 δὲ
1237 685 1396 768 σκοτίη·

288 799 351 864 καὶ
373 796 533 880 σκοτίης
564 794 630 878 μὲν
661 793 753 857 τάδε
776 791 983 877 ξύμπαντα,
1012 791 1109 878 ὄψις,
1146 793 1258 878 ἀκοή,
1283 791 1397 877 ὀδμή,

287 909 431 992 γεῦσις,
453 905 607 988 ψαῦσις·
634 901 654 985 ἡ
685 901 727 964 δὲ
755 901 896 985 γνησίη
926 900 1220 986 ἀποκεκριμένη
1243 898 1398 966 δὲταύ-

287 1035 362 1098 της.
401 1007 478 1076 Εἶτα
499 1009 668 1095 προκρίνων
688 1013 742 1092 τῆς
764 1009 884 1094 σκοτίης
903 1009 957 1094 τὴν
975 1009 1099 1094 γνησίην
1121 1007 1262 1094 ἐπιφέρει
1284 1009 1397 1092 λέγων·

280 1116 396 1186 Ὅταν
419 1118 439 1202 ἡ
465 1118 598 1201 σκοτίη
619 1115 755 1202 μηκέτι
785 1116 950 1199 δύνηται
977 1117 1072 1202 μήτε
1095 1116 1190 1203 ύρηῖν
1214 1114 1271 1179 ἐπ’
1295 1113 1397 1180 ἔλατ-

288 1223 679 1310 τον,μήταάκούειν,
710 1225 806 1310 μήτε
837 1224 1048 1308 coutetur,
1078 1225 1172 1309 μήτε
1193 1223 1398 1307 γεύεσθαι,

290 1335 393 1422 μήτε
415 1334 453 1397 ἐν
475 1335 522 1417 τῇ
543 1330 677 1417 ψαύσιι
702 1331 986 1410 αἰσθάνεσθαι,
1016 1331 1102 1397 ἀλλ’
1134 1333 1196 1396 ἐπὶ
1218 1330 1397 1396 λεπτύτε·

290 1461 367 1529 ρον.
407 1439 527 1506 Ούκοῦν
549 1438 698 1502 καὶκατὰ
720 1443 827 1504 τοῦτον
851 1442 867 1504 ὁ
892 1439 983 1524 λόγος
1005 1441 1067 1506 ἐστὶ
1088 1444 1250 1528 κριτήριον,
1274 1439 1309 1503 ὃν
1331 1461 1397 1523 ηνη-

289 1552 356 1637 σίην
385 1551 508 1634 γνώμην
538 1547 635 1611 καλεῖ.
678 1549 788 1611 Sextus
816 1551 989 1630 Empirieus
1017 1553 1083 1616 adv.
1103 1553 1243 1615 Mathem.
1266 1548 1398 1631 (Legio.)

287 1663 338 1726 lib.
358 1657 462 1743 vl1§.
485 1658 544 1721 135
556 1692 594 1706 -
608 1656 667 1721 139
685 1677 754 1739 pag.
776 1659 838 1722 399
859 1679 942 1742 seqq.
964 1661 1010 1724 ed.
1031 1661 1152 1726 Febric.

372 1770 401 1830 9.
445 1763 570 1829 Παλαιὰ
591 1765 649 1849 γάρ
678 1787 730 1844 τις,
758 1767 801 1834 ὡς
826 1771 984 1850 προεῖπον,
1005 1765 1125 1832 ἄνωθεν
1145 1765 1231 1851 παρὰ
1253 1767 1319 1834 τοῖς
1345 1785 1397 1848 μυ-

289 1879 384 1944 σικοῖς
405 1874 540 1937 κωλύεται
560 1871 634 1942 δόξα
656 1873 726 1956 περὶ
751 1876 806 1936 τοῦ
834 1873 871 1937 τὰ
895 1873 988 1959 ύμοια
1009 1875 1125 1958 ὁμοίων
1147 1873 1226 1938 εἶναι
1246 1893 1396 1957 γνωριστι-

287 1984 344 2048 κά·
365 1982 416 2047 καὶ
440 1979 552 2063 ταύτης
578 1978 666 2051 ἔδοξα
689 1980 743 2064 μὲν
772 1982 822 2045 καὶ
842 1979 1032 2066 Δημύκριτος
1053 1980 1249 2066 κεκομικέναι
1268 1978 1323 2048 τὰς
1343 1999 1395 2041 πα-

289 2089 456 2176 ραμούίας·
480 2085 568 2158 ἔδοξα
585 2088 619 2150 δὲ
640 2089 691 2152 καὶ
704 2085 832 2152 Πλάτων
850 2088 944 2172 αὐτῆς
956 2087 988 2151 ἐν
1008 2085 1128 2174 Τιμαίῳ
1148 2085 1395 2174 παρεψαυκέναι·

289 2195 359 2262 ἀλλ’
376 2198 392 2261 o
410 2195 464 2280 μὲν
472 2194 662 2280 Δημόκριτος
670 2194 722 2258 ἐπί
732 2217 764 2258 τε
777 2201 836 2260 τῶν
850 2195 999 2282 ἐμψύχων
1015 2196 1066 2260 καὶ
1082 2195 1213 2282 ἀψύχων
1230 2195 1330 2280 ἵστησι
1346 2194 1394 2256 τὸν

287 2437 357 2480 uem
386 2416 438 2491 fit,
468 2415 626 2497 genuinam
654 2415 751 2494 ducit,
776 2415 836 2479 fide
861 2417 983 2496 dignum
1011 2415 1144 2478 veritatis
1165 2415 1316 2494 judicium
1339 2431 1394 2476 suo

287 2523 460 2590 testimonio
484 2522 543 2602 ipsi
571 2521 719 2586 tribuens:
755 2524 957 2606 coguitionem
986 2531 1085 2588 autem
1113 2541 1296 2604 persensus
1317 2539 1394 2583 com·

287 2633 388 2715 pareri
413 2631 531 2694 solitam
560 2630 721 2692 obscuram
750 2640 855 2712 vocet,
884 2633 915 2696 in
939 2652 1013 2696 vero
1052 2632 1255 2696 discernendo
1285 2625 1393 2692 erroris

287 2741 467 2804 vacuitatem
494 2737 523 2799 ei
543 2737 683 2818 eripiens.
735 2740 817 2801 Dicit
838 2746 938 2802 autem
964 2742 1168 2804 adverbum:
1206 2734 1392 2821 Cognitionis

287 2849 368 2911 duae
389 2855 465 2909 eunt
485 2848 604 2927 species,
622 2849 723 2910 altera
741 2850 891 2929 genuina,
912 2851 1014 2911 altera
1032 2847 1174 2921 obrosum·
1202 2857 1236 2911 ct
1255 2844 1392 2908 observat

287 2957 410 3036 quidem
428 2955 502 3016 haec
514 2963 589 3016 stent
607 2958 722 3032 οωιιία,
734 2957 824 3034 ciero,
838 2957 972 3035 audiuu,
989 2957 1135 3042 olfactum,
1146 2964 1268 3037 gustus,
1280 2957 1392 3020 tactum

284 3067 426 3145 genuina
445 3071 549 3125 autom
568 3063 630 3124 illa
653 3070 707 3138 ert,
731 3084 809 3144 quoe
826 3061 864 3126 ab
888 3064 948 3126 hac
977 3073 1020 3126 cst
1042 3072 1165 3127 secreta.
1209 3058 1326 3125 Deiude
1344 3070 1390 3132 ge*

287 3171 410 3235 nuiuum
437 3171 586 3234 obscurae
605 3172 779 3250 praeterens
810 3173 963 3252 subjungit
989 3175 1079 3236 haee:
1109 3172 1241 3244 Quando
1269 3164 1389 3228 obscura

286 3299 352 3342 non
372 3281 507 3359 amplum
518 3285 620 3358 potest
643 3279 679 3338 in
702 3278 790 3341 retus
802 3281 889 3360 justo
908 3279 1078 3344 minoribus
1097 3295 1195 3361 neque
1215 3275 1323 3346 uidere,
1341 3283 1389 3326 ne-

287 3407 345 3467 que
362 3387 482 3461 audin,
502 3405 599 3466 neque
618 3387 752 3466 odoran',
773 3408 870 3468 neqrae
890 3397 1027 3469 gustare,
1046 3409 1144 3468 neque
1166 3393 1255 3449 tuctu
1274 3375 1386 3443 sentire,

286 3493 340 3556 red
354 3493 398 3555 ad
417 3491 559 3555 nouum
579 3495 854 3577 (confugiendum).
894 3497 951 3559 Est
967 3497 1058 3577 igitur
1078 3515 1116 3558 cx
1136 3487 1300 3556 Democriti
1320 3495 1388 3562 quo-

288 3621 346 3684 que
377 3601 525 3664 sententia
551 3602 627 3663 ratio
658 3621 759 3664 rerum
786 3603 914 3682 arbitra,
955 3623 1046 3686 quem
1074 3602 1207 3684 appellet
1236 3591 1386 3679 genuinam

287 3710 498 3792 cognitionem.

370 3821 400 3880 2.
442 3817 522 3879 Nam
543 3825 629 3881 vetus
651 3819 805 3902 quaedem,
830 3825 864 3882 ut
883 3818 968 3900 prius
988 3818 1058 3894 dixi,
1080 3819 1189 3896 etjam
1210 3809 1323 3894 pridem
1343 3813 1385 3857 r&

287 3931 374 4006 cepte
394 3924 472 3988 iuter
491 3927 634 4006 physicos
654 3936 791 3992 versatur
809 3928 921 4010 opinio,
939 3925 1047 3990 similia
1064 3925 1212 3988 similibus
1234 3900 1383 4018 cogn⁰⁵⁰{i

286 4041 375 4115 atque
392 4036 457 4112 ejus
478 4034 599 4116 quidem
621 4035 703 4098 visus
725 4043 772 4098 est
794 4036 884 4098 etiam
904 4034 1098 4098 Democritus
1120 4033 1232 4114 aliquas
1252 4009 1383 4104 probabl-

285 4140 329 4202 les
352 4141 462 4203 afferre
482 4143 622 4205 rationes.
653 4143 747 4206 Visus
763 4151 809 4206 est
830 4144 956 4206 etPlato
971 4163 1036 4205 eum
1057 4142 1190 4222 tetigisse
1209 4138 1238 4197 iu
1258 4127 1380 4191 Timaeo.

285 4248 347 4311 Sed
367 4249 561 4312 Democritus
589 4251 627 4313 de
656 4251 792 4314 animetis
813 4257 844 4314 et
867 4252 1003 4314 inmunis
1033 4271 1069 4315 cu
1090 4269 1165 4332 quae
1189 4241 1259 4308 dicit
1279 4223 1382 4297 statuit·
