2938 4864
311 324 376 392 294
634 326 833 391 Quaestionum
850 324 1083 382 Democriteum

315 491 574 578 poeaitentiam
601 491 652 556 sai
678 492 794 578 dud-sap
822 513 840 556 e
866 491 1033 556 Burchardi
1059 493 1228 574 conjectum
1254 509 1306 574 pro
1325 489 1392 574 λόρρ

313 599 365 664 aci
387 598 516 684 ἀνάγκη,
538 597 638 671 ionico
658 619 717 683 pro
741 599 870 664 συνέσει.

400 707 469 774 136.
511 709 691 772 Mutavimns
711 705 886 794 κρεόσσονές
907 705 981 770 εἰσιν
1000 707 1032 769 in
1045 705 1205 791 κρέσσονές
1225 705 1280 770 εἰσι
1292 713 1320 770 et
1333 705 1393 788 dpa-

312 811 378 878 δῶν
400 817 433 878 in
451 813 610 899 ἀμαθέσιν.

401 923 471 988 138.
496 923 669 986 Ἐόίόίιτιοε
685 921 765 986 ἀλλὰ
787 914 941 1006 ξυμφορὴ,
961 929 1057 986 otest
1074 921 1191 986 inCod.
1206 920 1308 996 Palat3
1326 921 1395 984 Orel-

313 1027 373 1092 lius
398 1037 429 1093 et
458 1031 651 1095 Burchardus
684 1027 765 1092 titi
803 1027 965 1113 συμφορὴ,
993 1026 1086 1108 vulgo
1119 1026 1189 1091 ἀλλ’
1216 1029 1236 1112 ἡ
1267 1030 1395 1114 σνρφορό.

314 1137 449 1200 Orellius
470 1137 508 1200 ad
525 1139 701 1202 sententiam
722 1136 930 1200 illustrandam
951 1136 1061 1216 allegat
1081 1137 1230 1200 Manuelis
1249 1135 1395 1216 Pelaeologi

314 1245 444 1308 verhae
466 1245 638 1328 praeceptis
660 1243 846 1306 educationis
865 1243 967 1324 regiae
997 1263 1063 1324 cup.
1085 1244 1126 1306 32
1148 1264 1216 1326 pag.
1237 1246 1277 1309 38
1294 1245 1336 1308 ed
1355 1246 1397 1306 lia·

314 1350 361 1414 sil.
383 1351 492 1435 quibus
514 1351 545 1414 in
566 1372 600 1414 re
624 1350 714 1434 plana
732 1370 795 1414 non
815 1371 948 1432 egemus.

400 1461 470 1523 139.
513 1459 697 1541 scripsimus
719 1455 859 1541 φρονέειν
880 1479 938 1540 pro
961 1461 1094 1544 φρονεῖν.
1137 1461 1249 1524 Mirum
1266 1469 1316 1538 est,
1335 1457 1397 1542 quod

314 1565 346 1630 in
371 1567 488 1646 eodem,
509 1588 598 1650 quem
620 1566 785 1643 citavimus,
805 1567 881 1630 Ood.
905 1566 989 1628 Flor.
1009 1586 1039 1646 p.
1061 1567 1124 1630 376
1146 1569 1207 1631 hoc
1227 1569 1397 1650 fragmentum

313 1673 345 1735 in
368 1693 557 1738 communem
583 1672 744 1737 dialectum
772 1673 947 1737 translatum
982 1673 1123 1754 apposito
1145 1673 1285 1738 lemmate
1306 1673 1398 1738 Δίωνος

312 1783 368 1846 τοῦ
384 1777 546 1865 Ῥωμαίου
568 1781 730 1846 invenitur:
754 1775 842 1842 Ἔστι
866 1801 927 1842 που
959 1778 1077 1848 σύνεσις
1099 1779 1178 1844 νέων
1201 1783 1252 1846 καὶ
1274 1778 1397 1864 γερόντων

312 1887 473 1954 ἀσονεσόα·
503 1887 715 1973 χρυσόστορος
742 1887 878 1968 (corrige
902 1885 1027 1972 χρόνος)
1056 1887 1114 1972 γὰρ
1136 1887 1173 1952 οὐ
1196 1889 1326 1952 διδάσκει
1345 1883 1398 1971 φρό·

312 2017 408 2080 unctu,
430 1993 511 2060 ἀλλὰ
531 1993 621 2080 φόσις
638 1995 691 2059 καὶ
713 1991 791 2078 όρδὴ
817 1993 927 2058 δίαιτα.
971 1997 1052 2058 Idem
1074 1997 1275 2077 fragmentum
1292 2003 1400 2078 praeter-

312 2125 348 2168 ea
371 2104 483 2185 legitur
508 2123 556 2185 ap.
582 2102 693 2166 Anton.
722 2121 789 2182 pag.
813 2103 893 2178 875,
928 2101 984 2164 sed
1014 2104 1202 2168 Philemonis
1229 2105 1342 2168 nomine
1368 2103 1399 2163 in·

311 2213 465 2293 scriptum.

397 2321 468 2382 1¹40.
510 2318 595 2380 ldem
619 2319 841 2401 apophthegma
870 2318 1021 2398 reperitur
1050 2319 1127 2382 inter
1147 2320 1400 2384 Pseudodemocra·

311 2427 371 2491 tioa
391 2446 420 2491 n.
443 2429 484 2490 99
509 2425 603 2488 Orell.
1428 2451 1429 2504 φ

399 2535 468 2602 111.
512 2531 646 2596 Similem
666 2533 737 2596 huic
765 2541 795 2598 et
822 2535 1016 2614 praecedenti
1038 2533 1205 2598 sententiae
1226 2533 1399 2600 Heraclitean
1428 2509 1429 2520 ό

312 2663 380 2706 esse
396 2647 524 2720 constat,
547 2642 633 2720 cujus
652 2641 835 2704 mentionem
855 2641 927 2704 lacit
945 2641 1100 2724 Diogenes
1120 2644 1260 2707 Laertius
1280 2637 1398 2712 lib.lX,l

309 2751 357 2814 his
378 2750 493 2814 verbis:
525 2745 729 2831 μεγαλόφρων
761 2745 796 2808 δὲ
821 2744 928 2829 γέγονε
955 2746 1031 2832 παρ’
1060 2749 1218 2812 ὁντιναοῦν
1244 2748 1293 2813 καὶ
1316 2737 1400 2825 ὑπερό-

308 2879 395 2940 πτης,
425 2859 468 2925 ὡς
493 2855 545 2918 καὶ
573 2851 608 2916 ἐκ
637 2857 692 2916 τοῦ
719 2853 952 2936 συγγράμματος
981 2853 1076 2919 αὐτοῦ
1104 2856 1208 2940 δῆλον,
1241 2855 1272 2919 ἐν
1297 2849 1321 2940 qi
1344 2866 1401 2935 phil

309 2960 495 3046 Hohopciihp
517 2959 587 3024 νόον
611 2959 647 3024 od
669 2960 815 3024 dadolenae.
847 2957 934 3025 Εἶναι
952 2961 1010 3047 γὰρ
1029 2961 1062 3026 ἓν
1074 2963 1108 3026 τδ
1130 2963 1229 3048 σοφδν
1246 2955 1401 3026 ἐπίστασθον

307 3071 432 3153 γνώμην
453 3071 508 3155 ἤτε
528 3069 558 3132 oi
578 3069 643 3154 (ulii
656 3068 713 3150 leg.
730 3067 781 3130 ὅτε
796 3061 834 3152 ᾖ)
858 3067 1073 3154 ἐγκνβερνήσει
1094 3070 1192 3133 πάντα
1218 3069 1269 3134 διὰ
1292 3067 1400 3131 πάντων.

308 3177 450 3241 Extrema
475 3179 519 3243 sie
545 3178 740 3259 corriguntur
763 3175 802 3237 ab
829 3177 999 3240 Eichholho
1022 3177 1098 3258 disp.
1125 3178 1163 3240 de
1186 3178 1339 3242 doctrinae
1358 3171 1401 3233 He

307 3283 403 3347 raclit.
426 3287 552 3368 princip.
569 3284 751 3366 Maguntiooi
776 3285 873 3347 tout:
901 3284 955 3366 ἦτε
984 3282 1033 3368 οἴη
1056 3283 1287 3370 ἐρωβερνήσαι.
1327 3281 1401 3345 Ritte

307 3410 361 3453 rus
389 3391 420 3453 in
453 3395 562 3456 Gesch.
591 3394 646 3456 der
672 3392 747 3454 Phil.
778 3392 899 3455 'Poml
926 3413 956 3474 p.
981 3395 1043 3457 240
1065 3393 1159 3456 scribi
1183 3393 1263 3456 vult:
1294 3393 1346 3476 ἥτε
1364 3381 1399 3461 οἴη

308 3496 540 3584 ἑγκυβερνήσει,
568 3503 799 3562 Tennemamuus
829 3499 938 3561 Gesch.
968 3502 1024 3564 der
1046 3501 1122 3566 Phil.
1153 3504 1274 3567 Tom.l
1304 3522 1333 3582 p.
1353 3493 1399 3558 tii

308 3605 355 3668 ed.
377 3607 504 3669 Wendt:
533 3607 589 3691 ἥτε
612 3606 837 3691 ἑγκυβερνήσει,
857 3607 1065 3671 Burchardus:
1096 3608 1161 3692 οἵην
1189 3632 1221 3673 τε
1244 3597 1400 3692 &paupeperi-

308 3735 382 3776 σειν.
426 3715 499 3777 Mihi
531 3716 706 3796 ponendum
734 3716 853 3778 videtur
881 3723 932 3777 aut
958 3713 1024 3798 οἵην
1050 3738 1083 3778 τε
1112 3715 1338 3802 ἐγκνβερνῇσαι,
1362 3711 1400 3771 aut

307 3821 436 3884 tortasse
467 3822 579 3884 rectius
614 3821 810 3906 ἐρνυβερνῇν,
837 3824 855 3885 i.
881 3843 907 3886 e.
937 3821 1138 3908 ἐγκυβερνᾷν,
1167 3821 1399 3908 quemadmodum

306 3928 511 4009 llippoorutes
538 3933 665 4011 φοιτῇν,
694 3930 787 4014 όρῇν,
815 3936 845 3993 ei
873 3931 931 3994 alia
961 3939 1096 4012 usurpat.
1146 3935 1194 3995 De
1221 3951 1310 3995 sensu
1329 3929 1400 4004 htrjos

307 4034 369 4097 loci
389 4037 458 4098 vide
478 4035 691 4099 Casanbonnm
715 4045 746 4100 et
766 4037 937 4118 Menagium
961 4039 1151 4118 disserentes,
1170 4041 1221 4125 qni
1243 4046 1274 4102 et
1291 4037 1399 4100 atioruu

308 4141 389 4203 dicta
411 4161 473 4204 non
501 4142 648 4204 absimilia
674 4144 773 4206 citant
826 4145 1011 4210 Heraclitum
1038 4147 1199 4229 opinamur
1229 4149 1260 4210 in
1286 4157 1397 4228 pronun·

308 4247 407 4308 tiaurda
434 4249 490 4308 hac
518 4249 664 4311 sententio
690 4251 720 4313 id
750 4251 940 4332 potissimum
964 4261 1128 4334 spectasse,
1156 4265 1189 4320 ut
1211 4253 1398 4318 dehortaretur
