2956 4860
245 302 286 370 12
570 301 767 364 Quaestionum
797 299 1033 356 Democritaarmn

243 471 413 555 Sophocles
434 491 471 535 ec
500 467 609 532 deinde
628 467 798 549 Euripides,
830 468 936 550 tragici
955 473 1074 550 poetae,
1102 475 1133 532 et
1153 469 1357 551 Hippocrates

243 581 379 644 medicus
399 587 430 643 et
450 577 642 643 Democritus
664 575 876 657 Philosophus,
900 576 1008 660 quibus
1029 578 1172 641 Socrates
1191 577 1358 640 Athenien-

245 688 288 752 sis
306 695 378 751 natu
406 687 527 772 quidem
555 685 708 766 posterior
734 685 798 761 luit,
827 685 883 747 sed
903 683 1082 768 quibusdam
1101 686 1287 768 temporibus
1306 685 1358 747 iis

245 795 315 858 dem
331 793 499 858 vixerunt'’
545 793 580 857 Si
603 791 728 856 Suidam
748 792 902 874 sequimur
921 813 950 856 v.
971 790 1161 876 Δημόκριτος
1175 793 1236 874 ³⁴),
1256 794 1359 856 lucem

245 903 363 984 aspexit
382 903 497 968 Noster
521 903 627 966 eadem
645 921 706 984 qua
726 903 870 965 Socrates
890 900 1081 981 Olympiade,
1105 901 1136 963 id
1163 909 1210 965 est
1236 909 1360 984 septua-

245 1011 360 1092 gesima
381 1011 516 1092 septima,
538 1010 586 1074 vel
612 1009 678 1072 aliis
699 1009 826 1072 tesbbus
845 1006 1026 1091 Olympiade
1047 1009 1240 1090 octogesima.
1280 1009 1359 1072 Gor-

245 1119 312 1182 sino
333 1119 414 1182 Fast.
435 1117 496 1182 hri.
514 1119 550 1181 T.
567 1119 615 1180 111.
644 1139 674 1200 p.
700 1119 758 1182 181
782 1116 903 1194 demus,
932 1123 1090 1199 utramque
1111 1118 1287 1180 senteutiam
1306 1117 1359 1179 vel

246 1225 430 1308 scriptorum
452 1226 626 1307 opinionem
652 1227 816 1308 sumpsisse
838 1224 963 1286 Suidam
984 1243 1023 1286 ex
1045 1225 1192 1306 Diogenis
1216 1225 1288 1288 loco
1306 1246 1359 1287 su-

246 1355 302 1416 pra
331 1333 470 1411 laudato,
503 1333 587 1416 quod
620 1333 689 1396 illae
720 1339 790 1396 c'um
817 1333 969 1414 Thrasylli
1001 1339 1032 1396 et
1058 1331 1242 1416 Apollodori
1275 1333 1360 1415 apud

245 1443 398 1506 Lnertium
433 1440 611 1504 testimoniis
637 1441 760 1503 omnino
789 1441 980 1505 conveniunt.
1028 1445 1133 1523 Longe
1164 1439 1292 1506 discedit
1318 1443 1360 1504 ab

247 1549 386 1614 omnibus
412 1547 562 1610 Eusebius
592 1547 624 1609 in
655 1548 824 1612 chronicis.
876 1549 934 1612 llic
960 1569 1023 1613 non
1047 1551 1210 1629 deliniens,
1235 1551 1360 1634 quando
1469 1567 1474 1624 ·,

246 1663 407 1739 generatus
431 1654 471 1718 sit
493 1656 704 1734 Democritus,
733 1661 785 1716 aut
806 1657 969 1720 memoriae
988 1658 1076 1739 lapsu
1096 1664 1149 1721 aut
1167 1658 1359 1721 librariorum
1470 1668 1475 1749 ξ

247 1764 322 1829 vitio
342 1762 389 1825 bis
407 1761 460 1844 ⁵⁵)
481 1763 562 1839 dicit,
583 1763 704 1846 quando
725 1762 776 1825 ille
798 1763 943 1844 floruerit,
965 1765 1176 1830 diversissimis
1199 1765 1361 1828 nominatis

247 1870 446 1953 temporilins.
485 1869 604 1933 Etenim
627 1870 667 1932 ad
694 1869 815 1951 Olymp.
836 1874 888 1948 70,
911 1876 938 1936 l.
955 1873 1006 1956 ³⁶)
1023 1876 1162 1939 adnotat:
1178 1869 1362 1941 Ἑλλάνικος

248 1977 499 2062 ἱστοριογράφος,
528 1977 579 2039 καὶ
607 1975 799 2060 Δημόκριτος
828 1977 1010 2066 φιλόσοφος,
1039 1982 1090 2046 καὶ
1115 1979 1317 2064 Ἡράκλειτος
1342 1979 1360 2042 ὃ

249 2083 412 2163 morensis,
435 2083 486 2147 aul
501 2080 711 2168 Ἀναξαγόρας
735 2085 862 2170 φυσικὸς
885 2085 1093 2172 ἑηνωρίζοντο,
1111 2091 1194 2174 quod
1210 2089 1362 2170 Hierony·
1471 2132 1476 2171 η

316 2309 355 2373 ³⁴)
375 2307 472 2360 Suldus
489 2320 514 2358 ν.
535 2299 698 2377 Δημόκριτος
722 2308 772 2360 ita:
801 2308 915 2378 γεγονὼς
941 2305 984 2362 brt
1002 2310 1048 2364 aci
1066 2307 1209 2382 Σωκράτης
1225 2307 1239 2360 b
1257 2307 1363 2382 φιλόσο-

248 2405 298 2462 φος
324 2387 392 2441 κατὰ
424 2387 471 2459 τὴν
502 2384 538 2448 οξ
560 2383 726 2456 Ὀλομπιάδα
749 2386 783 2451 (ol
810 2388 839 2441 bt
866 2389 936 2442 κατὰ
956 2389 981 2444 τ’
1000 2390 1077 2464 φασίν
1085 2396 1102 2458 ·)
1143 2395 1270 2444 Socrates
1290 2394 1362 2444 enirn

250 2472 354 2536 Olymp.
373 2467 415 2534 77,
433 2467 456 2520 l.
481 2471 587 2535 genitus
611 2474 675 2533 post
691 2473 860 2535 septuaginta
878 2487 1011 2524 annorum
1033 2474 1113 2524 vitem
1132 2477 1219 2537 primo
1237 2489 1363 2539 nonage-

248 2555 333 2605 simae
353 2552 463 2617 quintae
481 2550 644 2615 Olympiadis
661 2563 732 2602 anne
748 2550 821 2615 obiit,
845 2555 876 2603 ut
893 2555 1046 2607 exhaustio
1064 2555 1217 2617 Apollodori
1235 2557 1362 2606 auctori-

249 2637 304 2686 tem
326 2635 479 2684 antestante
500 2631 637 2682 discimus.
679 2632 724 2682 Sic
750 2634 821 2682 enim
848 2633 890 2684 iile
909 2633 952 2685 lib.
974 2635 1004 2696 ll,
1023 2631 1063 2684 lt.
1085 2631 1210 2705 ἐγεννήθη
1232 2631 1260 2686 ct
1282 2631 1364 2696 iaedi

250 2729 327 2785 φησιν
341 2709 543 2782 Ἀποὶλόδωρος
563 2704 589 2761 ἐν
604 2713 659 2769 τοῖς
674 2717 816 2784 χρονικοῖς)
830 2712 872 2766 lul
887 2709 1054 2784 Ἀψτρίοννος
1072 2712 1099 2766 ἕν
1121 2717 1159 2786 τῷ
1176 2715 1292 2786 τετάρτῳ
1311 2717 1365 2769 irat

248 2798 294 2864 τῆς
322 2792 518 2863 ἑβδομηκοστῆς
543 2787 656 2860 ἑβδόμης
679 2787 867 2860 ’[ἱλυρπιάοος,
894 2789 1077 2865 θαργηλιῶνος
1104 2793 1175 2868 lurp,
1203 2792 1246 2847 dra
1270 2793 1364 2850 aedel-

251 2890 325 2945 poum
342 2874 389 2944 την
408 2869 483 2924 πόλιν
507 2867 644 2940 Ἀθηναῖοι
671 2872 717 2924 aei
731 2874 778 2944 την
796 2869 919 2946 Ἄρτεμιν
939 2871 1058 2943 γενέσθαι
1075 2871 1167 2948 Δήλιοί
1186 2893 1273 2946 φασιν.
1310 2878 1365 2930 lra-

249 2953 359 3022 hebrum
384 2951 412 3005 dl
434 2953 473 3021 τῷ
496 2951 593 3024 πρώτῳ
619 2949 670 3003 lura
695 2956 742 3024 τῆς
761 2952 931 3025 ἐνενηκοστῆς
950 2956 1067 3026 πέμπτης
1084 2953 1271 3025 ’(Ῑλυρτιάδος,
1290 2975 1364 3029 ηερο-

249 3033 302 3090 νὼς
325 3031 390 3084 ἐτῶν
411 3029 601 3103 ἐβδομήκοντα.
641 3033 777 3087 llurleaius
810 3038 856 3101 qui
882 3038 917 3088 ed
942 3037 1044 3089 lubrie.
1071 3039 1135 3090 Dibl.
1156 3041 1199 3090 Gr.
1225 3039 1270 3092 lib.
1290 3043 1319 3093 ll.
1340 3057 1365 3094 c.

250 3113 336 3166 lllllV.
361 3129 386 3178 p.
404 3111 462 3164 678.
487 3113 639 3176 contendit,
666 3116 776 3167 Stridem
802 3117 907 3179 dicere,
933 3118 1028 3168 eiciam
1055 3119 1237 3171 Democritum
1266 3123 1365 3175 eodem

251 3199 441 3259 temporeque
458 3195 712 3259 Socratcmoiymp.
730 3195 770 3248 77.
785 3197 827 3249 uei
848 3199 998 3250 secuudum
1017 3200 1082 3251 ulios
1101 3198 1142 3264 80,
1163 3215 1217 3252 non
1238 3203 1368 3256 intellexit

252 3279 278 3326 iu
299 3275 399 3326 suidas
416 3275 476 3326 loco
495 3277 665 3339 participium
685 3277 747 3328 iliud
764 3277 888 3347 γεγονώς,

321 3366 362 3430 ³¹)
379 3367 531 3420 Mirandum
553 3369 596 3418 est
618 3370 799 3422 recentiorum
825 3373 968 3434 neminem,
987 3371 1060 3436 qarod
1079 3373 1171 3434 sciam,
1187 3373 1367 3426 animaduer—

253 3449 326 3507 tisse,
355 3446 390 3496 nd
409 3445 543 3510 duplicem
571 3451 688 3500 nentem
712 3449 747 3501 ab
770 3449 885 3502 Eusebio
906 3454 1027 3504 revocari
1045 3453 1189 3503 Democriti
1207 3455 1366 3508 cleritatem.

252 3528 357 3592 Quippe
383 3539 491 3588 omnes,
521 3526 621 3579 ubido
647 3529 762 3582 Eusebio
788 3532 950 3597 loquuntur,
972 3533 1035 3583 iliud
1067 3533 1178 3584 tacitum
1203 3535 1367 3600 relinquunt,

253 3609 326 3674 qarod
346 3607 381 3658 ad
398 3607 435 3657 Ol.
454 3604 495 3658 86.
523 3607 664 3674 observet,
689 3611 716 3662 id
738 3613 866 3676 temporis
889 3627 996 3679 quoque
1023 3613 1150 3664 claruisse
1173 3614 1368 3670 Democritum.
1475 3587 1476 3624 ἶ

254 3687 324 3750 Quid
344 3700 410 3739 roro
424 3687 560 3740 llarlesius
585 3691 715 3755 voluerit,
742 3694 844 3756 ignoro.
884 3696 909 3746 la
929 3695 999 3747 enim
1024 3695 1040 3744 l.
1059 3693 1073 3742 Ι.
1099 3693 1217 3744 Baetium
1230 3697 1318 3748 citans
1340 3713 1365 3750 ν.
1475 3733 1476 3746 .

252 3771 407 3821 Democrito
428 3769 489 3821 adn.
507 3770 538 3821 D.
556 3774 584 3822 et
599 3773 770 3825 lleiuersium
790 3775 850 3826 hist.
867 3775 961 3840 discip.
983 3789 1024 3839 ep.
1037 3777 1079 3825 Gr.
1098 3777 1126 3824 et
1142 3775 1215 3825 Rom.
1225 3776 1244 3825 1.
1266 3791 1292 3840 p.
1306 3774 1367 3842 7u6,

252 3849 399 3901 Eusebium
419 3849 484 3902 dicit
504 3865 557 3902 non
575 3853 677 3919 Olymp.
695 3852 737 3916 86,
758 3853 963 3922 l.sed01ymp.
981 3854 1022 3918 70,
1035 3855 1057 3907 1.
1079 3856 1229 3918 scripsisse,
1247 3856 1274 3906 id
1292 3859 1367 3924 quod

253 3933 337 3984 usum
364 3929 514 3996 legentibus
549 3939 655 3996 moret,
680 3937 742 4000 quin
774 3939 919 4001 utrumque
945 3939 1060 4000 scripsit.
1106 3937 1165 3986 istis
1183 3939 1274 3986 autem
1295 3953 1367 4003 qrros

258 4014 387 4064 excitavit
403 4013 470 4064 locis
490 4026 577 4078 neque
594 4015 698 4066 Bnetius
716 4029 767 4066 uec
784 4016 941 4069 lleinersius
961 4020 1107 4084 quidquam
1132 4017 1293 4080 edisserunt,
1312 4034 1368 4084 quc

256 4093 298 4142 itin
315 4093 427 4144 Harlesii
444 4094 534 4157 opinio
560 4095 726 4160 defendetur,
748 4097 800 4148 ulte
820 4099 910 4161 potius
929 4098 1034 4150 silentio
1059 4100 1172 4150 aiterum
1192 4101 1299 4163 tempus
1318 4102 1368 4162 (Ol.

252 4173 294 4238 86,
314 4171 345 4238 l.)
365 4177 576 4239 proetereuntes.

324 4265 364 4329 ³⁶)
381 4265 476 4320 Euseb.
491 4265 587 4320 chron.
605 4281 631 4332 p.
651 4263 701 4319 lbb
728 4269 760 4319 in.
774 4269 901 4335 scaligeri
924 4271 1060 4324 Thesauro
1078 4272 1249 4338 Temporum.
