2938 4864
281 301 346 368 276
614 299 810 364 Quaestionum
829 295 1060 354 Democriteum

284 466 360 552 μηδ’
386 466 463 546 ἑνὸς,
492 469 521 531 d.
543 471 572 534 h.
599 470 701 550 τυχεῖν
729 465 857 528 ἑκάστου
888 465 986 528 tossen
1010 462 1121 527 liesse.''
1165 465 1301 548 Apparet
1320 469 1399 530 Bur-

285 577 430 640 chardum
452 577 483 637 in
505 596 542 639 co
566 575 756 657 potissimum
778 572 897 654 lapsum
918 591 994 649 esse,
1017 573 1099 654 quod
1120 576 1221 658 τυχεῖν
1248 572 1317 642 ἑνός
1337 595 1398 654 pro

283 687 387 768 τυχεῖν
411 683 540 746 ἑκάστου
563 684 690 764 accepit,
716 701 793 776 quae
814 700 966 764 nunquam
981 700 1001 741 a
1016 681 1142 744 Graecis
1164 683 1398 745 confirnduntnr.

284 791 346 854 iles
365 797 464 854 autem
490 793 534 854 sic
562 792 758 872 expedienda.
809 784 981 873 Κυβιστᾷν,
1010 789 1172 869 interprete
1202 790 1326 852 Oleario
1358 792 1399 853 ad

285 899 456 962 Philostrat
475 900 527 962 vit.
557 900 659 981 Apoll.
681 919 710 980 p.
729 901 770 962 80
799 902 845 959 est
872 903 973 958 rotare
994 916 1038 972 se,
1058 905 1149 978 caput
1169 897 1320 972 deorsum,
1345 918 1399 977 pe-

286 1009 340 1071 des
361 1026 481 1070 sursum
504 1008 663 1087 projicere,
686 1007 725 1069 ita
749 1014 847 1068 tanuen
867 1011 908 1080 ut,
928 1004 1102 1086 priusquam
1121 1007 1150 1068 in
1174 1010 1283 1067 terram
1306 1004 1398 1066 deve-

284 1117 358 1192 nias,
390 1135 447 1178 suo
474 1115 546 1177 loco
575 1123 666 1194 caput
694 1123 724 1178 et
753 1113 846 1195 pedes
874 1113 1046 1176 consistant
1102 1113 1149 1175 (lt.
1178 1113 1328 1176 Menrsins
1358 1115 1397 1175 de

286 1223 382 1286 saltat
403 1229 462 1285 vet
484 1221 513 1282 in
537 1223 673 1286 Gronov.
703 1224 847 1284 l‘lnesaur.
869 1221 958 1302 antiq.
985 1221 1037 1284 (ir.
1059 1220 1120 1284 vol.
1139 1223 1208 1284 Vlll
1230 1227 1261 1284 ct
1281 1222 1397 1283 Boetti-

286 1351 349 1411 ger.
369 1332 398 1391 in
418 1329 512 1392 libror
542 1329 763 1410 Andeutungen
780 1349 817 1390 zu
845 1331 885 1392 ii
912 1328 1124 1408 Vorlesungen
1150 1349 1180 1408 p.
1199 1332 1268 1392 155.
1313 1330 1396 1409 Ergo
1460 1351 1461 1408 q

286 1439 455 1512 saltatores,
487 1438 572 1500 linita
602 1438 721 1500 deumm
753 1437 945 1520 κυβιστήσει,
980 1436 1158 1516 compositis
1187 1437 1226 1498 ad
1262 1439 1397 1517 priorem

286 1547 374 1610 situm
400 1547 593 1628 habitumque
616 1545 756 1606 membris
788 1551 951 1625 erectoque
981 1563 1111 1624 corpore
1135 1545 1262 1625 pedibus
1283 1545 1312 1606 in
1334 1546 1398 1624 gla-

287 1655 405 1717 diorum
431 1653 536 1715 orbem
557 1653 697 1716 insiliunt.
740 1652 797 1713 llic
820 1652 902 1714 orbis
922 1671 939 1712 e
961 1651 1069 1732 gladiis
1088 1653 1198 1714 strictis
1212 1652 1397 1735 intenseque

286 1761 431 1825 connexis
458 1781 586 1843 quornm
615 1757 715 1842 capuli
743 1767 842 1821 terrae
866 1759 949 1820 aliisi
970 1768 1048 1838 sunt,
1070 1761 1225 1823 coniectus
1246 1761 1324 1822 adeo
1345 1782 1394 1823 an-

287 1876 392 1952 gustus
415 1879 468 1944 est,
494 1881 528 1930 ut
560 1869 630 1928 nihil
661 1869 718 1930 nisi
742 1868 835 1948 pedes
859 1867 1010 1932 saltatoris
1037 1868 1144 1949 capiat.
1187 1872 1274 1949 Quae
1296 1870 1399 1929 omnia

286 1957 433 2061 quadrant
455 1997 524 2039 eum
551 1976 580 2036 in
602 1975 819 2055 Xenophontis
848 1976 950 2038 locum
973 1978 1037 2054 jam
1065 1976 1102 2037 ab
1126 1974 1241 2038 Orellio
1264 1974 1396 2048 eliacim,

285 2093 349 2148 tum
372 2086 402 2146 in
426 2085 623 2164 fragmentum
643 2083 871 2146 Democriteum
892 2085 977 2160 cujus
1000 2103 1091 2144 causa
1109 2082 1157 2144 hic
1180 2101 1280 2144 sermo
1301 2101 1320 2144 a
1341 2103 1397 2144 no-

285 2194 332 2256 bis
352 2193 504 2256 institutus
525 2196 579 2253 est.
623 2191 674 2254 tit
691 2191 835 2271 Xenoplr.
858 2190 984 2252 l'ormiv.
1006 2210 1071 2269 cap.
1089 2190 1113 2251 ll
1134 2186 1161 2271 ξ.
1183 2192 1238 2252 ll:
1263 2189 1339 2271 μετὰ
1362 2192 1396 2252 οὲ

284 2304 374 2362 τοῦτο
406 2297 516 2367 κύκλος
546 2296 706 2383 εἰσηνέχθη
737 2298 917 2382 περίμεεεος
950 2296 1044 2380 ξιφῶν
1085 2294 1197 2378 ὀρθῶν.
1258 2293 1312 2366 Εἰς
1342 2297 1397 2361 οὖν

284 2411 380 2471 ταῦτα
409 2407 429 2489 ἡ
463 2405 624 2490 ὀρχηστρὶς
651 2405 793 2490 ἐκυβίστα
827 2425 860 2466 τε
887 2403 938 2466 καὶ
968 2403 1143 2488 ἐξεκυβίστα
1173 2403 1247 2489 ὑπὲρ
1278 2405 1397 2468 αὐτῶν·

286 2515 366 2576 ὥστε
390 2514 418 2575 el
441 2513 495 2596 μὲν
516 2513 670 2596 θεώμενοι
689 2513 858 2598 ἐφοβοῦντο
882 2512 922 2595 μή
942 2533 970 2574 τι
988 2511 1086 2594 πάθῃ,
1107 2511 1126 2592 ἡ
1147 2509 1181 2572 δὲ
1202 2511 1398 2596 {iudiciorum

283 2643 318 2684 τε
348 2621 398 2682 nal
426 2621 577 2704 depotitio
603 2623 700 2682 ταῦτα
727 2621 932 2704 διεπράττετο.
974 2621 1031 2683 llio
1059 2619 1205 2699 imprimis
1234 2621 1397 2685 observatu

285 2731 407 2811 dignum
435 2741 489 2806 est,
522 2729 604 2811 qnod
633 2729 812 2812 περίμεστος
839 2727 933 2812 ξιφῶν
967 2727 1068 2810 ὀρθῶν
1102 2727 1272 2806 appellatur
1301 2731 1398 2792 orbis.

284 2839 319 2900 Si
350 2837 430 2900 enim
461 2857 523 2898 non
546 2837 632 2898 densi
668 2845 757 2918 atque
779 2837 857 2898 inter
878 2855 912 2898 se
944 2835 1075 2915 colligati
1108 2843 1208 2897 esseut
1233 2855 1329 2914 enses,
1366 2839 1397 2898 id

284 2947 368 3029 quod
390 2945 517 3027 eogitari
545 2963 674 3022 neccsse¹
697 2951 750 3019 est,
778 2944 833 3006 sed
862 2944 931 3020 rari,
960 2944 1043 3027 quod
1062 2943 1194 3005 Orellius
1217 2943 1321 3018 volarit,
1344 2947 1398 3026 qni

284 3055 322 3117 de
342 3055 481 3118 binorum
509 3052 676 3134 gladiorum
703 3053 869 3114 interstitiis
899 3052 1047 3136 loquitur,
1077 3073 1264 3134 nequaquam
1289 3054 1400 3116 Xeno-

283 3163 366 3243 plrou
385 3161 541 3224 locutione
568 3159 749 3242 περίμεστος
773 3179 848 3221 usus
877 3167 966 3220 esset.
1010 3159 1163 3242 Quidquid
1186 3161 1263 3221 enim
1286 3163 1399 3242 psoris

283 3277 339 3346 est,
361 3269 392 3329 in
416 3289 454 3331 eo
476 3267 564 3330 nulla
592 3273 663 3330 sunt
687 3266 852 3344 intervalla,
873 3266 955 3354 nulla
977 3267 1143 3329 interstitia
1187 3268 1290 3349 Itaque
1313 3270 1400 3332 orbis

283 3378 333 3440 ille
356 3376 463 3456 gladiis
494 3377 606 3438 densus
639 3380 669 3437 et
697 3375 855 3438 cointinens
885 3383 939 3438 est.
990 3375 1035 3436 Ex
1061 3376 1107 3438 iris
1137 3376 1253 3458 liquido
1277 3385 1401 3440 constat

281 3485 393 3566 pedum
420 3483 576 3563 vestigium
598 3485 681 3566 quod
709 3483 806 3546 solum
838 3482 975 3544 relictum
1005 3503 1072 3545 esse
1098 3485 1170 3546 dicit
1191 3487 1399 3564 Democritus,

281 3611 344 3654 oon
365 3590 492 3671 reperiri
517 3592 575 3654 nisi
602 3591 632 3652 iu
663 3592 731 3671 ipso
761 3591 878 3653 circulo
907 3590 944 3651 ad
972 3592 1101 3654 duorum
1130 3591 1241 3672 pedum
1265 3593 1399 3672 spatium

281 3705 444 3762 coarctato.
488 3699 606 3781 Quodsi
635 3700 708 3760 haec
737 3705 819 3760 recte
844 3717 877 3760 se
899 3699 1017 3776 habent,
1039 3718 1101 3762 non
1119 3699 1175 3761 erit
1197 3719 1284 3780 opus,
1305 3718 1401 3764 excu-

280 3807 341 3870 sari
363 3805 601 3869 emendationem
626 3811 759 3867 nostram
788 3802 907 3887 τυχέειν
936 3809 991 3867 τοῦ
1021 3803 1090 3873 ἑνός
1110 3825 1168 3886 pro
1190 3811 1291 3890 τυχεῖν
1316 3808 1398 3876 ἑνός.

280 3915 421 3976 Refertur
450 3916 529 3975 enim
559 3912 704 3974 articulus
727 3912 765 3973 ad
797 3933 860 3974 rem
894 3911 1063 3992 legentibus
1092 3919 1195 3975 notam
1231 3921 1400 3994 propterea

280 4021 414 4105 quodie
441 4019 692 4102 praecedentibus
714 4021 777 4098 jam
804 4027 969 4081 memorata
989 4027 1044 4082 est.
1087 4022 1197 4103 Neque
1219 4021 1323 4083 addito
1349 4024 1400 4084 uic

279 4129 408 4191 articulo
431 4129 590 4190 commode
611 4127 675 4188 fieri
697 4132 806 4206 potest,
823 4137 854 4190 ut
874 4127 947 4189 llaec
971 4128 1036 4208 ipsa
1057 4130 1151 4192 verba
1173 4131 1401 4208 eorrjungantur

279 4255 348 4298 cuttu
374 4237 568 4318 sequentibus
590 4234 698 4316 quibus
720 4235 810 4296 trinnio
841 4233 947 4297 circuli
970 4237 1144 4316 coarctatio,
1166 4235 1295 4299 saliendi
1318 4236 1402 4300 diiii-
