2956 4860
405 297 491 352 Liber
509 297 530 350 Ι.
566 295 609 350 lle
629 294 780 351 Democriti
799 297 865 352 sita.
1154 303 1197 368 65

507 464 683 516 CAPUT
724 464 769 514 Vl.

166 581 296 644 Transeo
323 583 361 644 ad
394 579 511 644 tabulas
534 599 552 642 e
578 579 728 642 citerioris
754 579 859 642 aetatis
881 579 1082 648 nebulonibus
1106 601 1197 653 exco-

93 689 197 768 gitatas.
241 692 353 752 ilerum
382 689 510 752 maxime
537 687 689 750 celebrata
714 694 760 750 est
789 685 842 748 illa
869 707 946 770 quae
968 689 1006 752 de
1026 693 1196 759 voluntaria

94 797 248 860 Democriti
267 799 413 862 coecitate
442 818 461 859 a
483 794 622 877 pluribus
647 795 778 856 refertur
806 796 990 860 auctoribus.
1036 800 1153 866 Gellius
1166 804 1195 885 ¹)

94 907 158 968 haec
181 907 234 969 ait:
282 905 491 969 Democritum
519 903 736 984 philosophum
763 902 794 964 in
825 906 1028 968 monumentis
1051 909 1194 974 historiae

94 1033 207 1092 graecae
227 1015 373 1094 scriptum
394 1019 449 1089 est,
477 1014 576 1074 virum
602 1019 724 1092 praeter
747 1009 823 1073 alios
844 1012 1047 1075 venerandum
1065 1020 1197 1081 auctori-

93 1128 199 1204 tateque
226 1123 350 1204 antiqua
377 1121 544 1201 praeditum
574 1117 739 1181 luminibus
767 1116 928 1182 oculorum
955 1139 1010 1184 sua
1031 1131 1140 1202 sponte
1161 1147 1195 1190 se

93 1229 222 1308 privasse,
242 1230 315 1312 quia
329 1215 513 1292 existimaret
532 1226 732 1308 cogitationes
754 1226 1082 1313 commentationesque
1102 1233 1194 1296 animi

92 1337 132 1398 sui
151 1337 179 1398 in
198 1337 438 1417 contemplandis
467 1341 591 1400 naturae
620 1332 788 1397 rationibus
816 1333 988 1414 vegetiores
1010 1343 1040 1398 et
1063 1341 1195 1404 exactio-

91 1447 231 1523 restore,
259 1447 286 1508 si
312 1464 364 1507 ees
390 1443 512 1507 videndi
545 1441 697 1504 illecebris
726 1447 757 1502 et
782 1441 941 1504 oculorum
973 1443 1193 1525 impedimentis

90 1551 240 1616 liberasset.
283 1553 317 1616 ld
346 1553 457 1614 lactum
486 1553 552 1630 ejus
573 1550 758 1631 modumque
788 1549 903 1629 ipsum,
935 1571 996 1632 quo
1018 1555 1194 1618 coecitatem

91 1659 167 1723 lacile
186 1661 323 1725 sollertia
348 1659 544 1724 subtilissima
574 1656 730 1732 conscivit,
760 1655 905 1720 Laberius
925 1664 1016 1737 poeta
1038 1663 1068 1724 iu
1090 1665 1192 1744 mimo,

90 1787 168 1848 quem
187 1770 310 1851 scripsit
329 1765 681 1850 Restionemhversibus
711 1762 832 1846 quidem
856 1765 928 1827 satis
958 1770 1068 1834 munde
1100 1781 1190 1856 atquc

89 1877 218 1956 graphice
244 1878 333 1940 lactis
360 1875 535 1955 descripsit:
571 1875 626 1937 sed
662 1891 784 1934 causam
814 1869 1002 1938 voluntariae
1037 1881 1191 1944 coecitatis

89 1983 163 2047 inxit
188 1986 273 2048 aliam
301 1983 451 2066 vertitque
476 1983 507 2045 in
527 2001 593 2045 eam
617 2000 697 2057 rem,
729 1997 819 2060 quam
839 1983 1041 2062 comagenos,
1068 2007 1128 2050 non
1150 1989 1193 2050 in.

89 2093 270 2156 concinniter.
320 2093 376 2154 Est
400 2090 479 2152 enim
506 2107 654 2171 persona,
679 2106 757 2169 qnae
786 2086 846 2148 hoo
866 2091 947 2169 apud
969 2091 1128 2155 Laberium
1150 2095 1193 2156 di-

89 2198 131 2276 cit,
149 2201 244 2264 divitis
264 2200 350 2263 avari
368 2206 399 2261 et
419 2199 512 2278 parci,
525 2202 656 2259 sumtum
674 2194 838 2275 plurimiun
857 2193 991 2260 ἀσωτίαν
1014 2221 1047 2260 τε
1070 2206 1100 2261 et
1120 2221 1193 2280 pro-

89 2307 258 2385 pinationem
267 2306 473 2371 adolescentis
482 2305 536 2366 lilii
551 2303 746 2385 deplorantis
771 2304 1053 2370 Versusbaberiani
1067 2308 1097 2370 hi
1108 2315 1192 2372 suut:

222 2418 397 2470 Democrltus
416 2414 558 2466 Abderites
583 2413 710 2477 physicus
730 2411 904 2475 philosophus

224 2501 358 2564 clypeum
376 2496 515 2550 constituit
535 2497 630 2545 contre
647 2495 770 2544 exortum
791 2492 957 2557 Hyperionis,

222 2580 325 2630 Oculos
346 2577 464 2628 eliodore
483 2577 513 2626 ut
529 2575 623 2637 posset
640 2571 784 2636 splendore
804 2587 897 2624 aereo:

222 2661 262 2710 lta
285 2657 368 2709 radiis
388 2657 451 2709 solis
474 2657 560 2708 aciem
582 2653 674 2706 cilodit
692 2652 806 2714 luminis,

224 2741 303 2792 maru
325 2738 395 2790 hene
413 2751 474 2790 esse
495 2749 530 2788 nc
547 2737 655 2788 videret
675 2731 787 2784 civibus.

225 2821 269 2871 Sic
290 2833 339 2884 ego
357 2831 472 2884 perosus
490 2817 662 2882 splendorem
682 2814 814 2878 pecuniae

224 2899 295 2951 Volo
315 2899 466 2951 elucih'care
486 2899 587 2948 exitum
607 2898 703 2948 aetatis
722 2907 807 2954 meae,

225 2982 264 3034 Ne
289 2983 315 3032 in
335 2995 365 3032 rs
386 2979 457 3032 hona
474 2980 581 3029 videam
600 2991 661 3029 essa
681 2988 798 3040 nequam
819 2973 908 3024 filium.

88 3065 151 3131 Non
170 3073 338 3152 putaverim
368 3072 398 3133 iu
428 3068 628 3132 monumentis
651 3065 795 3129 historiae
816 3083 943 3144 graecae
966 3065 1024 3128 hoc
1046 3065 1191 3144 scriptum

88 3173 178 3256 bisse,
198 3181 282 3261 quod
304 3179 421 3243 Gellius
442 3185 552 3254 namet,
572 3173 631 3238 nisi
655 3173 733 3236 sorte
762 3171 898 3234 inlibris
919 3172 958 3234 ad
978 3170 1075 3235 solam
1092 3171 1193 3253 legeu-

90 3281 153 3344 tinm
173 3287 403 3350 delectationem
429 3281 607 3364 compositis
634 3280 665 3341 in
694 3279 803 3362 quibus
824 3299 897 3342 vera
916 3299 954 3341 en
975 3280 1050 3342 salsa
1072 3281 1190 3343 tradan-

89 3395 140 3466 tur,
158 3395 316 3476 scriptoris
336 3413 399 3456 non
427 3393 559 3454 interest
600 3389 667 3450 llnc
693 3387 819 3464 accedit,
840 3387 924 3471 quod
943 3387 1060 3452 Gellius
1079 3389 1193 3450 nohum

90 3497 152 3562 citat
170 3511 333 3564 auctorem.
378 3506 480 3583 Quare
501 3496 591 3558 facile
610 3495 755 3572 adducor,
777 3503 811 3558 ut
832 3498 961 3572 credam,
985 3496 1135 3559 hominem
1160 3496 1190 3556 in

89 3610 263 3685 exponendis
287 3609 417 3672 eliorum
439 3603 634 3688 opinionibus
654 3603 881 3687 referendisqoe
902 3605 1002 3680 rebus,
1024 3621 1099 3684 quas
1118 3601 1190 3662 alibi

89 3715 261 3797 perscriptus
279 3717 442 3793 invenerat,
471 3731 533 3776 non
559 3729 680 3791 semper
700 3711 872 3792 diligentem
902 3712 950 3774 hic
971 3710 1073 3792 potius
1095 3710 1192 3770 ineer-

88 3821 141 3880 tam
161 3821 197 3883 de
214 3823 275 3884 boc
296 3822 480 3903 philosopho
510 3821 618 3880 samam
644 3819 714 3880 inde
732 3819 771 3880 ab
795 3839 833 3882 eo
855 3827 992 3899 tempore
1014 3837 1074 3899 quo
1096 3816 1192 3878 stulti-

89 3923 140 4022 tiae
171 3927 254 3991 labes
284 3927 437 3990 Abderitis
457 3947 581 4007 aspersa
612 3934 691 3989 esset
726 3933 831 4003 ortam,
868 3947 956 4010 quam
994 3923 1186 3987 historiarum

89 4031 236 4113 scriptoris
263 4036 471 4099 auctoritatem
502 4035 596 4116 sequi.
645 4035 683 4095 Ut
707 4035 786 4096 enim
810 4033 895 4096 brevi
917 4033 1098 4114 praecidam,
1119 4029 1192 4094 stul-

89 4173 278 4192 hun—-

153 4259 173 4324 ¹)
193 4263 289 4316 Gallius
307 4264 348 4316 lib.
369 4265 390 4316 x
411 4278 469 4331 cap.
493 4265 531 4318 17.
