2892 4872
349 319 434 376 Liber
450 319 484 375 ΙΙ.
519 320 563 376 De
583 319 733 376 Democriti
750 322 869 394 seriptis.
1104 327 1164 394 117

70 508 212 569 perperam
242 488 350 569 positis
378 507 457 570 quos
484 504 589 550 omnes
611 487 740 550 intactos
758 488 880 570 reliquit
904 493 1162 574 Wyttenbechius,

69 615 146 676 quom
170 596 249 658 taciti
270 597 392 677 negotio
421 596 575 675 corrigere
594 595 753 674 potuisset
797 603 900 678 Quare
931 621 971 663 ue
997 602 1163 664 manifestis

68 703 135 764 vitiis
152 705 288 768 luderem
306 703 447 779 lectores,
477 701 578 766 stetim
597 703 718 764 correxi
741 697 817 787 ᾅδου
840 725 899 785 pro
919 705 1006 786 ἅδου,
1030 708 1162 793 ἀπεσβη-

68 813 140 871 ιυῖαν
162 831 219 891 pro
247 808 465 894 ἀπεαβηκυίαν,
496 808 668 891 ἐπιτηδείαν
695 831 754 891 pro
778 809 961 894 ἑπιτηδειαν,
992 823 1022 878 et
1044 825 1164 879 caetero

67 937 131 997 quse
149 919 308 982 molestum
329 924 376 980 est
400 937 585 980 enumerare.
619 919 723 1000 lteque
745 919 904 983 universus
923 922 1012 984 locus
1034 923 1064 985 iu
1085 924 1162 986 lmuc

67 1027 178 1089 formem
205 1026 389 1106 redigendus
416 1026 486 1086 erit:
529 1020 591 1104 Τὴν
616 1023 669 1104 μὲν
693 1023 762 1107 περὶ
788 1029 848 1088 τῶν
871 1026 1037 1091 ἀποθανεῖν
1060 1028 1162 1098 δοξοίν-

66 1153 124 1208 των,
145 1131 249 1195 ἔπειτα
274 1130 305 1194 δ’
334 1129 540 1216 ἀναβιούντων
568 1130 700 1213 ἱστορίαν
725 1130 816 1195 ἄλλοι
837 1155 870 1196 τε
890 1135 1002 1198 πολλοὶ
1027 1139 1086 1199 τῶν
1107 1157 1162 1198 πα-

66 1241 147 1301 λαιῶν
172 1239 323 1324 ἤθροισαν
357 1240 408 1302 καὶ
443 1237 632 1321 Δημόκριτος
663 1239 680 1301 ὁ
712 1240 840 1323 φυσικὸς
868 1239 899 1304 ἐν
926 1245 990 1310 τοῖς
1014 1241 1084 1325 περὶ
1108 1247 1162 1304 τοῦ

65 1339 129 1428 ᾅδου
147 1348 320 1432 γράμμασι·
352 1346 423 1409 ὅθεν
454 1344 642 1429 θαυμαστόν,
668 1343 818 1430 limeum
845 1347 975 1427 ἐκεῖνον,
998 1347 1164 1418 Πλάτωνος

65 1451 119 1534 ἅμα
137 1477 168 1516 τε
187 1455 240 1519 καὶ
268 1458 324 1517 τοῦ
342 1451 561 1536 Ἐπικουρείων
590 1453 712 1517 πάντων
737 1454 788 1518 καὶ
817 1454 930 1519 ἑαυτοῦ
953 1456 1164 1539 καθηγεμόνος

65 1557 162 1644 ἐχθρὸν
190 1561 264 1626 ὄντα
295 1561 333 1624 τὰ
362 1563 416 1624 τοῦ
439 1559 632 1644 Δημοκρίτου
662 1560 800 1646 δόγματα
828 1561 867 1626 τὰ
895 1563 965 1646 περὶ
988 1567 1041 1645 τῆς
1062 1567 1163 1647 ψυχῆς

65 1667 115 1730 εἴτε
129 1669 280 1754 ἀγνοῆσαι
300 1667 361 1732 εἴτε
388 1669 580 1751 ἀγνοήσαντα
607 1669 647 1752 μὴ
672 1671 780 1752 ζητεῖν,
807 1675 873 1738 πῶς
889 1670 942 1732 τὸν
968 1667 1162 1733 ἀποθανόντα

64 1777 139 1840 seito
166 1778 339 1863 ἀναβιῶναι
367 1772 513 1838 δυνατόν·
545 1775 620 1838 οὐδὲ
645 1775 703 1860 γὰρ
729 1778 859 1840 πάντοτε
886 1776 923 1862 ἦν
948 1775 1163 1856 ἀποοάλευοις,

65 1883 100 1950 ὡς
119 1883 205 1964 ἔοικε,
222 1889 280 1967 τῆς
303 1882 464 1966 συμπάσης
487 1884 570 1965 ζωῆς
589 1886 644 1945 τοῦ
668 1885 819 1966 σώματος,
839 1882 911 1947 ἀλλ’
937 1883 994 1947 ὑπὸ
1015 1884 1069 1966 μὲν
1089 1887 1162 1967 πλη-

65 1993 110 2072 γῆς
135 2015 210 2062 τινος
242 1987 314 2055 ἔσθ’
344 1988 395 2052 ὅτε
425 2011 479 2051 του
510 1987 683 2073 τραύματος
702 1995 845 2074 παρεῖτο·
878 1993 932 2073 τῆς
960 1991 995 2052 δὲ
1015 1994 1116 2075 ψυχῆς
1135 1991 1164 2053 οἱ

65 2097 122 2178 περί
141 2099 190 2162 τδν
210 2099 328 2183 μυελὸν
349 2095 458 2180 ἔμενον
479 2093 524 2159 ἔτι
542 2097 651 2181 δεσμοὶ
670 2095 925 2181 κατερριζυυμένοι
945 2098 995 2159 καὶ
1014 2097 1034 2179 ἡ
1054 2098 1164 2179 καρδία

65 2201 92 2262 ri
109 2203 288 2290 ἐμπύρεομα
308 2207 361 2287 τῆς
384 2207 466 2287 ζωῆς
495 2203 577 2288 εἶχεν
601 2203 773 2287 ἐγκείμενον
796 2203 827 2266 ἐν
851 2204 956 2288 βοίθει·
984 2205 1036 2266 καὶ
1054 2203 1163 2267 τούτου

66 2308 192 2388 μένοντος
209 2311 301 2380 αὖθις
312 2311 498 2395 ἀνεκτήσατο
515 2312 567 2394 τὴν
585 2309 792 2395 ἀπεοβηαυῖαν
804 2312 886 2396 ζωὴν
902 2310 1074 2394 ἐπιτηδείαν
1090 2312 1166 2395 πρὸς

66 2415 109 2498 την
130 2418 270 2504 piperem
300 2417 477 2501 γενομένην.
533 2421 616 2481 Haec
639 2420 671 2481 in
690 2420 815 2482 latinum
834 2438 1002 2482 sermonem
1028 2419 1072 2480 sic
1093 2419 1165 2480 ticet

67 2527 229 2590 mustene:
254 2529 393 2604 „Eorum
410 2526 581 2604 buteriam,
601 2530 663 2606 qui,
685 2531 825 2607 peremeris
844 2537 943 2590 esseut
956 2547 1017 2608 pro
1035 2529 1166 2587 mortar-'s

66 2629 158 2711 babiti,
165 2643 278 2715 postea
295 2636 440 2711 reuisere,
456 2655 528 2696 eum
548 2635 609 2696 ulii
627 2637 723 2698 inulti
738 2642 876 2699 ueterum
889 2637 1085 2714 collegerunt,
1099 2640 1165 2692 tum
1209 2649 1211 2653 ·

67 2739 247 2805 Democritus
275 2741 420 2822 pbpueus
449 2743 484 2803 r'u
509 2761 543 2804 eo
568 2763 656 2823 prum
685 2741 722 2805 de
749 2742 864 2824 inseris
891 2743 1060 2821 composuit
1078 2738 1164 2800 libro.

69 2846 142 2909 t'nde
166 2852 287 2913 mirum
316 2857 363 2911 est
388 2847 520 2914 Cebetem
547 2850 653 2926 illum,
682 2870 747 2912 uon
775 2852 874 2912 solum
891 2850 1033 2924 Plutoni,
1060 2867 1165 2908 uerum

66 2957 147 3018 etum
166 2979 221 3020 suo
252 2965 286 3019 et
313 2957 453 3018 omnium
478 2957 703 3037 Epicureorum
730 2959 805 3022 desei
831 2965 924 3037 atque
944 2957 1094 3036 magistro
1117 2955 1166 3014 iu-
1232 3013 1239 3031 ,

61 3060 195 3144 stamus,
231 3067 429 3129 Democritea
457 3064 494 3125 de
530 3064 646 3126 animis
677 3065 799 3127 decretu
829 3068 891 3126 seire
919 3066 1077 3145 &morasse
1106 3064 1168 3122 siue

69 3167 253 3244 t'g‘uerautem
273 3193 337 3234 που
358 3173 552 3252 quaeueisse,
574 3171 722 3250 quomodo
744 3174 801 3250 qui
820 3174 886 3234 uita
906 3178 982 3232 esset
998 3169 1167 3250 desurutus

69 3277 230 3342 revs'os'scere
250 3285 359 3360 posset.
394 3280 518 3340 Etenim
541 3279 582 3360 (si
595 3278 801 3341 Democritum
823 3279 977 3360 sequimur
998 3279 1168 3357 auctorem)

71 3401 123 3444 nou
140 3407 256 3468 suuper
269 3385 433 3462 accideret,
443 3386 699 3464 quemadmodum
716 3385 886 3463 vedebatur,
902 3388 1001 3448 ornum
1019 3386 1171 3446 seutuuds‘

64 3487 223 3564 sauream
243 3515 265 3556 α
284 3513 410 3574 corpore
432 3493 584 3571 discessus,
613 3493 667 3555 sed
683 3493 840 3555 interdum
868 3495 928 3575 (vis
956 3493 1007 3554 illa
1026 3493 1125 3554 vitalis
1148 3493 1167 3573 ip

72 3596 139 3678 ici)
157 3603 263 3682 aliquo
288 3603 416 3663 uulseere
441 3603 506 3663 ieta
533 3599 777 3682 opprimebatur,
806 3604 933 3664 amimae
962 3609 1065 3663 eutem
1085 3603 1169 3662 circu

72 3704 213 3768 cerebrum
239 3707 369 3770 es'ueula
395 3707 481 3772 velut
508 3708 665 3772 radicibus
690 3708 793 3770 adhue
822 3711 901 3789 (suis
922 3709 1014 3788 locis)
1044 3709 1170 3787 illigata

72 3813 225 3878 eunucus
244 3823 274 3876 et
292 3833 346 3877 cor
359 3795 528 3880 animalem
547 3819 680 3880 calorem
700 3819 736 3878 e'u
754 3817 875 3878 intimis
892 3815 1052 3878 recessibus
1072 3817 1171 3876 lateu-

73 3921 124 3978 tcm
142 3921 296 3984 seruabat:
318 3941 377 4002 quo
395 3932 539 3987 mouente
557 3927 743 3986 exstinctum
756 3924 828 4005 jam
842 3925 987 4002 miratum
1006 3923 1174 3984 animandi

74 4023 101 4080 θ’
112 4029 286 4104 praeditum
307 4049 449 4093 reuocare
470 4033 656 4095 emmaus?
684 4033 777 4113 Quod
796 4031 944 4112 reliquum
976 4037 1031 4108 est,
1055 4033 1114 4094 hoc
1133 4031 1171 4092 de

75 4125 167 4194 icteris
188 4137 368 4217 opusculum
387 4157 448 4200 non
470 4151 626 4202 osmonte
648 4161 667 4202 e
687 4138 863 4202 Democrito
886 4138 1058 4201 coniectum
1078 4139 1171 4202 fuisse

76 4241 410 4319 denuntiaremus
438 4246 590 4310 hominum
622 4248 674 4330 qui
701 4267 738 4309 cx
765 4266 841 4310 orco
862 4245 1022 4312 rediissent
1047 4247 1172 4310 historia
