2984 4876
256 281 318 348 llll
585 282 782 347 emunda
800 283 1035 342 Dmueritearuu

337 449 390 514 93.
433 445 515 534 Πρὸς
537 444 663 516 τούτους
681 445 739 531 γὰρ
764 445 851 532 οἶμαι
878 448 1009 532 μάλιστα
1033 451 1085 514 τὸν
1109 451 1300 538 Ληρόκριτον
1324 455 1364 520 εἰ·

252 559 329 636 πεῖν,
351 559 394 624 ὡς
415 556 443 618 εἰ
470 557 505 620 τὸ
535 559 627 639 σῶμα
653 555 808 619 δικάσαιτο
839 551 881 639 τῇ
914 556 1003 642 ψυχῇ
1032 562 1207 640 κακώσεως,
1242 560 1299 626 οὐκ
1323 563 1365 626 ἂν

254 661 347 748 αὐτὴν
370 664 550 749 ἀποφυγεῖν.
596 662 747 729 Plutarcla
769 663 808 728 de
836 664 922 728 seuit.
952 667 1055 732 uene
1083 689 1113 750 p.
1138 670 1198 734 135
1225 670 1300 752 (vol.
1322 673 1368 734 vl

253 793 283 854 p.
310 772 439 836 silea
456 771 575 851 Reisle)

334 883 385 944 94.
419 875 479 942 Ἢν
502 877 544 962 μὴ
563 878 687 942 πολλῶν
709 876 888 962 desederant,
907 879 945 944 τὰ
964 880 1054 965 ὀλίγα
1075 903 1123 946 τοι
1142 883 1245 948 πολλὰ
1266 883 1366 955 δόξει·

252 987 364 1072 σμικρὴ
383 986 442 1072 γὰρ
462 983 560 1071 ὄρεξις
575 984 680 1069 πενίην
707 984 869 1052 ἰσοσθσνίσ
890 987 1015 1076 πλοῦτιρ
1034 989 1143 1073 ποιέοι.
1171 992 1257 1056 Stob.
1277 992 1366 1056 Flor.

252 1096 378 1173 xcvll,
400 1096 441 1158 at
464 1099 494 1158 et
515 1097 566 1158 95.
1219 1141 1224 1152 .

336 1205 386 1268 95.
428 1197 533 1265 Καλὸν
561 1199 612 1264 ἐπὶ
633 1199 722 1264 παντὶ
745 1199 779 1262 τὸ
807 1197 883 1279 ἴσον,
913 1201 1069 1289 ὑπερβολὴ
1097 1205 1206 1270 δὲκαὶ
1230 1204 1369 1292 ἔλλειψις

249 1308 290 1382 ,οὐ
313 1331 366 1394 μοι
388 1307 499 1372 δοκέει.
537 1311 680 1373 Demoer.
703 1308 797 1371 Orell.
818 1328 848 1372 ιι.
873 1311 925 1374 68.

335 1419 386 1480 96.
428 1411 534 1498 Ilerda,
552 1417 696 1494 πλοῦτος,
719 1415 857 1499 ὀνόματα
878 1415 996 1502 eadsine
1015 1419 1068 1482 καὶ
1090 1407 1203 1504 νόροο·
1226 1419 1298 1483 οὔτε
1317 1418 1366 1484 ὦν

250 1523 397 1592 πλούσιος
425 1522 442 1586 ὁ
472 1520 605 1602 ἐνδέων,
640 1521 712 1588 οὔτε
739 1524 834 1609 πένης
862 1524 879 1588 ὁ
910 1525 951 1610 μὴ
984 1525 1110 1590 ἐνδέων.
1167 1530 1255 1594 Stob.
1279 1531 1368 1596 Flor.

249 1627 379 1710 XCVII,
405 1632 455 1696 98.

334 1742 385 1803 97.
428 1734 570 1825 Εὐτυχὴς
592 1738 610 1802 ὁ
631 1736 681 1802 ἐπὶ
700 1739 847 1823 μετρίοισι
871 1740 1010 1825 χρήμασι
1029 1738 1273 1826 εὐθορεόρενος·
1298 1744 1368 1814 8ος-

249 1845 344 1932 τοχὴς
365 1846 401 1910 δὲ
426 1845 444 1910 d
466 1845 516 1910 dal
534 1847 678 1910 ualidior
700 1844 959 1930 δοσῦομεόρενος.
1002 1847 1089 1912 Stob.
1110 1850 1194 1914 Flor.
1215 1853 1290 1931 0111,
1314 1855 1368 1918 17.

334 1955 385 2018 98.
428 1949 473 2018 Τὸ
500 1956 616 2041 χρῇζον
648 1949 723 2032 οἶδε,
754 1951 865 2017 ὁκόσον
894 1953 1020 2040 χρῄζει,
1052 1957 1069 2020 ὁ
1108 1956 1144 2020 δὲ
1169 1956 1295 2042 χρῄζων
1324 1959 1368 2024 οὐ

249 2063 400 2144 γινώσκοι.
440 2062 747 2139 stob.l‹“10r.1,7l.

335 2173 384 2234 99.
427 2165 603 2253 Εὐχνώρων
628 2169 644 2232 d
670 2169 710 2252 μὴ
734 2168 926 2254 λυπεόρσνοσ
944 2169 996 2234 ἐπ’
1019 2169 1081 2234 οἷσι
1103 2169 1160 2236 οὐκ
1181 2170 1258 2258 ἔχει,
1281 2173 1368 2240 ἀλλὰ

248 2275 367 2361 χαίρων
386 2274 436 2340 ἐπ’
460 2275 521 2339 οἶσι
547 2274 623 2363 ἔχει.
667 2279 753 2342 Stob.
772 2278 857 2342 Flor.
877 2280 976 2357 XVll,
998 2281 1048 2344 96.
1315 2299 1317 2304 ·

335 2495 386 2558 93.
428 2495 462 2558 ln
489 2495 547 2558 lros
574 2496 654 2558 enim
682 2495 820 2559 existimo
851 2496 1019 2560 Democriti
1048 2497 1164 2560 dietum
1189 2500 1368 2580 convenire,

249 2601 277 2664 si
296 2621 410 2684 eorpus
431 2623 500 2666 cunr
520 2601 620 2667 urimo
637 2604 676 2668 de
705 2605 815 2667 damno
834 2604 914 2668 laeto
937 2603 1075 2685 litigaret,
1104 2605 1172 2667 lore
1193 2613 1228 2669 ut
1245 2607 1368 2672 errimus

245 2709 363 2789 judicio
383 2729 446 2774 uon
467 2709 685 2777 absolveretur.
786 2710 790 2720 '
1158 2718 1160 2722 ’

335 2819 387 2882 al.
429 2817 498 2882 Nisi
526 2819 620 2882 millu
645 2819 809 2899 desideras,
835 2841 935 2902 pauca
964 2820 1018 2882 tibi
1044 2821 1139 2884 multa
1164 2821 1367 2885 videbuntur:

250 2945 350 3007 pauca
380 2926 459 2989 enim
485 2927 658 3009 appetendo
688 2927 843 3006 allicimus,
875 2936 909 2992 ut
937 2935 1101 3010 paupertas
1131 2949 1255 3009 magnas
1286 2950 1368 3010 opes

248 3032 432 3118 aequiparet.

333 3141 383 3204 95.
426 3143 514 3206 Boua
539 3141 730 3206 inomnibus
752 3141 917 3227 aequalitas
938 3149 992 3221 est,
1024 3142 1169 3228 quidquid
1190 3162 1265 3207 vero
1284 3145 1367 3210 ultra

248 3246 298 3309 vel
319 3247 394 3311 eitra
413 3250 537 3312 modum
560 3256 614 3328 est,
635 3250 708 3313 milri
725 3269 789 3312 uon
809 3250 917 3330 placet

330 3357 380 3420 96.
424 3357 598 3438 Paupertas,
621 3357 750 3437 divitiae,
768 3358 890 3420 nomina
910 3365 980 3421 suut
1002 3359 1182 3440 indigentiae
1203 3365 1234 3421 et
1255 3363 1364 3424 saturi-

249 3463 334 3526 tatis:
357 3465 552 3546 quamobrem
573 3486 673 3550 neque
699 3467 784 3529 dives
805 3465 952 3529 dicendus
976 3474 1030 3546 est,
1053 3469 1105 3551 qui
1128 3467 1250 3549 indiget,
1261 3491 1361 3554 neque

248 3569 381 3654 quinon
402 3571 524 3653 indiget,
544 3593 669 3654 pauper.

333 3681 385 3743 97.
428 3681 615 3746 Fortunatus
636 3687 691 3759 est,
712 3679 766 3765 qui
786 3681 896 3761 exigua
916 3682 1078 3762 possidens
1096 3683 1188 3746 lrilare
1209 3684 1298 3748 vivit:
1319 3685 1362 3748 iu-

249 3788 429 3865 romanus,
450 3789 502 3872 qui
523 3789 601 3852 inter
622 3808 745 3870 magnas
768 3807 846 3870 opes
861 3789 892 3850 in
914 3809 1055 3852 moerore
1067 3791 1160 3870 jacet.

332 3897 383 3959 98.
426 3897 496 3977 lpse
520 3895 683 3978 indigentie
711 3896 777 3976 seit,
807 3916 868 3980 qua
888 3915 922 3960 re
944 3903 976 3958 et
997 3903 1146 3980 quatenus
1166 3907 1264 3981 egeat,
1284 3902 1361 3963 iudi-

248 4021 324 4086 geus
345 4009 445 4068 autern
467 4004 594 4086 ignorat.

332 4113 382 4175 99.
425 4111 555 4175 Sobrius
583 4118 630 4175 est
655 4119 688 4177 et
715 4112 900 4190 moderatus,
925 4111 977 4196 qui
1002 4114 1042 4177 ob
1068 4134 1119 4178 res
1140 4115 1250 4199 quibus
1270 4125 1361 4196 earet,

248 4219 356 4284 dolore
377 4239 440 4284 nou
462 4220 590 4301 angitur,
613 4220 669 4284 sed
689 4220 727 4284 iis
748 4239 825 4304 quae
845 4225 968 4302 praesto
989 4229 1068 4302 sunt,
1089 4224 1209 4322 gaudet.
