2932 4862
312 293 377 362 too
645 299 839 361 Quaestionum
857 295 1092 352 Democriteum!

398 465 432 528 ln
455 483 606 548 corporea
626 465 741 529 animae
755 464 995 529 snbstantianon
1013 464 1124 546 plures,
1145 463 1298 526 sedunam
1316 461 1393 521 inesse

315 571 486 636 facultatem
507 573 685 636 Democrito
715 573 837 655 placuit,
867 593 1022 656 quumque
1045 573 1096 636 alii
1117 577 1245 634 mentem
1263 570 1299 631 ab
1318 567 1395 630 uolua

316 679 542 762 distinguerent,
565 681 631 762 ipse
659 681 775 743 nullum
800 681 878 744 inter
905 701 958 744 eas
979 680 1141 743 discrimen
1162 675 1339 740 intercedere
1359 673 1396 732 de

317 789 412 852 erevit
425 789 432 822 ¹
443 786 505 869 ⁰⁰).
548 789 614 852 lam
635 807 709 852 vero
731 809 824 871 quum
844 787 1019 869 philosophi
1034 787 1210 850 Abderitani
1227 783 1336 864 judicio
1352 779 1396 841 aui·

318 915 368 958 me
386 895 529 960 materiae
549 915 611 960 non
633 897 725 962 modo
748 897 928 980 contagione
947 896 1066 973 mteou,
1087 895 1141 959 sed
1160 895 1248 958 etiam
1267 891 1295 952 νί
1313 890 1396 952 obruta

246 1038 252 1049 ·
318 1010 407 1082 esset,
432 1005 473 1066 ita
490 1011 524 1068 ot
547 1004 647 1067 anima
668 1005 756 1086 qussi
776 1004 859 1068 aliud
885 1023 999 1085 corpus
1019 1023 1082 1066 non
1103 1003 1241 1066 differret
1257 1020 1276 1062 a
1295 1015 1396 1076 corpore

318 1111 375 1174 nisi
397 1117 569 1174 atomorum
587 1112 700 1192 ligurem
721 1131 825 1174 senam
847 1112 1018 1175 bominibus
1037 1117 1168 1174 mentem
1186 1109 1297 1183 tribuit,
1315 1106 1338 1168 si
1355 1103 1397 1164 ari

319 1238 368 1280 rua
386 1225 457 1299 post
481 1227 596 1282 monum
619 1221 833 1284 convenienter
852 1227 882 1284 et
900 1229 970 1300 epte
990 1239 1024 1282 se
1045 1219 1179 1296 haberet,
1200 1218 1226 1279 si
1244 1215 1307 1299 quis
1324 1221 1397 1275 eutem

319 1327 482 1388 admodum
507 1327 623 1390 calidus
646 1329 811 1409 trigidusve
838 1329 931 1404 lieret,
960 1333 1090 1390 mentem
1116 1326 1286 1407 perturbari
1305 1327 1398 1384 corthon·

320 1435 371 1522 dit.
416 1435 620 1517 Quamobrem
645 1435 803 1516 praeclare
827 1437 948 1516 priseos
977 1434 1161 1498 intellexisse
1189 1434 1238 1508 eit,
1266 1434 1335 1494 hanc
1352 1443 1397 1488 esse

319 1541 426 1604 mentis
451 1543 668 1606 alienationem
718 1543 804 1605 Unde
842 1549 926 1626 putet
955 1543 1132 1606 Democrito
1166 1561 1269 1604 mtrem
1300 1541 1397 1598 mentem

320 1649 460 1731 corporis
488 1649 632 1712 mixtione
659 1656 800 1713 constare
826 1671 863 1712 eo
890 1651 1055 1731 praecipue
1088 1653 1177 1710 motu
1194 1654 1361 1726 ¹temperato
1378 1650 1396 1699 et

320 1759 470 1818 concinno
491 1757 650 1820 contineri.
693 1757 803 1839 Neque
826 1757 951 1822 dubium
971 1759 1103 1840 estquis
1124 1757 1308 1818 extrinsecus
1325 1749 1396 1814 oblata

319 1862 461 1943 impulsio
485 1864 523 1926 de
544 1865 719 1946 philosophi
742 1865 838 1928 nostri
859 1867 1005 1928 sententia
1028 1883 1123 1948 oeque
1145 1865 1188 1926 ad
1207 1881 1315 1944 corpus
1334 1867 1396 1938 atque

318 1971 357 2034 ed
377 1970 505 2032 enirnam
526 1971 672 2052 pertineat
688 1971 770 2056 ¹⁰¹).

404 2080 442 2140 Ut
464 2079 562 2141 unima
583 2080 700 2164 (ψυχή)
723 2087 814 2162 atque
834 2099 919 2142 mens
941 2082 1041 2164 (νοῦς)
1065 2081 1094 2143 in
1117 2080 1311 2144 Democritea
1328 2070 1396 2154 phile

321 2188 430 2269 sophia
449 2187 534 2251 nullo
560 2187 731 2250 discrimine
759 2187 909 2266 dicuntur,
938 2191 979 2252 ita
998 2189 1110 2252 sentire
1133 2185 1354 2268 (αἰσθάνεσθαι)
1370 2188 1395 2238 ai

321 2315 379 2380 que
401 2297 533 2376 cogitare
557 2295 712 2378 (φρονεῖν)
730 2295 820 2375 plene
842 2296 921 2359 idern
942 2296 1050 2358 volent
1092 2295 1196 2379 Atque
1215 2299 1290 2358 haec
1309 2289 1396 2375 quiden

320 2404 482 2467 multorum
500 2409 635 2466 veterum
663 2401 720 2465 tuit
739 2403 845 2483 opinio
859 2405 866 2437 ¹
878 2402 930 2484 ⁰⁹)
957 2405 1067 2487 quibus
1089 2405 1285 2468 Democritus
1304 2401 1336 2463 ab
1352 2393 1396 2456 dri·

319 2511 428 2576 stotele
443 2508 514 2590 ¹⁰⁸)
536 2517 566 2572 et
582 2510 794 2589 Theophrasto
811 2508 882 2592 ¹⁰⁴)
910 2513 1132 2576 adnumeratur.
1177 2511 1327 2595 Quocirca
1341 2512 1396 2566 recte

320 2639 355 2682 se
376 2619 466 2681 hubet
484 2619 568 2701 quod
588 2618 619 2680 in
639 2618 707 2680 cod
730 2619 813 2680 Flor.
836 2621 974 2682 Damaso
995 2639 1043 2699 ap.
1065 2619 1220 2682 Goisiord.
1245 2615 1397 2683 Stob'lon.

318 2728 362 2789 lV
382 2726 510 2807 append.
533 2727 602 2788 edin
628 2725 728 2790 Oxou.
755 2726 786 2788 in
804 2727 884 2790 hunc
909 2728 1032 2788 modum
1058 2727 1207 2808 scriptum
1228 2729 1333 2790 exstet:
1348 2715 1397 2782 hei·
1423 2791 1424 2794 Ἴ

318 2854 429 2900 nonnos
451 2833 502 2895 καὶ
523 2831 714 2916 Δημόκριτος
743 2831 797 2900 τὰς
824 2831 981 2916 αἰσθήσεις
1004 2835 1055 2896 καὶ
1078 2833 1131 2902 τὰς
1147 2837 1270 2918 νοήσεις
1292 2829 1396 2913 ἕτερον·
1423 2795 1424 2883 l

319 2961 382 3008 σεις
403 2937 481 3001 εἶναι
499 2942 555 3001 τοῦ
576 2940 727 3022 σώματος.
772 2945 859 3021 Quae
878 2939 971 3002 verbu
990 2941 1081 3004 etiam
1098 2963 1135 3004 ex
1156 2953 1245 3023 perte
1263 2942 1398 3021 congruunt

319 3066 450 3110 comeo
473 3047 555 3130 quod
577 3065 658 3108 nuno
682 3047 818 3110 dicturus
846 3068 921 3112 sum.
964 3049 1116 3112 Sensuum
1134 3049 1340 3114 effectionibus
1357 3055 1398 3104 us

318 3165 382 3218 tum
406 3155 562 3236 contingit,
585 3161 619 3219 ut
637 3175 743 3219 verum
765 3175 994 3238 cognoscamus,
1015 3158 1071 3220 sed
1091 3158 1160 3220 illee
1183 3165 1268 3222 tactu
1288 3159 1358 3230 liunt,
1373 3153 1397 3210 ih

1218 3265 1224 3280 '
1377 3271 1397 3318 u

389 3471 445 3534 ¹⁰⁰)
464 3473 571 3523 Aristot.
590 3471 623 3523 de
645 3473 722 3531 anim,
742 3473 760 3534 l,
779 3469 811 3522 Q:
830 3469 927 3528 ἐκεῖνος
947 3467 970 3532 (ὁ
989 3465 1067 3540 App.)
1087 3471 1134 3540 μὲν
1159 3469 1206 3544 γὰρ
1229 3471 1315 3528 ἁπλῶς
1332 3461 1396 3520 τοῦῑὶ1

317 3550 404 3622 ψυχὴν
426 3551 470 3603 nui
487 3555 564 3603 νοῦν·
582 3550 612 3602 τὸ
633 3550 680 3620 γὰρ
706 3547 801 3619 ἀληθὲς
823 3547 936 3602 εἶναιτὸ
957 3550 1129 3622 φαινόμενον·
1157 3551 1196 3604 διὸ
1216 3551 1306 3610 καλῶς
1324 3550 1397 3612 nollit·-

315 3631 359 3683 τὸν
377 3627 496 3704 Ὅμηρον
520 3630 557 3689 ὡς
576 3627 682 3702 Ἕκτωρ
706 3625 771 3682 κεῖτ’
799 3629 993 3702 ἀλλοφρονέων.
1037 3630 1074 3682 lib
1098 3630 1130 3702 δὴ
1157 3635 1253 3704 χρῆται
1277 3631 1315 3700 τῷ
1330 3625 1362 3694 uqi
1375 3621 1397 3670 ν’νὲ

317 3709 423 3780 δονάμιι
445 3713 495 3765 τινὶ
521 3713 578 3784 περὶ
601 3713 647 3784 τὴν
674 3708 806 3782 ἀλήθειαν,
832 3709 899 3762 ἀλλὰ
926 3709 1005 3763 ταύτὸ
1024 3709 1091 3784 λέγοι
1112 3712 1198 3784 ψυχὴν
1221 3715 1268 3766 καὶ
1284 3715 1347 3764 νοῦν.
1375 3701 1397 3751 tl

313 3793 376 3845 ibid.
398 3797 429 3856 ll,
449 3792 466 3844 i
483 3799 510 3846 et
528 3795 603 3846 Stob.
623 3797 670 3848 ecl.
689 3796 766 3860 phys.
786 3807 811 3857 p.
833 3791 891 3844 880.

390 3887 446 3950 ¹⁰¹)
464 3887 521 3938 vid.
540 3887 632 3952 lrugm.
651 3887 726 3952 phys,
751 3883 782 3936 19
798 3889 827 3937 et
846 3899 915 3951 quae
935 3885 1124 3936 ednotouimus
1145 3899 1169 3948 p.
1191 3881 1242 3936 idi
1256 3899 1311 3949 seq.

388 3978 444 4041 ¹⁰¹)
462 3981 568 4030 Aristot.
593 3979 627 4030 de
650 3980 729 4028 onim.
746 3979 786 4038 lll,
806 3973 839 4027 3:
867 3975 912 4027 καὶ
938 3972 964 4027 οἵ
983 3992 1011 4044 γε
1036 3975 1139 4047 ἀρχαῖοι
1161 3973 1190 4026 ad
1214 3979 1315 4047 φρονεῖν
1332 3971 1366 4022 eal
1380 3979 1396 4010 Ψ·

315 4051 596 4110 «inhonestissime
617 4057 682 4110 εἶναί
702 4073 788 4129 φασιν.

388 4150 442 4211 ¹⁰³)
457 4152 515 4201 vid.
536 4151 643 4200 Aristut.
663 4151 778 4214 metaph.
793 4163 819 4212 p.
836 4145 871 4199 78
891 4149 933 4201 td·
954 4148 994 4200 Br-

385 4238 440 4300 ΗΜ)
460 4241 497 4292 Gi.
526 4241 616 4305 trogm.
639 4241 715 4306 phys.
735 4238 775 4291 20·
