2956 4860
396 323 483 380 Liber
500 323 522 381 Ι.
556 324 600 380 De
619 323 771 382 Democriti
790 323 857 380 rita.
1160 325 1183 391 9

84 495 127 574 lat,
152 493 215 558 noli
239 513 308 558 cnm
334 491 452 558 Rittero
469 487 523 574 ³³)
555 491 886 574 cogerc‚Democritnm
907 512 969 558 non
990 495 1084 558 inisse
1104 498 1182 560 Leri-

84 603 159 685 cippi
185 601 379 684 disoipnlnm,
413 601 468 663 scd
499 619 538 662 ex
569 600 822 682 philosophorum
858 599 1003 684 loquendi
1034 623 1093 667 usn
1122 606 1181 668 hoc

85 711 188 774 dictnn
205 717 286 793 pota
327 708 527 790 Anaxagorae
548 727 622 773 vero
645 708 813 790 discipulus
841 729 900 790 pro
919 729 956 774 eo
985 712 1067 792 qnod
1089 731 1183 794 supra

85 817 117 880 de
135 816 211 881 illius
230 818 291 882 vita
318 815 490 898 expositum
514 823 561 880 est
592 817 697 880 heberi
722 824 836 898 posset,
865 816 923 880 nisi
944 817 1098 900 Diogenes
1116 820 1182 902 ipse

84 923 153 986 ister
170 943 204 988 se
221 925 385 1007 pugnantia
405 927 550 1007 proderet
565 924 626 1008 ¹⁴).
673 925 813 1008 Namque
834 925 886 989 lib.
906 926 963 1004 IX,
985 927 1026 990 si
1056 927 1101 990 sic
1124 929 1180 992 ait:

85 1029 259 1118 Φαβωρῖνος
279 1031 315 1096 δέ
342 1055 432 1120 φησιν
457 1031 489 1096 ἐν
513 1033 697 1116 παντοδαπῇ
718 1031 846 1116 ἱστορίη,
872 1029 969 1114 λέγειν
992 1032 1181 1118 Δημόκριτον

83 1140 144 1224 περὶ
166 1138 396 1225 Ἀναξαγόρου,
420 1141 464 1209 ὡς
490 1137 547 1205 oda
575 1137 682 1223 sipont
715 1138 811 1203 αὐτοῦ
840 1141 872 1204 αἱ
903 1139 990 1210 δόξαι
1017 1139 1082 1204 αἵτε
1113 1141 1183 1225 περὶ

84 1246 165 1329 ἡλίου
186 1249 238 1312 καὶ
259 1248 399 1333 σελήνης,
418 1247 498 1312 ἀλλὰ
519 1248 665 1334 ἀρχαῖαι·
688 1247 739 1310 τὸν
758 1247 793 1310 δὲ
814 1245 1012 1332 ὑφῃρῆσθαι·
1029 1247 1183 1332 διασύρειν

83 1375 112 1416 τι
132 1351 223 1420 αὐτοῦ
241 1355 281 1420 τὰ
301 1356 372 1440 περὶ
391 1359 446 1440 τῆς
464 1357 699 1441 διακοσμήσεως
709 1356 761 1420 καὶ
774 1357 830 1419 τοῦ
844 1357 912 1434 νοῦ,
934 1353 1056 1439 ἐχθρῶς
1072 1353 1185 1440 ἔχοντα

82 1463 151 1545 πρὸς
171 1462 275 1545 αὐτόν,
300 1461 346 1528 ὅτι
374 1463 413 1548 δὴ
444 1464 485 1549 μὴ
515 1465 691 1550 προσήκατο
714 1461 817 1527 αὐτόν.
861 1461 934 1532 Πῶς
953 1459 1006 1526 οὖν
1029 1463 1122 1544 (κατά
1144 1485 1184 1526 τι·

83 1573 144 1652 νας)
173 1569 306 1657 ἀκήκοεν
345 1571 459 1648 αὐτοῦς
494 1573 612 1637 Contra
635 1573 688 1635 lib.
714 1573 751 1652 li,
775 1574 814 1636 it
844 1573 882 1636 de
914 1570 1096 1652 Anaxagora
1123 1573 1184 1636 hoc

84 1679 158 1744 dicit:
186 1677 276 1752 ἔδοξε
301 1680 337 1746 it
362 1703 430 1751 παις
454 1679 506 1746 καὶ
532 1679 714 1765 Δημοκρίτῳ
742 1678 890 1764 ἀπεχθῶς
912 1678 1087 1765 ἐσχηκέναι,
1108 1677 1183 1742 ἀπο·

82 1787 174 1872 rupim
193 1792 247 1873 τῆς
269 1789 347 1873 πρὸς
367 1787 458 1854 odedu
479 1787 680 1872 κοινολογίας.
728 1787 775 1850 Ex
803 1807 863 1871 qna
885 1788 1081 1870 repugnantia
1102 1793 1185 1852 recte

82 1939 275 1960 m

145 2025 184 2092 ¹⁸)
206 2027 328 2080 littterus
358 2027 461 2080 scilicet
485 2037 544 2092 pag.
567 2019 620 2077 562
646 2023 684 2086 (et
713 2036 771 2089 pag.
792 2021 854 2088 559)
887 2023 923 2076 ob
945 2025 1013 2077 heac
1037 2023 1186 2077 Aristotelis

84 2104 159 2157 uerba
183 2108 299 2174 lletaph.
324 2107 369 2160 lib.
388 2110 405 2160 l.
430 2121 490 2172 cap.
507 2103 532 2158 t.
557 2099 707 2162 Αιθιιιπποτ
735 2102 764 2156 tl
787 2104 833 2157 acl
850 2101 864 2156 l
883 2103 984 2177 ἑταῖρος
1000 2101 1081 2157 αὑτοῦ
1099 2099 1186 2174 Appad-

84 2199 161 2255 κριτος
180 2193 284 2260 ςοιχιῑα
302 2187 351 2256 pis
374 2185 404 2240 τὸ
424 2186 521 2258 πλῆρες
539 2185 585 2237 καὶ
602 2182 631 2236 τὸ
648 2181 725 2236 κινθν
747 2182 815 2237 alsat
832 2201 894 2257 poor
913 2199 1077 2252 quamquam
1097 2187 1186 2239 invitis

84 2267 198 2320 omnibns
217 2274 284 2334 post
306 2269 477 2322 Aristotelem
501 2267 625 2330 testibus,
652 2279 682 2319 ss
707 2269 813 2319 nescire
830 2267 901 2331 dicit,
922 2268 1060 2333 quomodo
1077 2266 1186 2332 probari

85 2353 163 2412 queat,
186 2350 272 2403 tuisse
288 2351 472 2402 Damocritum
497 2349 625 2414 Leucippi
652 2348 820 2413 discipulum,
842 2349 892 2399 nisi
910 2348 983 2413 qnod
1000 2347 1095 2400 similla
1114 2349 1187 2398 utri-

85 2441 130 2492 que
147 2431 243 2494 placita
265 2431 326 2482 sint.
366 2430 452 2495 Atque
474 2430 509 2481 ols
527 2433 614 2495 ipsam
634 2429 705 2480 hanc
721 2429 894 2480 decretorum
913 2428 1113 2479 similitudinem
1131 2440 1187 2480 nc-

85 2509 204 2561 minetum
223 2523 288 2564 esso
307 2510 441 2562 Aristoteli
460 2510 573 2562 alterum
599 2509 707 2562 alterius
729 2507 839 2580 ἑταῖρον.
878 2508 932 2559 Sed
950 2507 1047 2559 tollitur
1063 2509 1187 2559 llitterus.

85 2589 118 2641 lc
130 2593 243 2654 primum
256 2593 367 2657 quidem
375 2605 428 2644 non
438 2591 533 2644 similia
547 2591 597 2644 sed
611 2591 707 2642 eadem
722 2590 910 2653 teredogmata
922 2587 1024 2639 habent
1033 2588 1187 2650 Leucippus

86 2673 110 2720 st
123 2671 304 2734 Democritum
323 2675 424 2738 quippo
443 2671 622 2723 fundamentis
643 2670 678 2723 ab
694 2671 738 2721 illc
756 2671 835 2734 jectis
853 2670 896 2721 hic
914 2667 1094 2732 superstruxit
1109 2666 1189 2718 aedl-

86 2749 174 2804 ticium.
214 2753 319 2805 Deinde
342 2755 460 2815 constat,
492 2751 665 2816 philosophos
695 2763 808 2816 graecos
835 2763 886 2814 pro
909 2748 995 2812 gentis
1023 2747 1188 2799 humanitate

86 2831 223 2898 discipulos
248 2835 387 2884 vocitasse
404 2829 528 2904 ιτσίρονς.
570 2833 637 2884 Vide
653 2833 787 2883 Pollucem
807 2829 848 2892 lV,
866 2826 890 2881 6.
922 2827 1081 2892 Huiusmodi
1099 2828 1189 2880 locum

86 2913 157 2964 ollert
182 2915 398 2978 Pseudorlgcncs
422 2910 596 2984 ριλοσοροομ.
622 2927 681 2979 pag.
700 2909 741 2964 88.
761 2911 795 2964 ad
824 2910 920 2975 Chr-plu
939 2908 1015 2961 Woll
1038 2901 1189 2967 Αιθιιιππος

86 2987 110 3044 tt
126 2991 248 3066 Ζήνωνος
271 2991 373 3063 ἑταῖρος
387 2989 418 3045 cd
434 2993 482 3065 τὴν
501 2990 582 3066 curus
602 2991 679 3054 δόξαν
698 2990 858 3064 θιιτηρησιν.
894 2992 988 3056 ltaque
1006 2989 1134 3053 adducor,
1151 2992 1189 3052 ut,

86 3075 151 3138 quod
166 3077 238 3140 apud
257 3076 370 3127 Suldam
388 3076 480 3126 nescio
500 3076 560 3140 quis
588 3075 615 3126 in
635 3089 704 3127 roce
721 3073 805 3144 ἑταῖρε
824 3073 912 3134 tradit,
936 3073 1072 3123 Plutonem
1093 3075 1190 3122 caele-

86 3167 176 3222 rcsque
192 3157 369 3222 philosophos
389 3169 532 3221 germanos
556 3157 713 3209 eruditionis
740 3157 875 3207 amatores
892 3153 999 3205 sodales
1016 3165 1139 3214 vocasse,
1155 3153 1190 3204 de

88 3235 215 3302 discipulis
236 3239 410 3304 potissimum
434 3239 620 3303 accipiendum
645 3249 705 3288 asse
731 3236 849 3288 credam
890 3233 979 3286 Verba
1002 3235 1060 3298 elus
1078 3226 1190 3286 sunttd

88 3309 189 3368 θλάτισν
209 3317 256 3370 καὶ
273 3315 298 3371 ol
315 3314 390 3368 ἄλλοι
409 3313 547 3390 φιλόσοφοι
564 3315 625 3374 τοὺς
642 3313 761 3386 γνησίους
779 3312 889 3386 ἐραστὰς
905 3317 958 3365 τῶν
976 3310 1061 3384 λόγων
1074 3309 1191 3383 ἑταίρους

88 3393 207 3450 uilem·
229 3397 276 3458 οθς
299 3395 415 3466 ὗμιμιῖτο
436 3393 589 3457 Ἰουλιανός,
613 3395 728 3468 trolpcuc
755 3396 854 3452 πάντας
871 3393 961 3447 καλῶν
980 3394 1007 3446 tu
1025 3397 1081 3450 ταῖς
1101 3407 1190 3444 cuscu-

89 3473 156 3540 σίας,
174 3475 225 3532 ota
243 3475 485 3548 ἀπανθσθιζόμινις
500 3481 531 3551 τῇ
548 3476 675 3549 βασιλείᾳ.
700 3479 791 3544 Neque
809 3478 897 3530 solum
916 3475 1038 3540 discipuli
1059 3475 1192 3524 vocantur

90 3553 186 3630 ῑπαῖροι,
205 3561 403 3614 verumetiam
422 3561 552 3626 magistri,
571 3561 643 3612 idom
664 3560 787 3612 videlicet
814 3559 942 3611 cumillis
963 3556 1110 3621 supientiae
1129 3558 1192 3606 sto-

90 3637 155 3692 dlum
171 3645 321 3694 currentes.
354 3642 436 3706 Cujus
455 3643 494 3694 rei
511 3644 609 3693 testam
629 3639 757 3692 adhibere
780 3641 858 3704 juvat
876 3641 1013 3691 Platonem
1030 3639 1058 3688 in
1079 3637 1191 3687 Menona

91 3731 142 3785 pag
160 3720 194 3775 is
211 3725 279 3775 extr.
304 3723 402 3787 steph„
420 3721 466 3774 ubl
490 3723 602 3787 Gorgias
622 3723 663 3774 sio
683 3721 840 3787 appellatur,
878 3721 974 3771 similis
992 3721 1033 3769 cst
1050 3731 1117 3769 usus
1137 3728 1192 3766 vo-

90 3799 169 3853 cabuli
187 3801 329 3874 ηνιίνριμος,
355 3803 383 3854 ld
402 3803 474 3868 quod
498 3803 631 3869 ilesychio
656 3804 684 3854 et
703 3801 785 3853 Sulda
804 3799 961 3852 auctoribus
978 3801 1087 3860 scimus,
1105 3797 1193 3862 pluri-

91 3881 186 3946 misque
210 3885 383 3948 antiquorum
414 3885 480 3936 locis
512 3883 720 3949 comprobatum
752 3880 985 3946 deprehendimus.
1030 3879 1192 3943 Hesychius:

91 3957 216 4032 γνώριμοι,
238 3959 363 4032 μαθηταί.
396 3965 504 4017 Suidaa:
522 3963 658 4036 γνώριμοι,
678 3960 806 4033 φοιτηταί.
842 3963 887 4014 Sto
900 3961 1015 4024 intellige
1030 3960 1103 4024 apud
1119 3959 1192 4021 Diog.

92 4039 168 4092 liert
185 4043 238 4106 Vll,
258 4039 290 4096 tl
316 4045 400 4098 verba
417 4041 526 4108 Φανίας,
552 4042 567 4096 i
590 4041 766 4098 ssooaidustcu
785 4039 925 4112 γνώριμος,
945 4045 975 4093 ut
996 4041 1032 4092 ini
1050 4041 1107 4106 jam
1126 4039 1195 4090 vidit

93 4119 228 4190 lleoagius.
269 4125 369 4178 liodam
386 4127 467 4178 modo
485 4127 588 4192 explica
605 4125 689 4178 verba
707 4124 913 4190 Pseudorigsuis
932 4137 959 4187 p.
976 4119 1010 4176 89
1034 4123 1076 4175 od
1093 4119 1115 4172 J.
1134 4119 1193 4170 Chr.

94 4199 162 4254 ll'oll.
178 4199 341 4276 Δημόκριτος
364 4203 392 4258 tt
409 4202 558 4260 Λινκίπποο
578 4205 674 4276 ηινιται
694 4202 833 4275 γνώριμος.

159 4295 197 4360 ”l
217 4297 355 4364 Parapaxlt
371 4299 424 4352 hoc
443 4303 471 4352 st
489 4299 630 4352 Wandtius
651 4298 716 4350 idn
735 4297 770 4350 ad
788 4297 912 4350 lennem.
934 4307 994 4361 pag.
1012 4289 1070 4346 ³³7.
