2984 4876
301 299 367 366 m
635 297 832 362 Quaestione!
848 299 1083 360 umocrtteama

303 466 371 556 ίχει
388 465 454 530 τινὰ
475 463 623 552 ἀπορίαν·
651 465 681 529 οἱ
705 465 763 550 γὰρ
792 464 883 530 ἄλλοι
909 469 943 532 ιθ
976 470 1085 534 λευκὸν
1107 471 1159 536 καί
1181 471 1218 537 τὸ
1246 472 1363 558 μέλαν,
1387 477 1425 545 ὡς

301 575 417 640 τούτων
441 574 546 637 ἁπλῶν
569 572 664 638 ὄντων
685 572 799 659 μόνων.
847 571 977 640 Ἔπειτα
998 577 1032 642 τὸ
1055 579 1096 664 μὴ
1117 582 1192 644 πᾶσι
1213 583 1287 652 τοῖς
1306 584 1425 653 λευκοῖς

303 686 374 770 μίαν
396 686 524 766 ποιῆσαι
543 682 597 764 τὴν
625 683 758 768 μορφήν,
782 680 853 746 ἀλλ’
888 683 994 770 ἑτέραν
1021 691 1086 756 τοῖς
1115 690 1265 773 σκληροῖς
1291 692 1426 759 καὶτοῖς

304 793 471 880 ψαθυροῖς·
496 787 533 853 eb
556 789 613 875 γὰρ
634 789 716 859 εἰκὸς
736 789 833 876 ἄλλην
856 793 953 857 αἰτίαν
976 792 1136 864 εἶναιτοῖς
1157 795 1331 882 διαφόροις
1350 798 1424 863 κατὰ

301 903 356 986 τὴν
379 899 477 986 ἁφήν·
506 896 573 962 οὐδ’
606 897 642 964 ἂν
677 897 778 964 ἔτιτὸ
811 903 917 986 σχῆμα
946 897 1040 964 αἴτιον
1071 900 1150 965 εἶναι
1171 906 1228 987 τῆς
1260 906 1424 992 διαφορᾶς,

302 1008 383 1074 ἀλλὰ
403 1008 520 1093 μᾶλλον
547 1006 600 1090 τὴν
628 1006 723 1085 θέσιν.
772 1004 951 1094 Ἐνδέχεται
973 1007 1031 1094 γὰρ
1058 1011 1109 1074 καὶ
1135 1011 1174 1075 τὰ
1192 1019 1356 1100 περιφερῆ
1377 1015 1424 1078 καὶ

302 1119 409 1187 ἁπλῶς
428 1117 528 1179 πάντα
556 1115 739 1189 ἐπισκιάζειν
766 1117 903 1186 έαυτοῖς·
933 1121 1061 1200 σημεῖον
1082 1117 1134 1181 δέ·
1167 1120 1220 1183 καὶ
1247 1121 1311 1208 γὰρ
1336 1120 1424 1190 αὐτὸς

300 1225 412 1311 ταίιτην
436 1224 525 1312 φέρει
548 1225 602 1308 τὴν
623 1223 731 1304 πίστιν,
751 1223 811 1288 ὅσα
832 1229 892 1288 τῶν
908 1224 1000 1289 λείων
1021 1223 1140 1309 μέλανα
1161 1228 1323 1313 μαίνεται.
1369 1227 1422 1292 Διὰ

299 1336 358 1421 γὰρ
381 1335 434 1417 τὴν
459 1331 611 1417 σύμφυσιν
632 1331 684 1396 καὶ
704 1331 758 1416 τὴν
781 1331 874 1410 τάξιν,
903 1335 947 1403 ὡς
969 1332 1024 1417 τὴν
1049 1332 1144 1419 αὐτὴν
1165 1332 1286 1420 ἔχοντα
1307 1335 1357 1423 τῷ
1375 1336 1421 1420 ρέ-

301 1446 380 1520 λανι,
406 1440 571 1527 φαίνεσθαι
598 1443 741 1504 τοιαῦτα·
769 1441 821 1504 καὶ
849 1440 941 1504 πάλιν
969 1439 1029 1504 ὅσα
1060 1442 1155 1506 λευκὰ
1174 1447 1239 1507 τῶν
1262 1443 1420 1530 τραχέων·

300 1551 336 1616 ἐκ
360 1550 502 1633 μεγάλων
519 1549 577 1633 γὰρ
603 1546 682 1610 εἶναι
711 1551 817 1627 ταῦτα,
839 1548 890 1611 καὶ
912 1547 969 1618 τὰς
990 1549 1145 1620 συνδέσεις
1168 1550 1205 1614 οὐ
1231 1555 1419 1638 περιφερεῖς,

300 1658 382 1724 ἀλλὰ
413 1655 610 1743 προκρόσσας
637 1655 689 1720 καὶ
716 1659 777 1718 τῶν
805 1655 971 1740 σχημάτων
997 1657 1054 1728 τὰς
1074 1657 1199 1743 μορφὰς
1223 1660 1422 1744 μιγνυμένας,

300 1767 404 1850 ὥσπερ
428 1764 643 1850 ἀναβαθμίδας
663 1762 702 1827 τὰ
725 1763 784 1847 πρὸ
799 1766 859 1826 τῶν
881 1767 992 1848 τειχῶν
1019 1762 1085 1851 ἔχει
1104 1768 1260 1850 χώματα·
1281 1771 1416 1832 τοιοῦτον

296 1873 354 1960 γὰρ
384 1872 429 1954 ὄν,
462 1870 567 1936 ἄσκιον
597 1869 686 1950 εἶναι,
712 1871 764 1934 καὶ
790 1868 827 1934 οὐ
855 1870 1033 1936 κωλύεσθαι
1061 1873 1095 1937 τὸ
1118 1874 1276 1960 λαμπρόν.
1322 1877 1418 1939 Theo·

297 1985 437 2066 pbrestus
457 1981 529 2044 ibid.
548 1984 599 2045 79.

382 2093 432 2154 35.
471 2071 622 2174 Ἐρυθρθν
642 2085 671 2151 δ’
696 2087 727 2158 ἐξ
752 2088 883 2172 οἵωνπερ
902 2088 936 2152 τὸ
957 2087 1084 2172 θερμόν,
1096 2088 1176 2174 πλὴν
1195 2089 1233 2154 ἐκ
1254 2088 1413 2175 μειζόνων.

292 2194 367 2262 Ἐὰν
388 2198 446 2283 γὰρ
469 2197 501 2260 αἱ
527 2196 696 2281 συγκρίσεις
725 2195 783 2259 ὦσι
806 2195 929 2280 μείζους
953 2196 1069 2281 ὁμοίων
1091 2194 1186 2261 ὄντων
1209 2203 1274 2262 τῶν
1298 2193 1413 2283 σχημά·

211 2433 218 2446 ·
295 2424 353 2496 tur,
384 2417 415 2479 id
444 2416 662 2478 dubitationem
687 2415 837 2498 quandam
864 2415 968 2490 haben
1004 2414 1113 2498 reliqui
1141 2414 1223 2478 euim
1254 2413 1358 2477 eibum
1385 2415 1412 2472 et

276 2527 414 2608 'nigrum
436 2524 521 2588 solos
541 2543 608 2588 esse
627 2522 780 2604 simplices
804 2521 925 2586 colores
945 2523 1058 2586 volunt.
1102 2523 1223 2586 Deinde
1246 2523 1331 2606 quod
1352 2537 1410 2582 ιιοιι

296 2635 436 2697 omuibus
456 2634 532 2696 eibis
552 2633 657 2696 eadem
676 2633 774 2695 torma
794 2632 944 2709 tribuitur,
963 2631 1017 2694 sed
1035 2630 1094 2695 elia
1115 2632 1209 2708 deiris,
1229 2631 1292 2694 alia
1311 2626 1409 2690 friabi-

294 2743 392 2818 libus;
422 2763 522 2826 neque
552 2741 630 2804 enim
659 2747 903 2817 consentaneum,
934 2739 971 2802 iis
1000 2759 1078 2822 quae
1100 2740 1239 2822 (colore)
1261 2737 1407 2806 different,

295 2851 384 2913 aliam
407 2870 474 2914 esse
503 2848 692 2912 differentiae
719 2867 841 2910 causam
869 2867 886 2909 e
913 2854 995 2910 tactu
1017 2849 1194 2930 proiectam,
1215 2865 1317 2930 neque
1336 2843 1405 2920 figu-

293 2979 358 3021 ram
381 2979 448 3022 esse
468 2958 559 3038 hujus
580 2955 767 3019 differentiae
793 2977 923 3034 causam,
947 2958 1000 3019 sed
1028 2957 1122 3037 magis
1143 2957 1243 3019 situm.
1287 2950 1406 3035 Quippe

293 3071 323 3126 et
342 3068 470 3129 rotunde
492 3065 675 3148 omninoque
702 3064 803 3126 emnia
828 3084 861 3126 se
890 3065 958 3144 ipsa
978 3064 1159 3126 obumbrare
1180 3067 1327 3146 possunt:
1359 3051 1405 3118 cui

289 3173 339 3235 ‘rei
361 3174 473 3237 iudicio
490 3181 570 3250 sunt,
598 3193 675 3258 quae
696 3172 762 3253 ipse
782 3172 977 3235 Democritus
1001 3173 1040 3234 ad
1061 3173 1151 3234 fidem
1174 3169 1343 3235 faciendam
1363 3161 1404 3223 ei-

292 3281 358 3358 tert,
380 3301 576 3366 quaecunque
600 3283 678 3344 inter
694 3279 792 3342 laevia
813 3281 899 3361 nigra
916 3280 1063 3343 videntur.
1108 3280 1156 3342 Ob
1178 3275 1402 3342 concretionem

291 3388 370 3450 enirn
392 3397 422 3451 et
443 3391 580 3453 ordinem
606 3388 743 3465 eundem,
771 3407 861 3470 quem
887 3389 973 3470 nigre
997 3389 1135 3463 habeant,
1169 3387 1240 3466 (ait)
1260 3381 1332 3444 talia
1353 3395 1402 3454 np-

291 3515 415 3578 parere;
446 3506 477 3562 et
502 3504 659 3580 praeterea
692 3515 890 3580 quaecunque
919 3497 995 3558 inter
1025 3515 1134 3577 aspere
1160 3496 1302 3557 videntur
1322 3485 1399 3548 elba:

290 3607 366 3667 haee
388 3605 467 3668 enim
496 3625 513 3669 e
534 3606 650 3687 magnis
671 3611 824 3682 constare,
858 3624 1024 3687 eorumque
1057 3623 1152 3666 nexus
1175 3621 1238 3666 uon
1255 3592 1399 3661 rotundos

290 3733 376 3790 esse,
396 3715 453 3776 sed
475 3715 697 3797 prominentes,
722 3714 946 3796 figurarumque
968 3711 1237 3775 conformationem
1259 3701 1397 3768 mixtione

289 3821 363 3901 fieri,
387 3825 640 3906 quemadmodum
661 3829 784 3904 aggesta
805 3830 872 3885 aute
889 3841 994 3885 muros
1009 3827 1089 3882 terra
1107 3819 1219 3900 gradus
1234 3809 1396 3878 continenti

287 3939 416 4013 propter
445 3933 521 3996 bene
548 3939 685 3994 namnam
709 3931 846 3994 colorem
877 3929 1001 3993 umbrae
1029 3948 1157 3992 vacuum
1188 3943 1265 3998 esse,
1300 3925 1395 3994 neque

287 4037 427 4120 impediri
452 4041 621 4104 candidum.

370 4147 419 4210 35.
462 4150 599 4212 Rubrum
629 4156 730 4211 autem
763 4167 801 4220 αι
825 4146 932 4210 iisdem
961 4144 1080 4228 quidem
1103 4139 1301 4224 compositum
1320 4141 1390 4194 esse,

286 4271 303 4313 e
331 4253 440 4335 quibus
466 4256 611 4333 calidum,
640 4257 695 4319 sed
729 4263 828 4320 temen
853 4276 871 4319 e
897 4253 1071 4334 maioribus.
1127 4257 1248 4335 Quanto
1266 4238 1342 4306 enim
1361 4230 1389 4291 in
