2956 4860
308 303 351 368 60
637 299 833 362 Quaestionum
851 301 1081 358 Democriteum

310 473 455 535 tissimum
479 487 547 530 csse
567 475 689 548 oportet
718 468 769 549 qui
792 469 861 530 ineo
885 489 918 532 se
942 470 1101 534 oculorum
1126 470 1235 531 lumine
1258 471 1356 550 privet,
1374 479 1401 533 nt

310 581 396 644 nullo
418 579 544 640 aliarum
575 595 675 638 rerum
704 576 873 640 interuentu
907 585 1055 658 perpetua
1082 577 1252 642 sublimium
1282 587 1402 642 aeterno-

311 709 437 770 rumque
465 686 720 765 contemplatione
748 704 784 746 ac
813 685 1008 747 meditatione
1029 686 1154 750 fruatur.
1197 689 1306 750 'lentae
1326 689 1403 766 igitur

311 797 419 860 mentis
443 794 598 874 angustiae
618 793 731 855 scurris
747 798 777 854 et
796 791 1001 856 blateronibus
1014 795 1141 857 maxime
1161 796 1191 857 in
1208 795 1403 876 philosophum

311 907 392 988 opud
413 901 583 978 Abderitas,
610 921 688 984 quos
712 899 825 961 bardos
847 905 876 962 et
897 901 1028 964 barones
1049 903 1206 982 habebant,
1226 909 1324 965 nanum
1345 921 1404 982 qna-

312 1016 400 1078 draro
426 1010 613 1072 videbantur,
665 1009 774 1090 Neque
806 1007 886 1068 enim
913 1008 962 1070 isti
986 1011 1189 1088 meminerant,
1216 1010 1403 1073 Democritum

311 1121 478 1206 permultos
505 1117 712 1198 composuisse
741 1114 838 1178 libros
863 1123 954 1198 atque
982 1137 1083 1180 rerum
1112 1119 1290 1181 naturalium
1319 1116 1404 1178 studio

311 1233 501 1296 continenter
528 1229 710 1305 occupatum
738 1223 831 1286 luisse
853 1224 911 1302 vel,
940 1233 974 1288 ut
992 1227 1126 1288 Petronii
1146 1227 1239 1288 verba
1257 1245 1344 1305 supra
1362 1243 1404 1303 po-

270 1343 273 1349 '
312 1341 369 1404 sita
390 1341 533 1417 repetam,
563 1333 697 1395 omnium
720 1332 880 1394 herbarum
905 1351 1016 1396 succos
1039 1334 1227 1413 expressisse
1246 1342 1276 1396 et
1292 1353 1328 1394 ue
1345 1331 1404 1410 lapi·

312 1448 383 1510 dum
402 1443 662 1522 virgultorumque
681 1439 728 1501 vis
745 1438 862 1514 lateret,
883 1448 1011 1502 aetatem
1031 1441 1110 1502 iuter
1131 1441 1334 1522 experimenta
1347 1457 1405 1500 cou-

312 1553 470 1628 sumsisse,
509 1567 587 1630 quae
624 1545 725 1608 omnia
763 1545 828 1608 sine
869 1548 1030 1610 oculorum
1058 1567 1118 1610 usu
1158 1549 1224 1610 fieri
1264 1553 1404 1629 nequeunt.

313 1658 518 1745 Quamobrem
548 1653 622 1716 nilril
652 1652 716 1713 veri
751 1651 781 1714 iu
814 1654 904 1716 Gellii
938 1657 1111 1718 narratione
1145 1657 1244 1720 inesse
1277 1656 1404 1728 existimo,

312 1769 424 1852 quippe
446 1783 538 1846 quum
557 1767 621 1823 tota
641 1780 747 1823 eorum
769 1761 927 1838 dicacitati‚
945 1763 998 1844 qui
1013 1764 1186 1842 hujusmodi
1206 1764 1317 1828 facetiis
1334 1779 1404 1824 sunm

310 1879 500 1954 aliorumque
521 1870 617 1933 otium
640 1867 744 1930 tallere
764 1868 918 1946 solebant,
950 1870 1052 1933 deberi
1075 1871 1229 1934 censenda
1247 1872 1293 1932 sit.
1330 1865 1403 1950 Quot

310 1990 409 2048 autem
430 1979 468 2040 ad
486 1978 647 2041 Laberium
665 1977 777 2054 attinet,
792 1977 856 2055 jam
877 1977 942 2057 ipse
965 1977 1082 2042 Gellius
1103 1979 1195 2042 uobis
1214 1979 1291 2040 viam
1310 1978 1338 2040 in
1358 1978 1403 2035 lucc

311 2095 488 2173 argumento
524 2091 749 2148 commonstrat.
809 2085 963 2164 Laberius,
992 2086 1135 2167 qnoniam
1168 2093 1260 2167 poeta
1288 2083 1404 2148 comicus

311 2203 368 2266 snit
403 2218 459 2259 nec
486 2195 543 2257 nisi
569 2193 744 2256 comoediae
767 2213 839 2256 suae
867 2193 1082 2256 convenienter
1107 2195 1242 2257 fictitiam
1275 2194 1348 2254 illurn
1374 2189 1403 2248 de

311 2305 488 2374 Democrito
517 2299 773 2363 narratiunculam
800 2301 831 2363 in
860 2319 981 2363 scenam
1008 2302 1183 2381 producere
1211 2301 1314 2376 voluit,
1336 2295 1404 2360 nulla

312 2419 377 2498 ejus
396 2413 473 2476 ratio
496 2412 544 2473 lic
573 2407 710 2470 ducenda
737 2417 790 2472 est
839 2409 918 2471 Nem
940 2409 987 2469 vel
1009 2409 1097 2489 pueri
1120 2411 1295 2491 intelligunt,
1314 2407 1338 2468 si
1356 2408 1404 2466 lle-

310 2524 456 2589 mocritus
473 2517 548 2581 uilril
568 2521 735 2596 spectasset
763 2515 821 2578 uisi
850 2523 884 2580 ut
909 2517 996 2580 nelis
1018 2517 1134 2580 civibus
1156 2539 1195 2582 uc
1212 2520 1286 2581 bene
1307 2517 1403 2580 uideret

311 2653 388 2710 esse,
413 2631 471 2691 hoc
496 2645 564 2688 eum
596 2621 665 2684 sola
685 2622 833 2686 coecitate
859 2625 1005 2706 consequi
1028 2644 1089 2687 non
1111 2625 1256 2705 potuisse,
1277 2625 1328 2686 sed
1347 2639 1404 2682 coe-

310 2741 400 2804 citate
430 2737 592 2814 conjuncta
622 2749 692 2792 eum
725 2731 870 2793 surditate
901 2741 1134 2794 consecuturum
1168 2734 1286 2795 demum
1316 2729 1402 2820 luisse.

311 2847 402 2929 Quod
423 2840 627 2905 Tertullianus
639 2835 670 2919 ⁸)
692 2837 747 2898 ait:
774 2839 987 2913 „Democritus
1010 2839 1107 2902 oculis
1129 2859 1164 2902 se
1186 2838 1318 2920 privavit,
1335 2831 1403 2916 qnod

309 2953 452 3014 mulieres
471 2951 535 3014 siue
557 2944 719 3026 cupiditate
740 2944 849 3008 intueri
867 2947 1070 3027 nonposset,’'
1094 2948 1191 3010 risum
1214 2939 1403 3010 movetomni·

309 3061 366 3122 bns
402 3059 454 3142 qui
488 3076 526 3118 ex
555 3053 684 3116 aliorum
706 3053 890 3132 scriptorum
921 3055 999 3117 locis
1028 3055 1173 3118 caelibem
1204 3074 1320 3134 semper
1337 3053 1403 3112 huuc

308 3166 523 3247 philosophum
546 3161 640 3224 fnisse
670 3159 864 3224 concludunt.
917 3163 1044 3240 Etenim,
1078 3164 1130 3246 qui
1158 3165 1271 3226 coitum
1296 3173 1401 3240 parvane

309 3271 471 3354 ἐπιληψίαν
491 3264 696 3351 appellavit³)
726 3269 936 3350 Veneremque
968 3270 1120 3348 damnans,
1138 3279 1174 3333 ut
1194 3272 1225 3334 in
1247 3289 1305 3352 qua
1324 3267 1400 3326 homo

307 3379 384 3442 alius
405 3377 501 3438 exiret
527 3376 565 3438 ab
596 3374 766 3454 homine⁴),
786 3383 953 3455 perpetuus
974 3378 1086 3440 amoris
1106 3397 1180 3442 osor
1201 3379 1292 3440 luisse
1311 3378 1402 3455 puten-

308 3487 448 3559 deusest,
478 3483 631 3564 quomodo
659 3484 726 3565 quis
757 3484 837 3545 bunc
865 3489 945 3547 tarrta
972 3486 1066 3548 luisse
1095 3487 1249 3550 salacitate
1270 3481 1323 3544 sibi
1342 3493 1400 3558 per-

306 3593 440 3666 suadeat,
460 3597 494 3651 ut
516 3589 656 3650 muilieres
677 3590 742 3651 sine
761 3590 923 3671 cupiditate
946 3592 1082 3672 aspicere
1103 3594 1261 3676 nequiret?
1297 3591 1357 3652 lloc
1373 3587 1400 3642 ul

305 3699 488 3780 philosopho
517 3695 701 3778 omninoque
731 3699 798 3760 viro
826 3697 992 3778 disciplinis
1022 3700 1198 3764 liberalibus
1232 3698 1343 3761 erudito
1363 3689 1399 3748 in-

305 3807 427 3888 dignum
450 3812 510 3880 est,
538 3803 579 3864 ita
608 3804 645 3865 ab
680 3803 840 3866 insatiabili
861 3805 998 3868 discendi
1029 3809 1169 3872 aviditate
1196 3825 1256 3889 qna
1273 3805 1399 3881 flagrasse

373 4080 395 4140 ’l
416 4079 591 4128 Tertullianus
612 4078 715 4140 apolog.
737 4091 758 4126 c.
778 4073 820 4126 lb.

371 4169 393 4232 ³)
411 4170 467 4220 Viti.
488 4170 614 4218 Clement.
630 4169 699 4217 Alex.
718 4167 829 4230 l‘uedug.
849 4169 868 4216 ll
889 4181 913 4231 p.
933 4165 989 4222 193.
1002 4170 1031 4219 l).

370 4261 392 4324 ⁴)
413 4263 443 4310 ut
467 4259 540 4322 apud
556 4259 667 4309 Plinium
688 4261 722 4308 nit
744 4258 787 4308 lib.
807 4257 915 4320 llliVlll,
937 4257 976 4311 to.
