2932 4862
295 297 359 364 354
630 295 828 359 ttrmtionrn
846 294 1078 352 munitm

385 465 435 528 tt.
478 465 539 526 Pro
559 459 654 526 αἴτιον
667 457 745 524 εἶναι
760 462 815 543 τῆς
827 461 936 546 popio,
948 457 1029 524 ἀλλὰ
1044 457 1159 544 μᾶλλον
1179 459 1298 543 ἡθέσις
1317 479 1396 522 senso

301 573 474 654 postulante
494 570 682 635 correximus
708 565 803 630 αἴτιον
831 565 910 632 εἶναι
934 571 987 651 τῆς
1010 565 1171 651 διαφορᾶς,
1194 565 1274 632 ἀλλὰ
1294 569 1397 650 μᾶλλον

302 679 355 762 τὴν
376 677 473 742 θέσιν.
522 679 598 741 Rem
623 695 686 740 non
711 681 914 756 perceperunt
939 677 997 738 viri
1026 675 1117 751 docti,
1146 693 1253 738 omnes
1273 675 1398 736 mendum

303 789 335 850 in
357 807 435 850 vooe
454 787 554 870 φορᾶς
575 785 748 848 tolerantes.
791 784 995 846 Schneidems
1012 783 1161 858 nesciens,
1183 783 1399 845 seribendnmne

304 896 343 959 sit
363 895 417 977 τὴν
438 891 523 956 θέσιν
548 911 586 954 ευ
606 891 694 954 δοκεῖ
721 898 793 972 post
817 891 935 973 μᾶλλον
950 891 1152 966 inserendum,
1174 889 1399 969 Philippsonion

306 1005 337 1064 in
357 1001 559 1082 posteriorem
585 998 764 1062 sententiam
795 999 893 1060 traxit
941 998 1049 1061 Ultima
1075 997 1169 1077 vulgo
1190 995 1236 1059 sio
1257 996 1401 1058 exereban-

305 1119 370 1174 tur:
393 1109 497 1192 ῶστιιρ
526 1107 546 1189 ἡ
578 1105 727 1190 ἀνάβασις
752 1103 803 1170 καλ
826 1103 864 1167 τὰ
890 1103 949 1188 τρθ
972 1109 1031 1166 τῶν
1053 1107 1163 1189 τειχῶν
1185 1101 1253 1188 ἔχει
1273 1104 1399 1186 eripere·

304 1219 443 1278 τοιοῦτον
461 1214 520 1298 γὰρ
542 1211 587 1289 ὄν,
611 1211 715 1276 ἅσιιιον
746 1208 895 1275 εἶναικαὶ
917 1211 954 1274 οὐ
984 1211 1162 1276 κωλύεσθαι
1188 1213 1243 1272 τοῦ
1266 1212 1399 1293 λαμπροῦ.

308 1322 512 1386 Solrneiderus
539 1323 589 1384 hie
615 1320 690 1384 nihil
713 1319 896 1396 emendavit,
924 1319 983 1382 nisi
1011 1319 1095 1400 quod
1120 1339 1181 1400 pro
1203 1319 1258 1381 τοῦ
1277 1311 1400 1400 λαμπροῦ

307 1430 367 1511 legi
383 1431 476 1508 jussit
496 1430 530 1492 τὸ
553 1426 703 1513 λαμπρόν.
757 1425 983 1506 Philippsonins
1004 1426 1112 1489 edidit:
1142 1425 1248 1508 ῶσπερ
1268 1424 1288 1506 ἠ
1309 1423 1400 1506 ἀνέβα·

310 1559 355 1604 σιτ
376 1537 501 1605 καὶτὰς
527 1536 586 1621 πρὸ
612 1539 672 1598 τῶν
699 1537 809 1618 τειχῶν
841 1530 908 1617 ἔχει
932 1533 1070 1617 βωμίδας
1096 1541 1127 1596 et
1152 1534 1183 1595 in
1207 1535 1266 1594 line
1286 1530 1400 1594 enuntie-

309 1645 400 1708 tionis
429 1645 463 1707 τὸ
492 1643 642 1728 λαμπρόν.
695 1642 769 1706 Mihi
798 1642 837 1704 ed
862 1643 1029 1704 litterarum
1056 1641 1168 1704 duetus
1187 1639 1283 1720 magis
1302 1656 1401 1701 aeeon

308 1753 429 1816 modste
460 1751 633 1832 ponendum
664 1751 783 1814 videtur
815 1749 919 1832 ῶσπερ
949 1746 1165 1832 ἀναβοθρέθας
1199 1745 1237 1809 τὰ
1270 1746 1326 1827 πρὸ
1353 1747 1400 1804 τῶν

309 1864 419 1942 τειχῶν
441 1855 507 1942 ἔχει
527 1859 669 1940 χώματα.
713 1859 874 1920 Praeterea
889 1856 1067 1918 Schneideri
1082 1854 1115 1916 τὸ
1134 1851 1276 1938 λαμπράν
1295 1852 1400 1914 retineo.

310 1966 449 2046 Denique
471 1965 665 2028 Boreherdus
693 1984 785 2028 sensu
813 1983 876 2026 non
904 1971 1066 2042 perspecto
1098 1962 1128 2022 in
1158 1961 1260 2023 verbis
1282 1957 1337 2020 ὅσοι
1353 1959 1400 2018 τῶν

311 2071 403 2136 λείων
427 2069 545 2154 ρέλανα
563 2091 621 2151 pro
642 2072 734 2135 λείων
752 2071 894 2134 substitui
905 2071 971 2131 vult
989 2071 1107 2132 λευκῶν
1130 2076 1222 2151 atque
1245 2068 1275 2128 in
1294 2082 1401 2146 sequen·

310 2179 390 2242 tibus
412 2176 472 2240 θσα
494 2176 588 2240 λευκὰ
609 2182 668 2240 τῶν
683 2177 823 2262 τραχέων
836 2177 944 2240 mutari
961 2177 991 2238 in
1008 2175 1143 2239 θεατῶν
1160 2177 1278 2238 λευιιῶν
1292 2170 1399 2255 τραχέα.

396 2289 447 2350 35.
490 2286 649 2349 Postrema
677 2293 745 2348 ante
767 2284 987 2348 Solrueiderum
1014 2285 1058 2346 sic
1077 2281 1295 2363 vulgabontur:
1325 2274 1399 2340 τὸδὲ

310 2393 433 2477 χλωρὸν
455 2391 490 2454 ἐν
518 2395 572 2454 τοῦ
604 2395 729 2475 στερεοῦ
751 2391 802 2454 καὶ
829 2394 884 2452 τοῦ
907 2394 997 2454 κενοῦ
1025 2391 1207 2474 συνεστάναι
1227 2391 1358 2474 ρεχάλων
1376 2381 1399 2449 lt

312 2499 428 2582 ἀμφοῖν
447 2497 487 2581 τῇ
509 2497 596 2560 θέσει
619 2499 670 2562 καὶ
693 2503 734 2582 τῇ
754 2499 837 2568 τάξει
863 2497 963 2562 αὐτῶν
991 2497 1044 2580 τὴν
1064 2495 1175 2582 χρόαν.
1220 2496 1399 2562 Schneideros

313 2607 439 2668 servetis
451 2607 577 2668 coeteris
590 2605 682 2668 scribi
703 2607 799 2670 voluit
811 2606 1003 2669 συνεστάναι·
1027 2605 1061 2667 έιι
1074 2605 1220 2688 μεγάλων
1240 2603 1272 2668 δ’
1293 2601 1399 2684 ἀμφοῖν,

313 2733 372 2794 quo
395 2711 603 2775 emendatione
625 2715 754 2794 probato
776 2712 999 2792 Pirilippsonius
1026 2722 1185 2793 praetereo
1212 2711 1265 2796 μέν
1287 2712 1357 2772 inter
1374 2702 1400 2764 ἐν

313 2826 344 2881 et
364 2823 418 2880 τοῦ
438 2823 566 2902 στερεοῦ
586 2821 720 2888 inseruit.
763 2821 825 2884 Sed
846 2821 893 2882 his
913 2819 1054 2882 remediis
1074 2823 1212 2884 nondum
1235 2825 1347 2884 senatus
1365 2817 1401 2872 est

312 2926 409 3004 locus,
430 2927 512 3008 quod
540 2928 638 3007 probe
670 2928 815 2991 intellexit
836 2927 1039 3004 Burohardus,
1068 2929 1120 3009 qui
1141 2937 1241 2992 tomen
1260 2929 1321 3006 ipse
1340 2915 1399 2982 nihil

313 3033 352 3096 ad
371 3034 540 3114 supplendo
563 3054 599 3096 ee
620 3054 697 3117 qrroe
722 3037 907 3113 exciderent,
935 3035 1041 3097 attulit
1084 3036 1190 3118 ltaque
1214 3035 1284 3098 nihil
1301 3024 1400 3092 minoi-

313 3139 372 3201 lins
387 3141 687 3222 estPlrilippsonieno
699 3143 788 3222 hujus
799 3142 963 3205 sententiae
976 3143 1239 3223 interpretatione:
1256 3138 1398 3220 „colorem

314 3247 433 3307 demum
463 3248 589 3310 viridem
618 3269 636 3312 ε
667 3249 769 3312 valido
803 3250 924 3331 quidem
957 3255 988 3311 et
1017 3269 1131 3326 naono,
1162 3259 1289 3332 utroque
1317 3249 1398 3305 auten

314 3360 441 3432 propter
464 3353 554 3416 situm
587 3363 618 3418 et
645 3357 783 3418 ordinem
809 3355 922 3418 eoloris
953 3375 1063 3436 magno
1092 3355 1258 3420 constare.”
1303 3352 1348 3414 ne
1368 3345 1398 3405 lt

314 3459 441 3521 coeteris
463 3460 542 3522 vitiis
562 3461 681 3544 loquor,
707 3463 737 3524 in
766 3482 804 3524 eo
830 3463 1020 3542 potissimum
1042 3464 1090 3526 vir
1109 3465 1296 3528 doctissimos
1312 3457 1399 3535 lapsus

314 3571 370 3640 est,
391 3568 474 3647 qnod
493 3566 593 3630 αὐτῶν
614 3589 676 3631 non
703 3570 859 3650 expressit,
891 3569 943 3652 τ’ρν
962 3568 1059 3654 χρόαν
1081 3578 1180 3634 eutem
1201 3568 1325 3651 genitivo
1344 3557 1398 3621 red·

314 3673 398 3734 didit
435 3673 508 3735 Mihi
538 3675 678 3736 videntur
709 3677 885 3740 Schneideri
911 3683 941 3738 et
971 3677 1169 3758 Philippsonii
1198 3670 1397 3740 emendationes

315 3785 397 3842 recte
417 3779 538 3862 quidem
560 3782 732 3860 solabere,
757 3784 813 3846 sed
834 3789 991 3864 praetereo
1010 3783 1251 3865 distinguendum
1272 3783 1336 3861 post
1354 3769 1396 3849 ἅθ’

315 3890 385 3968 ιροῖν
407 3888 660 3969 inserendmnqne
683 3889 718 3952 ot
740 3890 817 3953 inter
838 3893 878 3972 τῇ
899 3897 930 3954 et
950 3889 1037 3954 θέσει
1054 3899 1145 3974 etque
1164 3893 1193 3954 in
1212 3893 1268 3952 tine
1285 3877 1397 3947 enuntio·

313 3993 404 4056 tionis
422 3991 578 4075 γίγνεσθαι
595 3997 769 4074 ponendum
791 4015 867 4060 esse.

397 4101 446 4164 37.
490 4100 621 4180 Vulgata
652 4104 803 4184 scripturn
830 4111 877 4166 est
903 4103 936 4166 τὸ
968 4104 1023 4187 μὲν
1048 4103 1106 4188 γὰρ
1135 4103 1270 4188 λαρτρῦν
1293 4095 1349 4179 ἔχει
1367 4085 1393 4146 lt

313 4205 367 4265 τοῦ
389 4207 509 4283 λευκοῦ,
531 4207 565 4268 τὸ
589 4207 623 4269 δὲ
648 4209 819 4294 ὑπέρυθρον
844 4209 971 4274 ἀπὸτοῦ
991 4209 1121 4294 θερμοῦ,
1142 4215 1172 4274 in
1194 4195 1295 4294 quibus
1309 4192 1393 4266 verbis
