2938 4864
262 311 327 376 26⁰
596 308 793 374 Quaestionum
820 309 1055 366 Democritenmm

265 479 393 563 reliquit.
456 477 652 544 Burchardus
693 477 745 560 qai
779 477 993 558 interpretatur
1024 475 1159 564 annuet
1192 478 1375 558 (dicendum

267 598 346 652 erat:
369 588 495 650 sinulieh
514 587 755 664 wahraehmbar)
776 586 815 647 ad
837 585 1050 664 Olympiodori
1072 585 1283 648 auctoritatem
1306 607 1378 648 oon-

268 697 352 778 iugit.
393 697 421 760 ls
448 696 487 758 ed
512 695 584 759 Plat.
607 695 718 756 Phaed.
739 713 770 774 p.
793 695 843 756 80.
856 694 890 756 n.
914 691 959 772 (p.
981 695 1043 754 ‘ld-i
1067 693 1114 754 ed.
1136 695 1305 773 Wyttenb.)
1326 694 1379 755 do-

268 813 326 882 cet,
350 803 545 866 Aristotelem
577 803 610 865 τὸ
638 799 783 884 αἰσθητόν
812 801 900 862 etiam
928 798 1103 882 αἰσθητικόν
1134 801 1269 864 vocasse.
1317 802 1379 862 Sed

270 914 325 976 heo
347 913 525 974 auctoritate
553 915 587 973 ut
611 909 642 972 in
670 928 703 970 re
730 908 819 988 plana
840 928 919 989 opus
940 929 1001 971 non
1024 908 1088 972 luit.
1131 909 1214 970 ldem
1233 908 1377 972 Bnrohar-
1465 962 1466 976 .

270 1021 327 1084 dus
350 1019 476 1103 καρδίας
504 1017 596 1080 edidit
620 1036 677 1097 pro
699 1015 834 1100 καρδίης.
882 1016 931 1077 Ad
961 1017 1137 1078 sententiam
1167 1018 1247 1098 quod
1269 1017 1381 1093 attinet,

271 1135 354 1190 reete
377 1125 563 1206 comparavit
597 1145 667 1187 eum
694 1126 753 1186 hoc
779 1124 851 1186 loeo
882 1122 1015 1186 Orellius
1036 1123 1152 1204 Aesopi
1172 1124 1262 1186 fabul.
1283 1126 1330 1186 Xl
1351 1127 1381 1185 in

270 1235 410 1299 Neueleti
432 1235 526 1314 Myth.
562 1231 674 1313 Aesop.
702 1253 768 1314 pag.
797 1235 837 1294 95
861 1238 892 1293 et
914 1230 1043 1293 Phaedri
1067 1231 1153 1294 lib.l
1183 1233 1242 1295 lab.
1266 1233 1321 1294 h'll
1343 1233 1381 1294 de

272 1344 364 1424 vulpe
386 1349 416 1406 et
436 1361 568 1424 persona
589 1339 710 1420 tragica.

1460 1301 1466 1348 t

357 1453 408 1514 90.
450 1449 635 1529 scripsimus
658 1443 850 1530 μεταπίπτειν
873 1467 906 1509 τε
928 1443 1064 1531 φιλέει
1084 1466 1142 1528 pro
1172 1467 1209 1511 eo
1231 1447 1312 1529 qnod
1333 1467 1385 1510 an-
1466 1463 1467 1474 ¹

163 1611 165 1616 ,
275 1565 324 1622 tec
342 1558 391 1620 hie
423 1557 580 1638 legebatur
610 1556 702 1640 φιλεῖ.
752 1554 896 1617 Similiter
917 1551 1091 1637 urnedpenet
1115 1557 1305 1637 reposuimus
1326 1576 1385 1636 pro

274 1665 459 1748 κινούμεναι
502 1667 631 1728 Sensum
651 1661 814 1724 verborum
843 1663 875 1725 al
898 1661 924 1724 δ’
950 1660 985 1724 ἐκ
1004 1662 1146 1744 μεγάλων
1164 1703 1232 1715 -
1255 1661 1386 1746 εὔθυμοι

274 1793 336 1836 non
358 1791 426 1836 esse
450 1772 543 1836 alium
568 1771 625 1834 nisi
651 1789 719 1832 eum
748 1790 836 1852 quem
865 1771 895 1832 in
917 1769 1163 1850 interpretatione
1182 1771 1386 1851 expressimus

274 1887 383 1964 sponte
406 1885 496 1959 patet.
548 1881 618 1960 Quo
646 1876 741 1957 magis
767 1877 911 1940 miramur
941 1877 1090 1940 Orellium
1120 1877 1219 1940 miuus
1244 1886 1387 1942 accurate

275 1992 313 2054 de
333 1989 484 2052 hocloco
504 1986 674 2066 judicasse:
720 1986 844 2062 „Verte‚
862 1984 966 2068 inquit,
987 2005 1065 2064 quac
1086 2005 1125 2046 ex
1147 1989 1272 2065 neugm's
1290 1989 1387 2050 t'ntcr·

274 2098 366 2161 νιιΙΙὶι
386 2102 548 2159 mouentur
572 2091 621 2156 vel
648 2093 871 2172 tinpelluntm;
897 2091 1060 2154 intervallis
1089 2091 1155 2154 scil.
1182 2091 1251 2157 loci
1306 2095 1388 2156 Nam

276 2207 371 2270 multo
402 2203 523 2288 gravius
550 2201 675 2263 ferimur
700 2207 730 2262 et
758 2199 940 2280 impellimur
968 2199 1028 2262 illis
1058 2220 1133 2282 quae
1161 2219 1199 2262 ex
1218 2201 1388 2285 longinquo

275 2335 345 2378 cum
366 2313 396 2376 vi
417 2319 447 2374 et
470 2311 583 2390 impetu
603 2309 634 2370 in
651 2327 709 2370 nos
731 2308 858 2385 irruunt,
883 2315 935 2372 atrt
957 2327 1034 2390 quoe
1055 2327 1093 2370 ex
1119 2307 1191 2370 looo
1213 2309 1336 2372 sublimi
1357 2319 1389 2372 et

274 2421 420 2486 altissimo
448 2418 480 2480 in
505 2433 562 2478 nos
591 2415 743 2493 incidunt,
770 2436 858 2498 quem
888 2417 924 2478 iis
958 2437 1034 2499 quae
1057 2403 1096 2478 err
1124 2417 1298 2498 propinquo
1328 2438 1387 2480 nos

275 2531 394 2593 feriunt.
430 2526 469 2587 Et
491 2525 539 2600 ita,
562 2524 594 2585 ni
613 2523 711 2600 lellor,
734 2523 930 2604 explicandus
951 2524 1000 2586 hic
1021 2523 1137 2588 locus.’'
1178 2525 1286 2605 Neque
1310 2529 1389 2589 Bur-

276 2638 406 2701 ehardns
425 2633 497 2697 satis
517 2639 587 2712 apte
609 2632 712 2694 vertit:
742 2631 870 2707 „Seelen
892 2631 974 2709 aher,
999 2632 1114 2695 welche
1135 2633 1165 2694 iu
1191 2636 1310 2712 gretser
1328 2635 1391 2696 Un-

275 2743 436 2828 gleiehheit
456 2737 575 2819 bewegt
596 2740 726 2816 werden,
755 2739 822 2800 sind
848 2740 950 2802 weder
976 2742 1035 2802 lest
1062 2741 1143 2803 noch
1175 2739 1282 2803 wohl.”
1325 2743 1389 2804 Pro

275 2851 397 2930 uulgato
418 2845 603 2930 ἀμκέαεοθαι
624 2847 799 2926 ponendum
827 2847 877 2909 hic
904 2867 971 2910 esse
990 2848 1039 2910 vel
1061 2845 1247 2930 ἀρέσκεσθαι
1266 2849 1314 2912 vel
1336 2849 1390 2932 cip·

275 2955 403 3021 κέεοῦαι
435 2955 540 3017 docuit
573 2954 791 3016 Valckenarius
824 2955 862 3016 ad
895 2953 1008 3016 llerod.
1041 2956 1107 3030 vn,
1136 2957 1196 3018 160
1229 2959 1316 3020 Tam.
1344 2960 1390 3021 Vl

274 3086 304 3147 p.
321 3065 382 3127 407
402 3061 449 3125 ed.
468 3061 635 3142 Schweigh.
679 3063 788 3145 Neque
807 3083 882 3126 uero
901 3083 969 3124 oum
992 3063 1136 3124 Schowio
1157 3063 1318 3144 legendum
1335 3063 1390 3148 eip-

273 3169 440 3243 κέοαοῦαι;
462 3188 531 3230 nara
554 3167 616 3232 loci
637 3177 789 3235 structura
812 3189 956 3251 praesens
977 3169 1098 3250 flagitat.
1142 3171 1243 3234 Verba
1267 3170 1390 3236 ἐννοεύ-

274 3297 365 3362 μενον
388 3273 426 3338 τὰ
453 3275 608 3360 πάσχουσι
631 3277 727 3360 κάρτα
748 3296 811 3340 non
830 3279 1008 3356 placuerunt
1033 3279 1178 3342 lacobsio
1200 3279 1251 3361 qui
1274 3281 1306 3341 in
1325 3281 1392 3342 ani-

273 3383 420 3446 madvers
442 3383 482 3446 ad
504 3383 609 3464 Eurip.
629 3391 660 3448 et
673 3385 837 3448 Stobaeum
851 3385 964 3464 corrigi
981 3387 1073 3465 jussit
1093 3384 1282 3470 ἃποίσχοοοι
1294 3389 1390 3466 κακοί,

272 3496 381 3572 putans
412 3489 611 3573 ἐννοούμενον
634 3493 730 3574 κάρτα
751 3493 842 3554 ualde
873 3495 979 3554 onirno
1012 3494 1190 3571 volventem,
1228 3501 1262 3555 ut
1296 3496 1392 3557 vertit

273 3599 366 3660 Conr.
392 3599 556 3676 GesneruS,
587 3599 736 3662 Graecum
764 3619 826 3662 non
854 3619 930 3664 esse.
974 3601 1108 3662 Eandem
1125 3601 1300 3681 opinionem
1323 3611 1392 3664 tue

273 3713 323 3769 tur
340 3706 517 3768 Wakefield.
545 3707 576 3768 in
599 3706 673 3769 Silv.
703 3706 777 3771 Crit.
799 3710 886 3771 Tem.
907 3709 949 3770 IV
978 3728 1009 3788 p.
1032 3710 1101 3770 145.
1148 3708 1211 3771 Sed
1232 3707 1390 3789 vulgatam

270 3815 432 3878 lectionem
456 3814 534 3875 bene
561 3813 693 3876 delendit
714 3816 874 3878 Schowius
900 3837 991 3898 quem
1018 3815 1151 3877 Orellius
1183 3823 1214 3878 et
1233 3817 1390 3879 Burehar-

270 3923 327 3985 dus
357 3928 540 4004 sequuntur,
565 3921 660 4004 κάρτα
693 3923 725 4000 (i.
751 3941 777 3986 e.
811 3923 968 4006 μεγάλως,
995 3921 1137 4002 ἐκτενῶς)
1164 3925 1389 4002 conjungentes

269 4049 337 4092 cum
358 4029 514 4113 cuiquam
538 4049 632 4110 quom
657 4030 805 4110 graculus
826 4033 918 4094 malis
938 4031 1147 4112 afficiuntur,·
1177 4051 1238 4113 qua
1255 4031 1389 4094 voculae

267 4135 363 4218 κάρτα
384 4136 581 4216 usurpatione
603 4137 685 4216 apud
701 4139 889 4203 Herodotum
911 4139 984 4201 nihil
999 4138 1194 4221 frequentius.
1222 4138 1270 4200 Cl.
1284 4139 1386 4202 licen.

265 4241 305 4304 ad
327 4242 455 4324 Gregor.
477 4243 614 4308 Corinth.
634 4265 664 4326 p.
685 4247 747 4310 466
755 4266 818 4330 seq.
841 4247 888 4310 ed.
908 4247 1061 4312 Soheeler.
1099 4247 1135 4308 hr
1157 4245 1256 4308 verbis
1281 4244 1297 4308 ὁ
1322 4244 1386 4332 γὰρ
