2932 4862
265 309 328 376 dili
585 309 781 374 maeotium
809 307 1044 362 canomann-

266 479 386 560 scriptis
408 495 469 540 non
488 483 659 556 supersunt
701 477 743 538 At
761 481 861 538 metris
882 475 999 538 radone
1021 475 1131 552 nanta,
1151 475 1230 538 sicot
1253 475 1283 537 in
1305 495 1366 537 cor-

265 607 342 668 pore
363 588 492 648 humano
515 585 643 646 arrianam
665 583 799 646 laevibus
820 583 1017 664 rotundisque
1030 584 1139 646 atomis
1161 589 1301 646 coactare
1318 603 1368 643 ro

265 694 335 756 luit:
363 694 403 756 ita
427 691 550 754 omnino
576 692 705 754 rotunda
728 691 875 774 igneaque
901 689 1085 770 corpuscula
1111 692 1201 754 deum
1222 699 1252 753 et
1273 691 1368 752 muudi

266 801 395 864 eitimam
418 797 588 880 appellavit
631 799 685 861 Sic
704 799 884 880 exponenda
901 809 972 860 sunt
990 797 1097 858 verba:
1117 796 1307 880 Δημόκριτος
1325 797 1369 859 λε’-

265 929 313 988 gar
334 911 406 970 anda
428 907 480 968 τὸν
511 905 584 968 θεὸν
612 903 643 966 ἐν
665 906 737 989 πυρὶ
767 906 968 990 σφαιροειδεῖ,
997 913 1031 968 nt
1058 905 1170 986 legitur
1196 906 1278 986 apud
1305 907 1371 968 Sto·
1411 915 1421 924 ·

267 1015 375 1077 haeum
391 1011 470 1094 ¹³⁶),
500 1013 548 1076 vel
573 1013 626 1096 τὴν
654 1015 709 1076 τοῦ
731 1011 849 1096 κόσμου
874 1013 986 1097 ψυχήν,
1017 1021 1051 1076 ut
1071 1021 1118 1076 est
1138 1014 1221 1094 apud
1242 1013 1370 1074 Pseudo

267 1123 458 1202 plutarchum
475 1119 557 1202 ¹³⁷).
608 1119 813 1203 Quamobrem
838 1120 903 1182 lieri
932 1127 1049 1200 potest,
1076 1126 1110 1184 ut
1134 1121 1224 1182 etim
1244 1120 1370 1182 animum

267 1233 427 1294 humanum
445 1235 574 1310 propter
592 1235 761 1292 atomorum
774 1248 812 1292 ex
831 1229 941 1311 quibus
955 1229 1103 1291 multatus
1117 1235 1163 1290 ast
1182 1227 1372 1302 draccum,

267 1338 384 1400 divinae
405 1345 529 1400 naturae
550 1337 728 1417 participem
750 1355 818 1398 esse
837 1336 993 1398 doctrinae
1014 1343 1122 1398 auctor
1141 1335 1258 1398 dixerit
1290 1341 1371 1418 Quae

265 1445 292 1506 si
316 1455 398 1509 roctc
422 1445 550 1524 conjeci,
576 1445 679 1508 faciles
706 1443 745 1505 ad
774 1443 984 1524 explicandum
1006 1444 1189 1506 videbuntur
1207 1444 1270 1505 duo
1290 1445 1372 1506 ctcc

266 1553 349 1616 renis
367 1553 427 1616 loci
450 1553 560 1636 quibus
584 1551 746 1614 Abderitae
771 1551 867 1614 nostri
890 1551 921 1613 in
943 1551 1113 1612 delinienda
1133 1551 1262 1612 numinis
1284 1552 1371 1614 divird

265 1669 371 1724 natura
404 1659 634 1724 inconstantiam
666 1659 768 1739 tangit
819 1657 871 1720 nir
907 1659 987 1720 eninr
1015 1658 1094 1720 libro
1115 1659 1128 1719 l
1151 1658 1190 1721 de
1210 1666 1270 1722 nat
1292 1661 1370 1720 deor.

266 1788 332 1848 cap.
360 1770 411 1830 12:
450 1765 551 1848 „Quid
576 1767 784 1843 Democritus,
812 1766 862 1848 qui
886 1773 947 1830 tum
971 1767 1116 1847 imagines
1134 1785 1297 1848 canamque
1317 1768 1370 1828 cir-

265 1875 364 1938 cuitus
386 1875 417 1934 in
437 1873 564 1936 deorum
581 1893 708 1938 arnorero
728 1876 830 1952 refert,
851 1881 914 1937 tum
936 1874 1018 1935 illam
1039 1879 1186 1948 staturam,
1205 1895 1283 1956 quan
1305 1876 1369 1937 inra-

265 1982 350 2062 gincs
370 1981 475 2044 fundat
496 2000 533 2043 ac
555 1982 659 2059 mittat,
682 1991 745 2046 tum
762 1981 916 2046 scientiam
936 1980 1222 2064 intelligentiamque
1233 1991 1370 2058 nostram,
1448 1962 1449 1995 r

265 2109 366 2152 nonne
394 2089 425 2151 in
447 2089 577 2152 maximo
600 2109 705 2152 errore
723 2093 879 2153 vomatur?
923 2094 1025 2170 Quum
1052 2089 1130 2152 idem
1152 2090 1285 2166 omnino,
1305 2093 1370 2173 qnia

267 2197 340 2260 nihil
365 2217 486 2278 semper
511 2217 569 2258 suo
587 2205 666 2260 statu
686 2205 811 2274 nrarreat,
838 2207 929 2278 neget
947 2217 1015 2260 esse
1036 2197 1199 2279 quidquam
1220 2201 1369 2280 sempiter-

267 2326 350 2382 nom,
368 2324 468 2368 nonne
489 2305 578 2366 derum
603 2305 726 2368 omnino
749 2305 791 2368 ita
811 2306 897 2383 tollit,
923 2313 956 2369 ut
978 2305 1091 2367 nullam
1113 2306 1286 2385 opinionem
1310 2309 1368 2386 epis

266 2415 413 2495 reliquant
436 2410 569 2474 iaciat?”
592 2420 623 2474 et
645 2435 711 2493 cap.
733 2415 793 2478 dd:
813 2413 906 2489 „Mihi
926 2414 1045 2496 quidem
1068 2414 1156 2475 etiam
1175 2414 1369 2489 Dernooritus,

266 2523 313 2582 vir
333 2541 458 2600 magnus
484 2520 513 2581 in
544 2519 658 2599 prioris,
686 2523 773 2600 cujus
800 2522 934 2584 lontibus
960 2522 1112 2602 Epicurus
1139 2521 1279 2584 hortulos
1301 2542 1369 2584 suos

268 2629 404 2708 irrigavit
422 2635 529 2691 uariare
549 2629 668 2690 videtur
700 2629 730 2690 in
756 2635 863 2691 natura
891 2632 1027 2692 deornm.
1078 2633 1157 2692 Tum
1176 2631 1254 2692 onim
1274 2639 1370 2692 censu

267 2735 410 2815 imagines
432 2735 584 2798 divinitate
606 2737 758 2816 praeditas
775 2737 875 2800 inesse
902 2738 933 2799 iu
952 2737 1144 2800 unirersitate
1166 2759 1283 2800 reruni:
1311 2745 1369 2800 taran

267 2842 416 2922 principia
434 2844 542 2907 urerrtis
560 2864 637 2926 quac
658 2846 776 2907 suntin
805 2845 912 2908 codem
934 2845 1078 2906 universo
1099 2845 1176 2907 deos
1197 2867 1264 2908 esse
1285 2847 1368 2908 dicit:

267 2957 330 3012 turn
361 2951 526 3013 animantes
558 2951 702 3033 imagines
731 2972 809 3033 quae
836 2952 885 3014 vel
913 2953 1060 3032 prodesse
1088 2953 1177 3016 nobis
1203 2953 1302 3016 solent
1326 2954 1369 3014 vel

267 3077 393 3120 aroccrc:
422 3065 484 3120 tum
515 3058 650 3139 ingentes
674 3061 818 3142 quasdam
847 3061 991 3140 imagines
1022 3067 1187 3142 tantasque,
1207 3069 1241 3124 nt
1258 3062 1369 3124 unirer-

266 3185 332 3226 sum
354 3167 497 3228 mundum
516 3165 757 3247 complectantur
776 3166 988 3230 extrinsccns''
1031 3170 1065 3231 ln
1088 3167 1192 3248 priore
1213 3169 1284 3232 loeo
1305 3171 1369 3230 iana-

266 3273 351 3351 gincs
372 3291 535 3352 earrmrque
554 3273 698 3336 circuitus
722 3277 873 3356 eleganter
893 3276 965 3336 dicit
987 3274 1105 3338 'l'ullius
1122 3295 1180 3356 pro
1199 3276 1368 3356 imaginibus

267 3379 573 3460 circumcingentibum
602 3387 718 3460 natura,
740 3403 817 3465 qnae
844 3383 988 3464 inragines
1017 3385 1113 3446 tundit
1134 3404 1170 3445 ac
1192 3385 1288 3462 nrittit,
1308 3385 1368 3464 ipsa

267 3487 431 3550 necessitas
463 3484 609 3571 (ἀνάγκη)
638 3496 700 3566 est,
734 3491 847 3572 qnippe
882 3513 959 3572 quac
990 3502 1161 3554 atomorum
1194 3512 1367 3554 concmsum

268 3613 377 3673 regens
399 3594 466 3656 sola
487 3595 615 3659 lrurdere
642 3597 787 3678 imagines
812 3599 923 3679 possit;
953 3600 1081 3681 donique
1109 3600 1263 3662 scierrtianr
1282 3607 1310 3660 ct
1329 3599 1367 3660 ic

270 3699 465 3781 tolligontiam
486 3711 621 3766 nostram
640 3705 739 3787 accipi
769 3711 892 3786 oportet
911 3727 970 3787 pro
991 3715 1090 3770 arcente
1111 3727 1202 3788 quam
1222 3709 1260 3768 ab
1278 3707 1367 3768 mima

268 3827 331 3868 nnn
344 3808 468 3870 dilierre
481 3812 675 3876 Democritus
689 3813 802 3890 docuit,
821 3813 933 3896 quippe
953 3815 1015 3898 qui,
1033 3823 1067 3879 nt
1086 3816 1214 3878 vidimus
1227 3837 1291 3896 pag.
1302 3816 1365 3876 398.

269 3914 318 3975 vcl
338 3915 449 3995 plantis
474 3927 604 3984 montem
626 3929 657 3983 et
681 3919 885 4002 cognitionem
913 3923 1012 3988 irressc
1035 3925 1174 3986 traderet.
1217 3925 1249 3984 ln
1276 3929 1365 4003 poste·

340 4165 394 4226 1116)
415 4165 488 4216 Stoh.
507 4167 592 4231 EclOB·
614 4168 689 4232 tilis·
709 4171 726 4231 ¹¹
748 4169 769 4220 ¹·

338 4249 393 4314 υτ)
412 4255 583 4318 Pseudoptut.
600 4257 635 4309 dc
655 4259 721 4321 plat)-
738 4261 798 4324 Phli-
816 4264 834 4325 ¹·
854 4257 878 4312 ⁷·
