2956 4860
490 327 787 386 Praelatio.
1151 345 1184 390 tx

87 499 186 575 efatis
208 511 370 588 uteretur,
397 495 531 584 accidit,
556 509 591 570 ut
618 499 722 570 multa
741 492 950 570 dbderitane
974 493 1183 592 philosopho

86 620 236 695 tribueret
259 623 558 718 apophthegmata,
585 643 675 713 quae
692 615 804 696 aliena
829 641 910 690 esse
932 623 1026 692 nullo
1043 616 1183 714 negotio

85 745 300 816 demonstres.
366 745 472 815 Porro
512 737 655 835 singulis
688 737 888 835 fragmentis
925 738 1048 814 latinas
1091 764 1182 836 quae

83 863 221 958 optimae
256 865 454 936 ferebantur
485 864 667 935 doctorum
696 859 850 935 virorum
884 859 1190 958 interpretationes·

83 985 240 1081 apposuit,
275 983 319 1058 ita
351 988 425 1056 fere
457 994 492 1054 ut
528 979 562 1054 in
596 978 774 1055 sententiis
799 980 1181 1056 Pseudodemocraticis

82 1107 195 1180 Lucam
229 1103 460 1193 Holstenium,
494 1101 528 1178 in
559 1099 758 1200 fragmentis
793 1126 813 1175 a
848 1105 1001 1177 Stobaeo
1035 1103 1182 1178 seruatis

83 1227 268 1302 Conradnm
293 1231 493 1315 Gesnerum,
517 1223 550 1299 in
580 1222 621 1298 iis
656 1249 747 1320 quae
773 1227 864 1320 apud
891 1225 1107 1298 Plutarchum
1128 1223 1181 1299 in-

82 1345 253 1422 ueniuntur
276 1351 502 1447 Xplandrum,
529 1345 563 1420 in
588 1343 663 1420 aliis
688 1344 776 1420 alios
798 1343 1004 1442 interpretes
1030 1349 1075 1420 ad
1099 1372 1181 1421 ver-

80 1469 153 1542 bum
173 1482 389 1566 sequeretur,
415 1467 490 1542 sive
513 1493 634 1565 parurn
657 1466 823 1542 sollicitus
849 1471 894 1540 de
919 1465 1092 1563 aequabili
1115 1471 1181 1543 ho-

81 1611 146 1662 mm
166 1589 372 1687 fragminum
398 1587 629 1678 translatione,
653 1587 728 1664 sire
751 1587 849 1664 vario
864 1586 922 1663 illo
939 1601 974 1663 et
986 1587 1181 1664 multiformi

81 1706 207 1784 dicendi
233 1723 268 1786 et
287 1710 446 1786 vertendi
469 1735 599 1809 genere
625 1714 827 1785 delectatus.
876 1708 941 1784 Alii
965 1707 1056 1784 enim
1080 1735 1182 1807 pres-

80 1825 143 1903 sius
168 1831 381 1930 exemplaris
412 1831 528 1929 graeei
560 1830 716 1930 vestigiis
742 1830 930 1920 inhaerent,
959 1830 1015 1907 alii
1040 1830 1182 1906 liberius

80 1966 283 2027 convertunt.
332 1959 407 2048 Huc
433 1953 577 2044 accedit,
612 1956 708 2051 quod
729 1978 799 2028 non
822 1978 901 2027 raro
928 1951 1181 2050 interpretatio-

78 2095 135 2146 nes
167 2073 247 2149 illae
288 2100 309 2149 a
350 2087 492 2172 recepto
532 2082 802 2173 fragmentorum
840 2087 937 2148 textu
976 2073 1181 2172 discrepant.

79 2195 290 2294 Quapropter
319 2195 441 2294 dignas
476 2195 584 2272 fuisse
617 2200 679 2270 has
706 2219 851 2293 operum
884 2194 1182 2272 Democriteomm

79 2313 232 2413 reliquias
273 2341 364 2414 quae
404 2342 496 2393 nova
529 2315 809 2415 interpretatione
841 2315 944 2393 latina
975 2331 1117 2392 ornatae
1147 2317 1181 2392 in

79 2438 180 2512 lucem
204 2436 394 2536 prodirent,
420 2437 503 2513 satis
528 2437 661 2535 liquere
687 2437 842 2514 arbitror.
883 2443 1068 2515 Praeterea
1095 2437 1182 2514 scri-

79 2558 175 2652 ptoris
198 2563 309 2635 verba
343 2557 389 2634 ita
415 2558 571 2635 exhibuit
596 2558 744 2634 Orellius
771 2570 808 2632 ut
831 2557 867 2632 iu
888 2557 1035 2655 vulgatis
1061 2573 1182 2635 aucto-

80 2703 154 2769 mm,
179 2708 199 2754 e
224 2705 373 2778 qnorum
399 2680 494 2756 libris
521 2687 624 2758 ducta
639 2694 726 2770 sunt,
753 2677 962 2753 editionibus
986 2691 1181 2754 exarantur.

80 2803 142 2876 Sed
167 2829 274 2901 quum
296 2806 400 2877 lones
434 2801 546 2878 ionice
573 2801 670 2900 loqui
695 2806 828 2890 deceat,
850 2804 979 2876 formas
1003 2797 1123 2876 atticas
1149 2813 1184 2874 et

79 2945 271 3000 communes
303 2923 519 2999 librariorum
552 2923 683 3000 incuria
714 2921 913 2998 Democrito
943 2926 1103 3000 obtrusas
1135 2947 1182 2996 ex

79 3040 114 3116 iis
137 3060 230 3120 certe
256 3043 480 3141 fragminibus
502 3070 593 3143 quae
616 3043 719 3120 ionici
743 3043 914 3118 sermonis
936 3043 1083 3142 vestigia
1105 3069 1182 3118 ser-

79 3179 151 3240 rant
182 3171 414 3264 expellendas
452 3164 560 3240 fuisse
597 3179 700 3264 patet.
766 3170 869 3255 Quod
904 3165 1078 3262 negotium
1117 3163 1182 3264 ipsi

79 3286 172 3362 etiam
191 3287 322 3364 Orellio
343 3287 580 3364 necessarium
596 3313 678 3362 esse
699 3286 812 3362 visum
837 3313 885 3363 ex
911 3312 954 3362 eo
970 3285 1182 3383 conjicimus,

79 3414 165 3504 qnod
189 3409 322 3507 aliquot
346 3407 442 3499 locis,
468 3421 505 3484 ut
528 3405 683 3484 Jonismo
709 3413 916 3498 consuleret,
940 3437 957 3481 ν
982 3412 1182 3507 {palaceo-

78 3530 128 3602 udu
153 3531 291 3608 delevit.
342 3537 384 3606 llt
414 3530 472 3606 ille
505 3529 586 3606 nihil
618 3535 704 3605 ultra
736 3544 878 3605 conatus
904 3544 965 3605 est.
1016 3527 1182 3618 Quamsis

79 3647 171 3745 igitur
193 3652 300 3730 critici
332 3665 449 3752 partes
480 3649 652 3727 sustinere
684 3655 791 3727 nollet
822 3651 980 3742 Orellins,
1008 3649 1182 3727 tamenin

80 3773 349 3850 adnotationibus
391 3772 517 3872 quibus
551 3777 638 3848 haec
669 3777 860 3869 fragmenta
895 3772 1095 3850 dilucidavit
1128 3771 1183 3846 hic

81 3888 140 3969 illic
168 3900 343 3993 quaedam
375 3893 601 3992 probabiliter
628 3894 800 3991 disputata
832 3894 1056 3992 reperiuntur.
1114 3901 1184 3967 Ve-

82 4037 147 4088 mm
189 4043 296 4114 quum
341 4015 447 4093 critici
485 4043 610 4092 munus
643 4021 687 4091 ab
725 4015 919 4114 interpretis
956 4015 1071 4093 officio
1115 4041 1183 4088 non

83 4135 233 4213 omnibus
267 4137 354 4216 locis
384 4142 636 4236 sejungendum
670 4137 856 4230 videretur,
881 4138 1029 4216 Orellius
1053 4145 1184 4213 Demo-

85 4252 203 4331 criteae
236 4257 395 4334 dictionis
424 4287 494 4335 non
520 4263 708 4338 admodum
734 4287 872 4358 guarna,
898 4261 932 4337 in
956 4257 1185 4338 emendandis
