2892 4872
363 289 502 348 Liberti.
536 290 580 346 De
600 289 750 348 Democriti
769 292 889 380 scriptia.
1122 298 1185 366 129

84 459 298 522 memoravimus
317 458 437 549 septimi
456 457 525 542 περὶ
544 459 677 542 πυρετοῦ
691 459 815 522 καὶτῶν
839 457 900 522 ἀπὸ
923 461 1035 525 νούσου
1057 465 1183 550 βησσόν-

83 587 133 628 των
150 566 288 648 cognatio
312 567 393 645 iacit,
415 572 450 629 ut
469 567 636 630 credamus.
673 567 755 629 Haec
781 567 818 630 de
842 569 978 648 partibus
999 581 1182 638 commenta-

83 674 183 738 riorum
205 675 390 751 ethicorum,
416 693 491 756 quas
512 675 649 738 nonnulii
676 696 694 737 a
716 673 834 757 reliquo
861 696 957 756 opere
976 681 1182 768 sejungebant,

81 781 150 844 diota
164 782 320 846 sufficiant.
368 784 527 845 Caeterum
551 783 602 844 vix
625 783 750 845 dubium
775 788 829 860 est,
854 784 926 865 quin
953 807 1030 869 quae
1052 789 1182 853 citantur
1242 795 1246 802 '

81 889 233 952 Democriti
254 889 409 973 ὑποθῆκαι
428 891 447 952 i.
467 910 492 952 e.
516 897 680 970 praccepta
702 890 766 953 sive
783 891 1048 976 praeceptiones⁸)
1068 915 1179 978 nequa-

80 1016 158 1080 quam
183 999 357 1078 discrepent
381 999 419 1060 ab
447 997 493 1060 his
518 999 740 1061 commentariis
767 998 881 1061 ethicis.
921 1001 1046 1064 Scilicet
1066 1005 1179 1088 antiqui

79 1105 105 1166 in
122 1107 281 1169 excitandis
302 1106 450 1168 librorum
470 1104 717 1186 inscriptionibus
735 1124 798 1168 non
824 1125 861 1168 ea
880 1107 1003 1171 fuerunt
1025 1109 1179 1191 diligentie

78 1233 146 1294 quac
165 1214 254 1276 hodic
284 1234 303 1275 a
328 1213 416 1276 nohis
441 1212 628 1294 postulatur,
662 1213 717 1276 sed
757 1213 907 1276 interdum
935 1235 1057 1278 sensum
1083 1221 1178 1298 magia

74 1321 227 1384 verborum
248 1322 280 1383 in
307 1323 406 1384 iroate
430 1322 546 1384 codicis
568 1327 766 1398 exaratorum,
789 1341 879 1404 quam
899 1322 967 1403 ipsa
986 1323 1080 1386 verba
1101 1331 1177 1388 attu-

73 1425 173 1492 ierunt
213 1431 297 1511 Ergo
326 1428 493 1492 Democriti
519 1427 672 1511 ὑποθῆκαι
697 1428 859 1492 laudantur
885 1450 905 1493 a
929 1431 1078 1512 Dionysio
1104 1432 1177 1496 Aie-

73 1537 211 1600 xandrino
240 1538 321 1619 apud
348 1538 514 1600 Eusebium
535 1538 621 1613 XIV,
646 1540 685 1600 97
713 1539 883 1618 Praeparat
911 1558 941 1619 p.
962 1543 1034 1616 tea,
1055 1541 1108 1602 ubi
1128 1561 1176 1604 ea-

72 1663 135 1705 rum
153 1645 267 1708 initium
287 1646 419 1708 refertur
440 1646 486 1708 his
507 1644 620 1707 verbis:
642 1642 801 1728 ἅνθρωποι
817 1645 911 1730 τύχης
930 1645 1059 1708 εἴδωλον
1083 1646 1172 1710 ἀπλοί-

72 1773 156 1814 σαντο
177 1749 331 1837 πρόφασιν
355 1751 433 1836 ίδίης
454 1751 572 1836 ἀνοίης·
602 1749 693 1836 φύσει
725 1750 782 1836 γὰρ
801 1753 907 1837 γνώμη
930 1752 1008 1838 τίιχη
1033 1753 1173 1838 μάχεται,

70 1859 115 1920 καί
142 1859 193 1942 τὴν
221 1859 364 1945 ἐχθίστην
389 1882 426 1944 τη
457 1859 605 1944 φρονήσει
634 1857 743 1942 ταύτην
775 1858 869 1943 αὐτὴν
899 1857 1017 1945 ἔφασαν
1042 1865 1173 1944 κρατεῖν.

69 1961 189 2030 Μᾶλλον
210 1965 245 2030 δὲ
266 1965 318 2029 καὶ
336 1966 447 2051 ταύτην
471 1965 566 2051 ἄρδην
587 1966 780 2050 ἀναιροῦντες
800 1967 851 2029 καί
872 1967 1077 2051 ἀφανίζοντες,
1100 1967 1173 2031 ἐκεί-

68 2092 117 2156 νην
139 2073 377 2137 ἀντικαίίιστᾶσιν
409 2073 516 2158 αὐτῆς·
548 2071 584 2135 οδ
615 2073 673 2157 γὰρ
702 2071 814 2158 εὐτυχῆ
843 2073 896 2156 τὴν
926 2072 1080 2158 φρόνησιν,
1101 2074 1171 2137 ἀλλ’

69 2179 309 2266 ἐμφρονεστιίτην
341 2181 470 2266 ὑμνοῦσι
498 2181 552 2265 τὴν
592 2179 697 2266 τύχην.
752 2182 798 2243 ct.
830 2181 1013 2244 Theodorei.
1043 2202 1073 2262 p.
1100 2185 1170 2248 562.

2 2323 3 2332 ι
66 2289 171 2353 Marius
191 2309 229 2353 ex
248 2292 308 2354 hoc
325 2311 419 2373 opere
438 2288 601 2353 sententias
621 2295 794 2352 sumserunt
810 2288 960 2350 Stobaens
975 2295 1005 2352 et
1014 2290 1171 2352 Maximus.

67 2395 181 2460 Duilio
207 2417 300 2480 supra
327 2399 424 2464 locuti
449 2417 564 2476 sumus,
595 2396 634 2459 dc
659 2396 718 2460 hoc
739 2398 777 2460 cf.
798 2396 1051 2461 Monteiaiconius
1079 2397 1172 2460 inhi-

66 2499 210 2568 biiotheca
232 2505 358 2570 Ooislin.
381 2527 412 2588 p.
434 2507 626 2570 stt-ota.

422 2755 468 2810 Β.
503 2753 637 2804 SCRIPTA
655 2753 799 2804 nursica.

139 2867 189 2930 111.
233 2869 268 2948 9)
298 2863 402 2950 Μέγας
425 2865 591 2950 διάκοσμος
617 2869 636 2930 i.
659 2888 683 2931 c.
711 2885 851 2947 magnum
876 2883 955 2946 opus
978 2863 1170 2928 deordinata

64 2975 159 3036 mundi
181 2976 413 3055 compositione.
457 2977 526 3038 Hoc
549 2975 702 3039 volumine
730 2975 802 3037 nihil
832 2973 997 3054 perfectius
1019 2993 1037 3034 a
1057 2975 1168 3035 Demo·

65 3079 132 3143 crito
165 3083 311 3164 scriptum
341 3087 395 3146 est.
443 3084 489 3146 01.
516 3085 614 3147 Laert
641 3085 697 3161 IX,
723 3083 780 3156 393
809 3081 916 3143 Athen.
943 3083 996 3157 lV,
1027 3081 1065 3143 19
1098 3101 1167 3160 pag.

67 3186 118 3250 168
129 3191 164 3252 Β.
212 3191 323 3254 Suidas
350 3189 381 3250 in
408 3188 613 3273 Δημόκριτος,
642 3210 772 3274 quorum
799 3191 894 3252 verba
920 3190 999 3252 libro
1026 3189 1123 3269 primo
1151 3207 1168 3248 a

64 3294 142 3358 nobis
173 3296 262 3359 allata
288 3304 367 3360 suut.
413 3300 460 3359 De
487 3295 657 3380 διακόσμου
685 3298 806 3360 nomine
834 3297 1012 3359 consulendi
1046 3303 1168 3376 praeter

65 3395 225 3486 hienogium
252 3413 283 3466 et
316 3403 486 3467 Kuehnium
512 3405 551 3468 ad
576 3405 667 3485 Diog.
699 3405 750 3468 lib.
778 3403 832 3481 tx,
856 3407 913 3478 οὓς
943 3403 1109 3468 Salmasius
1128 3402 1167 3464 ad

66 3502 242 3590 Simplicium
266 3533 296 3592 p.
318 3513 379 3575 tou
400 3531 482 3594 seqq.
507 3521 539 3575 et
558 3515 649 3576 Henr.
672 3514 843 3593 Stephanus
868 3511 899 3573 in
920 3513 1009 3573 Thes.
1030 3509 1100 3589 ling.
1122 3527 1165 3589 gr.

65 3615 117 3678 roi.
135 3619 160 3681 11
182 3642 212 3700 p.
237 3621 317 3682 1191
343 3619 389 3682 cd.
411 3621 550 3684 Diodori.
571 3627 602 3683 et
623 3623 692 3685 iias.
712 3621 832 3684 Initium
858 3619 947 3699 hujm
969 3618 1071 3699 operis
1097 3617 1168 3678 alie-

66 3734 126 3792 gare
144 3727 266 3789 videtur
287 3727 351 3789 Cic.
372 3727 457 3791 acad.
481 3729 519 3804 D,
539 3728 597 3791 93:
637 3729 740 3810 „Quid
768 3728 878 3810 loquor
907 3727 945 3787 dc
971 3724 1169 3788 Democrito?

66 3841 142 3902 quem
164 3855 232 3898 com
260 3854 298 3897 eo
328 3835 469 3896 conterre
498 3855 661 3916 possumus
688 3855 750 3900 nou
774 3835 866 3896 modo
890 3831 1001 3912 ingenii
1022 3831 1168 3912 magnitu-

67 3927 196 4012 dinc‚sed
210 3941 299 4004 etiam
319 3941 429 4003 animi?
450 3944 501 4024 qui
526 3943 567 4005 ita
586 3945 625 4006 sit
646 3963 737 4006 ausus
760 3942 872 4005 ordiri:
895 3943 982 4003 Haec
1003 3940 1110 4019 loquor
1132 3937 1168 4000 ιία

66 4043 211 4113 vomam.
243 4048 328 4111 Nihil
350 4049 471 4130 excipit,
493 4051 614 4137 dequo
637 4072 699 4114 non
722 4047 927 4132 profiteatur.'’
949 4047 996 4111 Ci.
1016 4067 1092 4130 quae
1105 4045 1168 4108 dixi

127 4239 148 4304 ⁸)
167 4245 203 4298 ci.
219 4246 322 4312 Menas.
344 4245 378 4299 ad
393 4245 467 4312 Diog.
489 4245 532 4298 tib.
556 4248 572 4309 i,
592 4245 633 4300 ⁶1.

905 4343 924 4403 9
