2932 4862
355 295 440 349 Liber
455 293 504 352 lll.
534 294 606 350 Adur.
625 293 660 348 ad
681 292 758 350 Dent.
780 311 822 367 op.
841 295 937 370 t‘rngm.
1137 297 1198 364 361

91 481 163 526 aura
181 463 322 542 usurpari
339 468 481 542 coeptum
503 469 550 524 est
574 461 663 541 plane
689 469 723 524 ut
741 462 854 524 Latinis
875 466 930 524 ae‘r
947 483 1040 546 saepe
1059 469 1200 548 generale

90 571 271 634 vocabulum
295 577 348 646 est,
378 588 439 652 quo
459 576 585 631 utunuu
605 575 732 646 veteres,
754 569 806 631 ubi
834 588 934 651 neque
955 575 1086 637 aetheris
1103 576 1199 640 sinoc-

91 681 162 742 ritas
184 665 298 762 neque
314 697 405 740 aurae
432 675 538 738 lenitas
564 695 601 738 ac
631 675 762 739 dulcedo
793 677 977 740 enuntianda·
1002 691 1055 743 est.
1105 683 1199 765 Atqui

88 787 160 849 licet
176 807 291 850 auram
314 788 464 848 eruerem
491 782 629 848 alatinis
652 783 814 866 aliquando
835 785 980 848 conlundi
999 789 1198 852 certissimum

89 896 136 971 sit,
158 895 295 957 Graecos
321 900 429 955 tamen·
446 888 525 974 ἀέρα
555 898 585 954 et
610 888 706 975 αὔραν
726 891 774 954 vel
804 891 904 956 ionice
930 890 1026 977 αὔρην
1046 916 1198 980 nunquam

88 1002 177 1082 plane
199 1001 307 1064 eodem
332 1000 404 1064 loco
431 999 586 1076 habuisse,
617 999 668 1060 vix
694 998 875 1078 probatione
897 1007 973 1080 eget
1014 1003 1117 1086 ltaque
1138 1008 1199 1067 De-

86 1109 218 1172 mocrito
246 1108 309 1170 uon
338 1107 397 1170 elia
429 1108 478 1170 hic
502 1112 625 1187 praesto
652 1105 708 1167 luit
733 1106 864 1185 locutio,
892 1127 952 1188 qua
974 1115 1117 1189 uteretur,
1139 1113 1197 1176 uisi

88 1215 161 1298 ἀήρ,
181 1235 258 1299 quae
281 1223 314 1278 ut
337 1233 375 1278 eo
397 1233 458 1296 quo
477 1213 600 1276 volebat
617 1233 708 1276 seusu
733 1216 932 1295 acciperetur,
962 1215 1071 1295 adjecit
1089 1217 1123 1280 ὃν
1145 1223 1197 1281 νῦν

86 1322 168 1407 ἠέρα
188 1322 340 1407 καλέομεν
369 1323 398 1384 ol
419 1316 569 1403 Ἓλληνες
596 1319 704 1383 πάντα.
754 1321 858 1384 Facile
881 1323 960 1386 enim
982 1324 1047 1386 lieri
1070 1333 1198 1406 poterat,

86 1437 121 1493 ut
144 1431 211 1512 quis
233 1449 270 1492 ex
297 1435 457 1511 petitarum
484 1449 559 1506 usu,
584 1429 709 1491 excluso
733 1431 862 1506 aethere,
894 1431 931 1492 de
954 1431 1096 1496 inferiore
1118 1435 1198 1497 coeli

86 1539 213 1618 regione
234 1539 390 1619 cogitaret,
404 1538 436 1600 id
456 1539 543 1620 qnod
561 1559 580 1600 a
597 1537 771 1618 philosophi
788 1537 884 1600 nostri
906 1547 1006 1600 mente
1025 1539 1176 1604 abhorret.

172 1647 202 1708 6.
245 1647 312 1709 lloc
341 1646 538 1726 fragmentum
559 1665 579 1707 a
603 1644 693 1708 uobis
708 1645 771 1724 jam
791 1644 871 1706 libro
894 1646 993 1725 primo
1016 1649 1198 1726 explicatum

84 1751 272 1836 sublatisque
299 1753 470 1835 potioribus
498 1754 577 1818 vitiis
606 1753 806 1816 emaculatum
833 1752 882 1814 hic
903 1772 1024 1836 qnoque
1046 1775 1106 1818 una
1128 1777 1197 1818 cum

84 1862 232 1943 sequenti,
258 1862 341 1944 qnod
371 1869 401 1924 et
427 1861 527 1942 ipsum
555 1881 648 1942 supra
669 1861 829 1940 attigimus,
850 1860 951 1922 denuo
972 1861 1079 1924 offerre
1099 1864 1197 1926 visum

83 1976 141 2046 cst,
159 1975 194 2032 ut
217 1987 412 2054 quaecunque
435 1977 596 2050 supersunt
619 1989 747 2050 operum
768 1967 1032 2030 Democriteomm
1053 1969 1196 2054 reliquiae

82 2097 179 2140 uuum
208 2078 239 2139 in
265 2097 379 2158 corpus
408 2087 596 2159 cogerentur.
647 2079 712 2139 Une
747 2096 796 2138 res
830 2074 968 2138 iacienda
995 2078 1142 2154 restabat,
1163 2085 1198 2140 ut

82 2186 211 2266 expulsu
233 2184 321 2248 codd.
346 2186 497 2267 scriptura
526 2183 692 2268 ἐμεωυτὸν,
723 2181 880 2252 ξυνῦέοιις
913 2190 943 2245 et
974 2181 1135 2252 ἀποδέξιος
1166 2185 1196 2246 in

82 2299 200 2355 textum
228 2294 401 2374 recipiendo
429 2293 602 2373 philosophi
630 2291 732 2365 verba,
755 2292 947 2372 quantumin
969 2310 1016 2352 me
1038 2290 1129 2352 sirum
1150 2311 1196 2352 es-

81 2407 140 2477 set,
161 2401 193 2462 in
213 2401 369 2482 pristinam
390 2401 589 2482 integritatem
607 2399 805 2462 restituerem.

169 2509 198 2572 8.
240 2510 275 2570 ln
299 2508 430 2590 Etymol.
452 2528 549 2588 magn.
577 2527 604 2568 v.
627 2505 765 2580 νένωται,
794 2505 846 2568 ubi
870 2504 1063 2568 Democritus
1088 2505 1197 2568 citatur

82 2615 115 2678 ἐν
138 2619 184 2700 rq'i
213 2616 283 2699 περὶ
303 2615 412 2680 παθῶν
437 2615 510 2679 nihil
537 2615 657 2696 legitur,
685 2613 743 2675 uisi
772 2633 844 2695 qqm
867 2610 926 2674 uta
947 2613 1085 2686 νιῦνται,
1114 2612 1197 2693 quod

81 2722 255 2805 Sylhurgns
285 2726 394 2788 mutari
421 2724 519 2788 voluit
544 2723 575 2784 in
597 2722 685 2805 φήμῃ
706 2719 777 2804 θείῃ
800 2723 932 2794 seducat,
974 2718 1196 2782 lleimsoethius

81 2831 217 2913 conjecit
243 2832 330 2915 φρενὶ
361 2831 432 2896 illea
457 2835 588 2894 νοῦνιαι.
643 2827 794 2891 Neutrum
827 2828 899 2892 satis
936 2831 1038 2907 aptum
1067 2825 1196 2889 videtur.

80 2941 129 3004 Dc
151 2947 255 3004 nostra
277 2943 453 3021 conjecture
477 2939 609 3002 lectores
630 2938 719 3018 hujus
741 2937 844 3019 operis
860 2933 1048 3016 judicabunt.
1093 2939 1195 3016 Quum

81 3055 184 3111 autem
207 3048 286 3112 liber
303 3049 372 3132 περὶ
393 3045 501 3110 παθῶν
523 3066 585 3108 ιιοιι
607 3046 648 3108 sit
667 3047 699 3108 iu
718 3044 875 3125 'Thrasylli
893 3041 1043 3120 catalogo,
1065 3041 1195 3123 ideoque

81 3165 136 3220 aut
165 3157 320 3220 habendus
356 3157 396 3220 sit
429 3175 488 3236 pro
516 3154 594 3216 elius
622 3155 726 3235 operis
752 3165 854 3235 parte,
881 3157 933 3213 aut
960 3168 1030 3212 cum
1051 3148 1194 3210 Fabricio

80 3265 265 3346 putandum,
291 3285 361 3326 eum
388 3263 466 3325 inter
492 3261 620 3342 scripta,
647 3281 724 3344 quae
754 3261 881 3324 inferior
907 3266 989 3322 aetas
1017 3256 1194 3320 Democrito

80 3374 255 3454 supposuit,
282 3373 384 3448 luisse,
410 3377 598 3452 postremum
624 3371 684 3433 hoc
708 3370 859 3450 fragmen,
884 3368 934 3429 vel
961 3367 987 3430 si
1009 3367 1095 3430 malis
1115 3368 1195 3428 hunc

80 3489 232 3560 truncum,
255 3481 425 3544 dubitanter
446 3497 574 3558 operum
596 3479 858 3542 Democriteornm
879 3475 1014 3558 reliquiis
1036 3475 1142 3555 adJeci

134 3755 176 3812 F·
212 3752 457 3804 annornrtonus
474 3750 517 3802 AD
539 3749 731 3802 FRAGMENTA
751 3751 833 3800 Lllllll
852 3749 894 3800 DE
915 3745 1143 3798 nunlctlbrttttt.

171 3907 198 3968 1.
242 3901 396 3966 Orationis
423 3903 533 3966 seriem
555 3901 675 3964 omissis
698 3901 800 3963 verbis
827 3898 1025 3982 quibusdum,
1053 3913 1129 3976 quac
1157 3893 1196 3955 ad

82 4011 294 4074 Democritum
321 4031 384 4074 non
411 4011 581 4091 pertinent,
605 4008 773 4090 paullulum
799 4005 961 4070 immutari.
1011 4002 1104 4083 Apud
1125 4005 1198 4064 Gas-

83 4119 204 4182 siauum
236 4120 315 4182 enirn
352 4121 425 4180 haec
451 4119 608 4200 leguntur:
652 4113 842 4200 Δημόκριτος
868 4115 903 4177 δὲ
931 4113 982 4177 aul
1012 4106 1199 4192 Ἀπουλήϊός

84 4247 173 4310 φασι,
194 4230 332 4290 τοιοῦτον
351 4225 410 4310 χρὴ
434 4227 603 4310 aporiaris
627 4222 754 4288 ἔσεσθαι
770 4225 819 4286 τὸν
832 4227 983 4310 χειμῶνα,
1003 4217 1095 4284 ὁποία
1116 4215 1200 4280 ἔσται
