2984 4876
251 309 315 374 208
578 309 774 372 Quaestionum
791 307 1025 364 Damaaritsaram

254 479 360 564 φωνὰς
380 477 524 563 ἀφιέντα·
549 475 621 540 όθεν
643 465 758 540 τοότυν
783 475 884 539 αὐτῶν
904 473 1072 559 φαντασίαν
1092 471 1239 559 λαβόντες
1260 475 1290 538 οἱ
1310 497 1365 538 αα-

254 587 335 650 λαιοὶ
356 585 527 668 ὑπενόησαν
556 583 633 648 εἶναι
655 583 738 663 θεόν,
770 583 902 668 μηδενός
927 581 1024 646 ἄλλου
1053 581 1138 668 παρὰ
1160 585 1257 646 ταῦτα
1282 580 1369 651 ὄντος

252 695 330 757 θεοῦ
353 697 407 757 τοῦ
431 691 589 777 ἄφθαρτον
613 693 703 778 φύσιν
724 691 859 778 ἔχοντος.
893 693 1005 754 Ξενίου
1025 691 1197 770 Empiricus
1216 693 1283 756 adv.
1304 692 1370 754 Μα-

254 805 344 866 tbem.
365 803 417 866 lib.
436 802 483 864 IX
505 798 533 885 ξ.
557 803 595 865 19
615 823 683 883 pag.
705 805 766 864 552
790 820 872 883 seqq.
901 801 948 864 eu
969 800 1089 862 Fabric.

338 913 367 974 ό.
410 905 479 972 Εἰσὶ
512 909 547 972 δὲ
568 909 597 972 οἱ
617 908 678 972 ἀπὸ
704 911 764 968 τῶν
791 907 977 991 γιγνομένων
1006 905 1084 982 κατὰ
1104 906 1155 968 τόν
1178 905 1294 990 κόσμον
1313 927 1369 968 aa·
1443 956 1446 963 .

255 1017 394 1104 publius
415 1017 642 1100 ὑπονοήσαντος
666 1015 709 1083 εἰς
732 1013 850 1078 ἔννοιαν
872 1015 955 1099 ἡμᾶς
977 1013 1163 1097 ἐληλυθέναι
1181 1015 1274 1078 θεῶν.
1289 1011 1368 1099 Ἀφ’

253 1125 292 1210 ἧς
314 1125 455 1210 φαίνεται
476 1123 553 1188 εἶναι
583 1123 673 1206 δόξης
701 1123 753 1186 καὶ
776 1123 792 1185 ὁ
813 1122 1012 1208 Δημόκριτος.
1049 1117 1260 1207 Ὀρέοντες
1288 1121 1335 1205 γά
1344 1143 1370 1206 ρ,

256 1255 343 1317 φησι,
365 1231 408 1295 τὰ
431 1231 469 1297 ἐν
497 1238 607 1296 τοῖσι
629 1231 871 1317 μετέωροισι
893 1229 1116 1314 παθήματα
1138 1232 1174 1294 οἱ
1202 1230 1372 1294 παλαιοί

254 1346 325 1404 τῶν
350 1339 583 1426 ἀνθρώπων,
601 1342 776 1424 κατάπερ
799 1337 965 1424 βροντὰς
985 1340 1054 1401 καί
1071 1339 1284 1424 ἀστραπάς,
1316 1361 1370 1404 κε-

256 1447 428 1535 ραυνούς
454 1451 586 1513 τεκαὶ
613 1448 770 1534 ἄστρων
802 1444 1003 1524 συνόδους,
1026 1447 1145 1530 ἡλίου
1164 1470 1203 1511 τε
1222 1447 1290 1512 καί
1313 1469 1370 1510 σε·

254 1559 378 1641 λήνης
418 1554 646 1643 ἐκλείψιας,
679 1553 989 1638 ἐδενματέοντο,
1031 1555 1151 1625 θεοὺς
1184 1555 1372 1639 οἰόμενοι

253 1664 404 1729 τοότων
432 1664 591 1735 αἰτίους
616 1663 732 1728 εἶναι.
781 1665 893 1738 Seuius
916 1663 1029 1746 Empir.
1052 1665 1119 1731 adv.
1141 1665 1231 1729 math.
1250 1665 1302 1728 lib.
1323 1665 1370 1727 IX

254 1772 283 1858 ᾗ.
304 1775 344 1836 24
374 1795 403 1853 p.
424 1775 484 1835 554
508 1773 554 1838 ed.
576 1775 697 1837 Fabriu.

341 1883 369 1943 5.
414 1879 604 1965 Δημόκριτος
626 1879 734 1947 δὲτὰς
755 1878 919 1963 ποιότητας
939 1877 1090 1964 ἐκβαλών,
1114 1879 1163 1944 ίνα
1184 1878 1274 1963 φησί·
1306 1877 1371 1943 Νό-

256 2011 312 2072 μῳ
335 1985 502 2072 ψυχρόν,
521 1985 628 2072 νόμῳ
652 1985 810 2070 θερμόν,
834 1983 925 2070 ἐτεῇ
950 1985 990 2048 δὲ
1012 1985 1144 2072 ἄτομα
1162 1987 1224 2051 καί
1245 1987 1370 2052 κενόν.

255 2092 316 2158 Καὶ
336 2095 442 2157 πάλιν·
461 2091 575 2178 Ἐτεῇ
598 2095 637 2157 δὲ
661 2093 779 2158 οὐδὲν
799 2093 927 2176 ἴδμεν·
950 2092 988 2156 ἐν
1010 2095 1119 2181 βυθῷ
1139 2095 1248 2180 γὰρὴ
1274 2097 1369 2180 ἀλη-

255 2201 361 2285 θείη.
405 2203 494 2283 Diog.
515 2205 613 2267 Laeui
633 2203 664 2264 in
685 2203 736 2265 vil
757 2203 907 2283 Pyrrbou.
927 2201 978 2266 lib.
998 2203 1045 2264 lX
1066 2201 1094 2286 ᾗ.
1117 2207 1167 2268 72.

339 2313 368 2374 6.
408 2307 507 2372 Ἀλλὰ
536 2311 587 2374 καί
617 2309 807 2394 Δημόκριτος
835 2308 867 2371 ἐν
901 2309 947 2378 οἷς
971 2332 1046 2394 φησι
1066 2310 1152 2394 δίνη
1177 2309 1248 2374 α’πδ
1270 2332 1371 2375 παν·
1422 2304 1423 2307 “

254 2417 319 2485 τός
347 2416 641 2502 ἀποκρίνεσθαι
660 2418 858 2482 παντοίων
887 2417 1039 2496 εἰδέων,
1065 2419 1147 2501 (πῶς
1174 2419 1209 2482 δὲ
1237 2420 1290 2484 καὶ
1311 2420 1371 2483 ὑπὸ

1291 2527 1373 2598 τίνος

257 2748 430 2810 homiuibus
460 2747 569 2823 fultura,
601 2769 694 2830 quum
729 2749 924 2830 aspectabilis
952 2751 1011 2812 siut
1038 2761 1201 2813 atrocem
1228 2749 1372 2813 emiliani.

256 2856 342 2917 Unde
370 2861 544 2936 perceptam
572 2855 678 2919 borum
706 2856 854 2919 visionem
881 2858 995 2940 aul-iqui
1024 2859 1098 2922 deos
1129 2878 1197 2922 esse
1216 2858 1374 2940 ¹existima-

142 2979 144 2984 ·
254 2967 335 3037 runt,
353 2983 446 3045 quum
476 2969 597 3042 praeter
621 2965 696 3026 haec
720 2983 783 3044 uun
810 2965 848 3026 sil
873 2965 949 3028 alius
979 2967 1053 3030 deus
1080 2968 1132 3049 qui
1159 2967 1268 3028 habeut
1285 2971 1374 3028 maiu-

256 3089 320 3132 ram
340 3071 477 3134 iulsriius
502 3078 664 3152 expertem.

340 3178 369 3239 ό.
413 3179 492 3241 Sunt
508 3187 608 3241 autem
623 3179 675 3259 qui
690 3198 729 3240 ex
751 3179 841 3241 rubus
863 3179 1088 3243 admirabilibus
1108 3200 1185 3262 quae
1204 3180 1235 3243 in
1255 3180 1372 3243 mundo

256 3285 340 3360 liunt,
367 3286 512 3364 suspicati
539 3288 606 3365 siut,
635 3305 694 3348 uos
715 3286 889 3367 pervenisse
918 3289 956 3349 ad
979 3289 1134 3351 motionem
1161 3289 1297 3351 deorum.
1338 3289 1371 3349 lu

254 3411 314 3472 qua
337 3391 483 3471 opinions
514 3395 632 3457 videtur
662 3395 748 3456 etiam
779 3413 846 3456 esse
872 3397 1075 3459 Democritus.
1114 3395 1261 3457 Videmus
1283 3395 1370 3470 euim,

253 3497 357 3579 iuquit,
376 3505 503 3578 veteres,
520 3523 597 3584 quae
616 3504 647 3564 iu
668 3501 791 3565 sublimi
808 3505 957 3581 accidunt,
980 3510 1013 3566 ut
1035 3503 1168 3566 tonitrua
1189 3509 1219 3564 et
1241 3503 1371 3582 fulguru,

253 3612 283 3668 et
306 3606 438 3684 fulmina,
468 3615 498 3669 et
525 3615 676 3673 astrorum
707 3611 813 3689 cuibus,
841 3611 975 3695 solisque
1005 3619 1035 3674 et
1063 3611 1152 3673 lunas
1175 3609 1371 3685 deiectiones,

257 3715 512 3794 palummum,
532 3719 589 3779 ruti
609 3719 683 3781 deos
706 3739 773 3782 esse
795 3741 901 3783 eorum
922 3729 1071 3783 auctores

335 3825 364 3886 5.
408 3825 601 3918 Damocritus
635 3827 765 3890 exclusis
802 3827 1010 3909 qualitatibus,
1041 3827 1092 3888 ubi
1125 3828 1180 3890 ait:
1218 3827 1374 3906 θρίαίοηε

244 3929 420 4011 fresarum,
441 3935 585 4014 opinione
602 3935 749 4013 calidum,
769 3955 894 3996 reuera
908 3944 1012 4014 arctam
1034 3935 1199 3996 r'ndluailua
1218 3941 1251 3995 et
1266 3936 1371 3998 νἀαασ.

253 4036 291 4098 Et
308 4039 395 4101 alibi:
418 4043 467 4103 Re
479 4061 553 4104 uera
573 4041 657 4103 nibil
673 4044 801 4116 τείνοντα·
818 4044 853 4102 in
862 4041 1025 4123 profundo
1045 4045 1128 4104 anim
1148 4044 1264 4106 uera'tas
1282 4045 1371 4106 latet.

335 4149 363 4208 ό.
407 4150 470 4212 Sed
491 4149 685 4213 Democritus
705 4170 827 4232 quoque
851 4151 954 4214 diceus
973 4152 1124 4230 uertigine
1142 4148 1179 4212 ab
1192 4159 1371 4212 atomorum

1262 4277 1370 4320 varra-
