2932 4862
280 303 343 370 iffi
608 305 804 369 Quaestionum
834 303 1067 360 Democriteum·

282 470 384 548 oritus,
407 493 507 538 rerum
527 471 684 556 quaiitates
706 472 847 554 ipsasque
872 488 922 532 res
944 469 1110 550 primorum
1134 489 1300 550 corporum
1321 489 1387 532 con

276 579 436 658 junctione
464 587 548 644 natas
582 599 643 644 non
670 599 766 662 acque
798 595 885 640 veras
917 583 1008 658 atque
1035 577 1116 656 ipsus
1149 584 1269 640 atomos
1288 577 1387 638 baberi

282 695 427 768 oportere
442 689 597 768 judicarit
640 687 703 750 Sed
720 687 796 748 atine
818 691 848 746 ct
866 703 916 746 res
934 690 965 746 et
983 683 1141 764 qualitates
1162 703 1201 746 ex
1219 691 1387 748 atomorum

282 801 389 858 natura
409 796 556 877 originem
585 796 714 868 trabunt,
745 791 822 854 niiae
850 791 1005 856 bominum
1029 791 1174 872 opintione
1205 799 1237 854 et
1258 792 1388 856 instituto

282 899 559 984 continentur'¹³).
587 902 742 965 Prioribus
761 901 996 964 adnumerantur
1016 917 1108 980 grave
1133 905 1163 960 et
1183 898 1261 977 leve,
1284 899 1388 962 durum

283 1012 313 1070 et
333 1009 433 1086 mulio,
455 1009 508 1089 (do
538 1010 647 1093 quibus
673 1009 741 1072 vide
768 1009 873 1088 fragm.
899 1008 987 1087 phys.
1009 1010 1047 1070 at
1069 1015 1100 1070 ct
1118 1007 1175 1088 22)
1197 1015 1228 1070 et
1247 1027 1326 1089 quae
1348 1009 1388 1070 bis

282 1113 391 1178 similia
408 1124 478 1180 sunt
500 1117 626 1182 densum
645 1124 803 1180 utrarum.
848 1117 1014 1198 Utrumque
1037 1115 1116 1178 enim
1137 1113 1219 1196 gigni
1241 1114 1318 1176 dixit
1335 1135 1387 1195 pro

284 1233 349 1284 rata
376 1233 462 1304 parte
488 1224 584 1288 inanis
613 1223 797 1306 corporibus
823 1219 1040 1302 adrnixti'²⁴).
1091 1222 1317 1286 Posterioribus
1344 1224 1389 1284 ud

283 1331 451 1392 numeravit
474 1331 630 1396 doctrinae
657 1339 766 1396 auctor
793 1329 933 1410 frigidum
959 1335 989 1390 et
1017 1327 1241 1409 edituum),
1267 1349 1389 1410 sapores

283 1443 314 1498 et
335 1437 456 1500 colores
478 1439 515 1502 de
537 1439 646 1522 quibus
667 1439 736 1502 vide
757 1441 862 1520 fragm.
892 1439 978 1516 phys.
1005 1437 1046 1500 tlt
1060 1439 1156 1500 -39,
1198 1437 1282 1498 liaeo
1304 1437 1389 1518 igitur
1447 1444 1448 1498 ἒ

285 1545 385 1606 οιιιιιίιι
415 1553 521 1610 natura
551 1567 613 1611 non
642 1554 721 1624 sunt,
756 1546 811 1610 sed
842 1545 917 1608 sciis
948 1564 1091 1607 sensuum
1121 1543 1335 1608 affectionibus
1363 1557 1389 1608 et

284 1653 423 1716 oriuntur
442 1661 473 1716 et
487 1661 639 1720 mittantur
654 1652 735 1733 ¹⁸⁶).

367 1761 487 1824 Odores
517 1763 596 1826 citici
623 1762 673 1838 ait,
704 1769 738 1824 ut
765 1760 965 1842 Theophrasti
980 1758 1051 1838 ¹¹⁷)
1072 1759 1245 1822 testimonio
1265 1769 1386 1836 consui,

282 1868 419 1930 tenuiore
446 1870 570 1932 materia
597 1891 614 1932 e
644 1869 844 1932 crassioribus
870 1868 1021 1941 effluente,
1051 1867 1106 1930 sed
1135 1867 1193 1929 troc
1214 1869 1255 1930 nd
1276 1871 1386 1950 perspi·
1448 1947 1449 1962 μ

282 2053 483 2068 —u—a-—n-

355 2189 411 2253 ¹²³)
428 2189 464 2240 (li.
486 2193 578 2256 irogm.
599 2193 674 2258 phys.
695 2191 707 2242 i
728 2197 754 2242 ct
774 2189 798 2242 5.

356 2281 410 2345 Η’)
428 2281 543 2347 simplic.
564 2284 598 2336 ad
619 2285 696 2336 brist.
714 2289 799 2348 caing.
819 2283 861 2334 cd.
883 2283 959 2334 tinuit.
981 2279 1044 2332 1551
1068 2282 1110 2332 iot.
1128 2279 1175 2332 bb‘:
1195 2281 1240 2331 οιαὶ
1260 2281 1308 2351 γὰρ
1329 2283 1386 2333 iuri·

281 2377 326 2420 νος
345 2359 462 2414 συνιόντα
488 2361 522 2419 τός
553 2360 648 2414 ταύτόν
672 2362 704 2414 rd
728 2361 813 2432 ἄτομα
840 2359 949 2430 σώματα
973 2361 1119 2413 συνιστάναι
1141 2359 1170 2412 τὸ
1197 2359 1296 2412 ιτιιινόν
1324 2379 1387 2434 ern.

281 2439 431 2510 όιιυτόμινα
456 2441 484 2494 it
511 2439 557 2494 ἀπ’
579 2441 701 2514 ἀλλήλων
724 2443 769 2496 uui
797 2439 893 2512 μεταξὺ
914 2439 1004 2511 πολλῷ
1029 2441 1101 2512 arsurii
1116 2440 1346 2511 θιαλαμβανόμτνα
1363 2441 1388 2493 τὸ
1449 2439 1450 2452 ’

281 2520 370 2594 ἀραιόν
389 2519 586 2594 ἀπεργάζεσθαι.

354 2615 409 2680 ¹²⁵)
428 2616 547 2668 Calidum
564 2619 592 2666 ct
609 2619 696 2680 iguem
715 2633 730 2668 e
747 2617 870 2668 rotundis
887 2619 1013 2668 constare
1030 2617 1127 2666 atomis
1142 2619 1199 2679 jam
1211 2629 1296 2680 supra
1309 2618 1389 2680 sigui-

281 2696 428 2747 ficavimus.
466 2697 502 2746 Ci.
523 2698 584 2748 adn.
600 2695 634 2746 70
652 2701 679 2748 ct
698 2697 739 2748 71.
779 2697 857 2760 Quod
879 2697 1024 2760 plurimum
1052 2697 1130 2746 vacui
1155 2695 1255 2746 babeat
1279 2699 1389 2747 manime

283 2777 429 2827 astutioris
455 2777 546 2840 fragm.
566 2779 641 2843 phys.
661 2777 695 2827 27
716 2779 865 2830 didicimus.
912 2777 951 2827 Ab
973 2778 1024 2828 hoc
1049 2775 1188 2826 diversum
1217 2781 1261 2828 est
1285 2779 1389 2842 quode

281 2855 425 2908 Democriti
452 2860 561 2922 scriptis
588 2860 668 2910 trudit
693 2861 796 2911 Seneca
821 2863 875 2910 nnn
897 2861 1000 2922 quaest
1019 2857 1059 2918 iv,
1077 2855 1094 2908 9
1114 2857 1155 2907 bis
1172 2855 1278 2908 verbis:
1298 2871 1391 2920 „omne

281 2949 389 3001 corpus,
408 2952 462 3003 quo
483 2941 594 2992 solidius
613 2943 662 3002 cst,
689 2941 741 2992 hoc
758 2941 875 2992 colorem
892 2941 972 2990 citius
989 2938 1108 3000 concipit
1127 2941 1155 2988 et
1174 2937 1277 2990 diutius
1295 2945 1390 2992 serrat

279 3018 373 3083 linque
391 3019 413 3070 si
432 3020 458 3068 in
471 3022 528 3070 soie
549 3023 671 3084 posueris
690 3035 804 3072 aeneum
823 3033 871 3070 vns
896 3024 923 3069 et
943 3019 1058 3069 vitreum
1077 3022 1105 3069 et
1125 3022 1291 3082 argenteum,
1311 3034 1389 3071 senso

281 3099 359 3150 citius
378 3099 451 3150 cuior
471 3101 590 3163 accedet,
611 3101 710 3152 diutius
730 3099 859 3152 haerebit.
890 3099 935 3150 iiis
954 3099 1122 3162 corporibus,
1151 3113 1221 3163 quae
1239 3099 1348 3152 dirriora
1366 3107 1390 3152 et

279 3182 416 3243 pressiore
437 3181 616 3246 densioraque
642 3187 712 3245 sunt,
736 3195 848 3233 necesso
874 3183 917 3230 est
944 3181 1047 3230 minora
1068 3181 1197 3232 iornmina
1219 3194 1281 3232 csse
1302 3187 1330 3234 et
1349 3189 1390 3233 tr-

279 3263 402 3312 nuiorem
431 3263 458 3312 in
491 3264 600 3328 singuiis
629 3263 760 3325 spiritum.
810 3261 943 3326 Sequitur,
973 3264 1003 3310 ut
1029 3261 1257 3326 quemadmodum
1292 3265 1390 3312 minora

280 3341 416 3392 bctneurtn
435 3346 463 3392 et
483 3343 586 3393 minora
604 3343 716 3393 miliaria
737 3345 814 3394 citius
834 3341 966 3402 caiafinnt,
984 3341 1024 3393 sic
1049 3343 1116 3394 boec
1136 3341 1267 3392 foramina
1288 3346 1390 3394 occuito

280 3423 308 3470 et
326 3423 419 3472 ocutos
440 3421 591 3485 effugientis
613 3427 640 3474 ot
659 3424 773 3474 ceterius
793 3421 926 3474 servorem
952 3423 1069 3473 sentiant
1097 3425 1123 3472 et
1149 3425 1262 3486 propter
1284 3425 1390 3475 easdem

279 3503 423 3564 augentius,
440 3503 569 3567 quidquid
586 3507 756 3568 receperunt,
776 3503 878 3554 tardius
897 3503 1021 3554 reddant

353 3593 407 3655 ¹²⁶)
427 3592 462 3642 Ci.
483 3593 574 3657 irugrn.
591 3594 668 3659 phys.
689 3595 711 3645 1.
749 3597 776 3647 in
797 3596 911 3647 condem
930 3597 1091 3647 sententium
1106 3595 1181 3660 [θος.
1194 3597 1279 3648 baert
1296 3593 1385 3658 tuti:

280 3671 361 3744 ἀρχὰς
381 3671 446 3724 εἶναι
464 3676 516 3722 τῶν
536 3669 606 3724 dium
632 3673 744 3742 ἀτόμους
768 3675 813 3728 rai
839 3671 922 3738 ιιονόν,
948 3674 980 3726 rd
998 3673 1020 3725 θ’
1041 3671 1108 3724 ἄλλα
1128 3673 1214 3726 πάντα
1235 3673 1389 3746 νενομίσθαι

279 3755 368 3805 6ο1οιι.
389 3755 424 3806 de
442 3753 517 3804 ciem.
539 3767 592 3804 soc.
615 3756 738 3820 Hippocr.
757 3773 782 3821 p.
801 3753 834 3808 to
854 3755 897 3806 ed.
916 3756 1008 3807 Frob:
1029 3752 1102 3824 νόμῳ
1121 3753 1169 3825 γὰρ
1189 3757 1278 3826 χροιὴ,
1298 3775 1325 3809 ιι.
1335 3773 1358 3808 τ.
1368 3755 1390 3806 i..

280 3827 442 3904 Δημόκριτός
458 3850 545 3903 φησιν,
572 3833 602 3885 ἐτι
627 3837 673 3905 τῆς
702 3833 810 3888 συνόδου
828 3841 881 3888 τῶν
901 3833 1007 3904 ἀτόμων
1026 3831 1139 3904 γόντοθαι
1157 3835 1273 3902 νομίζων
1294 3835 1391 3891 ἁπάσας

279 3911 324 3969 τὰς
345 3909 468 3983 αἰσθητὰς
487 3912 624 3983 ποιότητας
653 3913 689 3973 ὥς
715 3913 777 3988 πρὸς
803 3915 871 3988 ἡμᾶς
896 3915 956 3974 τοὺς
974 3911 1178 3983 αἰσθανομένους
1197 3914 1296 3980 οὔτῶν,
1321 3916 1391 3988 cieri

279 3991 307 4042 bi
330 3992 404 4045 obito
424 3992 684 4048 circumueniretur.
704 3995 729 4049 λ.
768 4001 876 4051 Arisiot
902 4000 936 4050 de
958 3999 1037 4049 anim.
1059 3999 1099 4059 ΙΙΙ,
1117 3993 1146 4045 θε
1172 3992 1252 4048 obite
1281 3997 1390 4068 οἰόμανοι

280 4067 338 4124 obre
357 4070 450 4126 λιυιιέν
464 4070 523 4127 edre
542 4074 624 4144 μόλον
643 4077 708 4129 οἶνοι
729 4075 788 4130 ἄνευ
807 4075 894 4150 όψτιυς
912 4074 971 4130 obri
989 4075 1073 4149 χυμὸν
1090 4074 1150 4127 ἄνευ
1169 4075 1294 4146 reduntur.
1320 4082 1391 4131 ¹idda

279 4153 369 4216 Simul.
387 4157 421 4206 ad
441 4157 517 4208 brist.
536 4158 613 4222 Phys.
632 4159 673 4210 iol.
696 4157 787 4211 tius.

352 4245 408 4305 ¹²⁷)
425 4247 482 4296 Vid.
504 4249 596 4310 irngm.
612 4250 688 4312 phys.
710 4248 751 4302 to,
