2984 4876
318 367 405 424 Liber
422 367 472 425 III.
506 367 657 426 Democriti
676 386 787 445 opernm
804 371 965 445 ίτεςοιοοίε.
1135 379 1200 446 179

167 536 218 601 83.
261 530 386 614 maante,
412 531 468 598 οὐκ
489 532 601 620 ἀνδρὸς
624 535 658 600 τὸ
682 533 823 620 ἀμέτρως
851 533 1037 622 ἐπιθυμέειν.
1082 543 1193 612 Demo-

83 653 157 710 crat
180 641 276 708 Orell
300 661 331 707 ιι.
352 643 402 708 36.

546 772 608 846 Περὶ
627 773 725 828 πόνων.

164 881 214 942 ut.
257 873 357 945 Πόνος
381 874 510 962 ξυνεχὴς
537 873 744 961 ἐλαφρότερος
772 875 892 940 ἑωυτοῦ
918 879 958 962 τῇ
985 877 1127 968 Ευνηίλείη
1149 883 1188 968 ηί.

80 1008 174 1050 νετιιι.
216 983 553 1062 8ίοί).81οτ.ΧΧίΧ,
576 983 627 1050 64.

166 1097 217 1160 85.
261 1089 451 1176 Δημόκριτος
478 1090 533 1173 μὲν
566 1093 728 1175 παραινεῖ,
752 1091 805 1174 τήν
829 1112 862 1154 τε
881 1093 1050 1178 πολεμικὴν
1070 1094 1189 1184 τέχνην,

81 1203 222 1290 μεγίστην
253 1197 367 1280 οὖσαν,
395 1195 630 1262 ἐκδιδάσκεσθαι
657 1197 709 1262 καὶ
736 1197 809 1267 τοὺς
832 1197 946 1270 πόνους
974 1201 1102 1284 διώκειν,
1132 1203 1187 1292 ἀφ’

80 1314 124 1377 ὧν
145 1311 183 1376 τὰ
205 1309 326 1395 μεγαλα
346 1307 397 1371 καὶ
419 1305 546 1391 λαμπρὰ
567 1306 716 1391 γίγνονται
734 1308 798 1376 τοῖς
815 1304 999 1393 ἀνθρώποις.
1039 1309 1188 1378 Plutarch.

78 1420 146 1484 adv.
168 1417 269 1482 Colot.
290 1438 320 1499 p.
345 1419 435 1481 1126.

163 1528 213 1591 86.
258 1521 297 1590 Oi
326 1522 462 1587 ἑκούσιοι
484 1521 574 1585 πόνοι
601 1520 735 1605 τὴντῶν
762 1519 915 1586 ἀκουσίων
938 1522 1094 1610 ὑπομονὴν
1118 1525 1187 1592 έλα-

79 1631 233 1720 φροτέραν
253 1631 532 1717 παρασκευάζουσι.
574 1630 661 1693 Stob.
682 1627 768 1693 Flor.
789 1631 914 1710 XXIX,
936 1633 987 1696 63.

163 1744 214 1807 87.
257 1735 320 1823 Τῆς
340 1737 472 1824 ἡσυχίης
489 1735 599 1806 πάντες
621 1736 651 1799 oi
671 1734 762 1800 πόνοι
780 1738 910 1822 ηδίονες,
939 1737 1011 1803 ὅταν
1033 1743 1093 1804 τῶν
1113 1740 1186 1806 εἵνε-

77 1871 129 1914 κεν
153 1845 310 1925 πονέουσι,
338 1845 513 1930 τυγχάνωσι
531 1841 552 1928 ἦ
574 1841 699 1908 elitaret
720 1844 898 1930 κύρυοντες·
919 1846 954 1909 τὸ
978 1846 1013 1910 δὲ
1034 1847 1112 1934 ἅχος
1133 1854 1187 1935 τῆς

78 1953 246 2041 ἀποτυχίης
266 1953 463 2018 ἀποδείκνυσι
482 1951 517 2015 τὸ
536 1951 656 2015 ποιέειν
681 1953 798 2036 ὁμοίως
817 1952 941 2038 ἀνιηρὸν
962 1957 1014 2022 καὶ
1034 1955 1187 2024 ταλαίπω-

79 2084 142 2150 ρον.
187 2064 274 2127 Stob.
295 2063 379 2126 Flor.
402 2062 526 2140 XXIX,
547 2063 597 2126 88.

162 2173 213 2236 88.
256 2165 299 2234 Τὸ
331 2170 392 2234 alei
419 2168 541 2254 μέλλειν
569 2166 699 2236 ἀτελέος
722 2165 823 2230 ποιέει
850 2167 905 2238 τὰς
925 2169 1061 2255 πρήξιας.
1100 2175 1186 2240 Stob.

77 2281 162 2346 Flor.
186 2279 311 2359 XXIX,
332 2282 383 2345 67.
426 2281 598 2343 Democrat
622 2275 717 2340 Orell.
738 2295 768 2340 u.
790 2277 840 2340 46.

160 2389 212 2453 89.
256 2383 364 2472 Τόλρα
389 2384 516 2472 πρήξιος
539 2384 631 2473 ἀρχή,
658 2383 735 2470 τύχη
768 2383 803 2447 δὲ
826 2383 934 2455 τέλεος
959 2387 1058 2474 κυρίη.
1100 2390 1185 2457 Stob.

75 2497 160 2562 I'lor.
181 2497 228 2576 II,
250 2497 298 2560 16.

160 2765 212 2830 83.
253 2763 354 2841 Pueri,
376 2781 439 2827 nou
460 2763 518 2826 viri
540 2767 588 2826 est
613 2761 814 2826 immoderato
835 2762 998 2844 cupiditate
1018 2761 1103 2827 trahi.

529 2919 568 2972 Do
592 2917 738 2971 laboribus.

159 3023 210 3087 84.
251 3021 352 3085 Labor
373 3021 533 3085 continuus
554 3019 774 3083 consuetudiue
797 3019 831 3082 lit
849 3019 955 3082 levior.

159 3131 211 3194 86.
253 3129 447 3192 Democritus
478 3127 516 3191 od
550 3127 723 3190 ‹ilsoendam
757 3133 852 3189 artem
884 3127 1038 3205 bellicam,
1074 3127 1187 3212 quippo

70 3257 152 3323 quae
172 3257 334 3319 permagna
354 3239 402 3314 alt,
424 3237 608 3314 cohortatur,
628 3243 718 3318 atque
735 3234 774 3297 ad
793 3233 953 3298 obeundos
971 3235 1104 3314 labores,
1123 3237 1185 3319 qui·

70 3349 132 3412 bus
151 3345 328 3427 magnitudo
349 3351 380 3407 et
399 3343 547 3425 splendor
565 3343 735 3406 homiuibus
756 3350 978 3422 comparantur.

160 3456 211 3519 86.
255 3452 425 3516 Voluntarii
445 3452 567 3516 labores
586 3452 830 3515 necessariorum
855 3450 995 3516 laborum
1015 3452 1186 3534 patientiam

69 3565 203 3626 ailenmt
224 3579 340 3643 eosque
367 3559 591 3643 quodammodo
610 3559 710 3622 levant
730 3581 767 3622 ac
788 3559 936 3622 mInuunt

158 3670 210 3732 87.
254 3669 369 3731 Omnes
396 3667 519 3731 labores
551 3667 615 3732 otio
639 3668 840 3748 jucundiores
867 3673 952 3746 sunt,
989 3668 1109 3751 quando
1137 3667 1187 3731 illo

68 3781 307 3860 consequuntur
330 3776 475 3854 homines,
498 3795 629 3858 quorum
649 3776 745 3857 gratio
769 3775 915 3853 laborant,
939 3781 990 3838 aut
1009 3781 1186 3839 consecutu-

66 3905 126 3950 ros
155 3903 191 3946 se
214 3884 330 3958 sciunt3
363 3891 394 3946 at
422 3883 514 3946 dolor
542 3903 559 3946 e
589 3903 644 3964 spe
670 3885 709 3946 ad
734 3883 851 3947 irritum
879 3883 1002 3946 redacta
1027 3889 1188 3965 susceptus

67 3991 161 4074 ipsos
185 3990 307 4053 labores
327 3989 460 4072 ingratos
481 3991 594 4074 pariter
614 4011 650 4054 ao
670 3991 816 4055 molestos
836 3991 935 4054 efficit

161 4099 213 4162 88.
254 4099 408 4179 Perpetua
426 4098 577 4161 cunctatio
600 4099 776 4180 imperfecta
797 4097 940 4184 relinquit
957 4117 1061 4179 opera.

161 4206 213 4270 89.
254 4203 392 4269 Audacia
411 4205 595 4289 principIum
621 4207 749 4271 actionis
774 4213 835 4272 est:
866 4208 987 4270 fortuna
1007 4223 1081 4268 vero
1100 4203 1188 4268 tinem

68 4311 234 4393 gubernat.

909 4421 990 4486 1‘2*
