2932 4862
380 315 464 370 Liber
481 312 529 370 tv.
569 313 612 368 De
632 313 783 370 Democriti
802 315 919 386 placitis.
1139 317 1203 380 409

238 486 305 536 Nam
324 481 435 536 dubium
456 495 510 533 non
530 486 580 544 ast,
598 481 697 533 animat
717 485 780 550 quin
798 497 881 548 opera
901 485 938 536 sit

241 569 342 617 Sensus
357 565 400 616 bie
421 565 446 614 in
466 564 550 626 nobis,
563 577 644 630 (poem
659 579 741 629 qunrn
756 577 839 627 sopor
852 566 965 629 impedit
981 579 1051 626 esse,

242 645 308 696 Tum
330 646 407 698 nobis
428 646 543 696 enimam
557 645 743 708 perturbatam
762 659 824 696 esse
842 646 990 709 putandum
1010 652 1051 698 est

241 725 414 792 Ejeetamque
436 727 522 777 ieras:
545 739 598 775 non
620 739 742 787 omnem3
763 727 889 792 (namque
904 729 1010 790 jaceret

240 809 357 859 aeterno
378 821 478 872 corpus
498 805 636 870 pertusum
653 805 751 872 frigore
768 807 821 869 leti,

242 889 347 951 Quippe
366 886 410 937 ubi
428 888 497 938 nulia
521 887 606 938 latens
624 887 722 938 animat
741 901 805 952 pars
824 891 977 939 remaneret

240 968 269 1017 ln
287 968 438 1032 membris);
456 969 547 1018 cinere
568 970 598 1018 ut
616 969 699 1018 muita
718 968 784 1017 latet
800 967 914 1018 obrutus
934 968 1009 1033 ignis,

241 1048 315 1100 Unde
331 1049 472 1100 reooniiari
488 1063 586 1101 sensus
606 1063 655 1113 per
675 1046 797 1098 membra
815 1052 926 1113 repente

241 1129 329 1182 Possit
344 1132 372 1180 et
389 1144 423 1182 es
440 1131 495 1196 igni
513 1143 596 1182 caeco
614 1141 778 1194 consurgere
797 1129 912 1180 tiammo.

174 1243 239 1306 Etsi
263 1245 349 1325 prior
375 1245 464 1308 locns
492 1245 532 1310 ad
559 1245 762 1325 Leucippum,
788 1243 943 1325 posterior
970 1245 1010 1306 ad
1036 1245 1204 1326 Epicurum

89 1357 217 1428 spectet,
236 1359 335 1416 tarnen
357 1375 449 1436 quum
472 1354 676 1416 Democritum
694 1351 802 1415 sinilia
823 1352 965 1415 docuisse
983 1353 1141 1432 probabile
1163 1355 1203 1418 sii

89 1457 118 1517 in
140 1459 198 1522 lrac
221 1461 341 1523 testium
363 1461 514 1541 paneitiie
534 1461 585 1543 qni
608 1461 647 1522 de
664 1461 841 1523 Democrito
868 1459 958 1522 silent
978 1469 1138 1542 utrumque
1161 1468 1203 1524 te-

89 1565 262 1630 stimoninm
286 1569 483 1633 exhibuimus.
528 1569 609 1651 Quid
630 1566 701 1630 meli
721 1587 759 1630 ex
781 1567 942 1648 imaginum
956 1568 1130 1631 incursione
1149 1571 1203 1633 lto

89 1675 220 1739 minibus
242 1679 382 1740 accidere
410 1677 516 1758 possit,
546 1675 635 1740 facile
655 1695 673 1738 e
694 1674 904 1756 superioribus
926 1674 1089 1756 colligitur,
1110 1679 1201 1760 idque

89 1783 186 1864 ipsum
200 1792 359 1864 praeterea
374 1785 418 1848 bis
430 1784 533 1848 verbis
550 1785 631 1866 apud
643 1783 836 1846 Plutarchum
846 1787 969 1865 Quaest
976 1803 1073 1866 symp.
1083 1787 1162 1862 Vlll,
1171 1791 1200 1852 8.

88 1892 235 1954 Abderita
255 1903 360 1958 noster
387 1893 581 1974 significavit:
609 1891 655 1955 dri
682 1890 733 1954 καὶ
762 1887 887 1972 κόσμων
916 1887 1002 1958 ἐκτὸς
1023 1892 1202 1978 φθαρέντων

88 1999 137 2062 καὶ
155 1998 309 2082 σωμάτων
331 1999 517 2086 ἀλλοφύλων
535 1999 569 2063 ἐκ
583 2002 635 2082 τῆς
649 1996 817 2082 descpicias
838 1994 1049 2081 ἐπιρῤεόντων,
1070 1999 1204 2065 ἐνταῦθα

89 2109 238 2174 πολλάκις
260 2106 354 2190 ἀρχαὶ
374 2107 620 2190 παρεμπίπτουσι
643 2107 759 2190 λοιμῶν
789 2103 967 2168 tetradeo
988 2105 1025 2169 οὐ
1050 2109 1202 2191 συνήθων.

90 2215 206 2277 tibiis
228 2214 265 2276 de
287 2214 396 2294 quibus
417 2213 513 2276 locuti
541 2233 646 2276 snnms
666 2211 836 2276 simulacris
862 2213 925 2274 sire
946 2213 1125 2295 imaginibus
1147 2217 1201 2295 (ei-

91 2325 231 2400 ὃώλοις),
253 2339 330 2401 quae
359 2339 375 2382 e
398 2321 581 2401 corporibus
610 2321 737 2383 elilmmt
765 2318 895 2402 ideoque
923 2321 1013 2383 etiam
1041 2321 1203 2406 ἀποῤῥοαί,

88 2429 227 2516 effluvio
249 2427 449 2504 nominantur,
478 2427 620 2509 distingui
652 2433 774 2506 oportet
795 2447 846 2490 eas
870 2427 1014 2509 imagines
1035 2451 1109 2513 quas
1131 2431 1205 2493 divi-

89 2539 184 2600 nitate
206 2535 358 2614 praeditos
379 2553 445 2598 esse
468 2536 596 2599 credidit
616 2534 763 2614 Lencippi
785 2535 960 2616 discipulus.

176 2643 295 2706 Etenim
320 2643 419 2722 ajebat
441 2643 602 2706 simulacra
628 2641 775 2723 quaedam
806 2645 1051 2726 appropinquare
1079 2645 1206 2707 bomini-

92 2757 158 2832 bus,
181 2761 272 2834 atqne
300 2771 407 2814 eornm
434 2753 493 2815 alia
518 2752 655 2814 benefice
680 2768 756 2828 esse,
787 2750 846 2813 alia
865 2751 1008 2815 mnleiica.
1051 2754 1207 2834 Quamob-

93 2883 156 2926 rem
179 2862 245 2943 ipse
274 2859 407 2940 optabat,
436 2865 470 2924 ut
500 2860 582 2922 bona
608 2858 666 2922 sibi
689 2858 849 2922 simulacra
873 2869 1079 2926 occurrerent
1121 2863 1206 2924 ilaec

93 2979 193 3035 aulem
213 2989 321 3051 magna
344 2977 374 3032 et
395 2969 527 3050 ingentia
547 2987 615 3030 esse
637 2966 819 3047 opinabatur
841 2975 872 3030 et
899 2967 1062 3032 difficulter
1083 2970 1205 3052 quidem

93 3080 224 3156 interire,
234 3096 297 3140 non
307 3095 374 3139 esse
389 3085 489 3138 mmen
503 3075 634 3138 interitui
649 3094 712 3136 non
727 3074 867 3140 obnoxia
889 3077 1066 3158 Significare
1082 3078 1206 3158 insuper

93 3188 265 3252 hominibus
292 3186 401 3262 intnra,
423 3190 587 3265 propterea
602 3184 684 3266 qnod
709 3184 903 3264 aspectabilis
925 3192 1027 3248 essent
1046 3194 1077 3249 et
1098 3205 1206 3248 vocem

95 3297 273 3360 emitterent.
316 3295 361 3356 Ea
385 3292 422 3355 ab
451 3292 580 3373 antiquis
609 3291 674 3354 visa
700 3290 839 3372 prediis
865 3311 933 3355 esse
956 3293 1056 3356 habita
1077 3295 1207 3356 allirmn·

95 3407 161 3480 bat;
184 3421 283 3484 neque
305 3419 379 3462 vero
398 3407 520 3481 praeter
539 3401 613 3462 boec
632 3399 724 3462 olium
745 3419 813 3464 esse
833 3400 923 3463 deum
944 3412 1051 3467 natura
1069 3403 1207 3466 interitus

97 3521 220 3595 experte
242 3508 412 3590 praeditum
426 3509 433 3540 ¹
446 3504 506 3587 Η).
548 3507 603 3570 llis
622 3508 791 3570 Democriti
807 3509 908 3572 verbis
929 3531 947 3572 a
965 3513 1060 3574 Sexto
1081 3511 1207 3574 servatis

98 3619 262 3699 praecipua
289 3615 462 3697 philosophi
489 3616 585 3678 nostri
610 3617 648 3678 de
678 3616 734 3678 diis
756 3617 894 3680 doctrine
923 3619 1102 3683 conductor.
1145 3619 1208 3682 Sed

99 3747 190 3808 quum
211 3723 425 3787 immutabilem
453 3729 591 3786 naturam
618 3723 693 3788 solis
715 3726 822 3788 atomis
844 3727 1025 3808 assignasset
1047 3745 1209 3808 earumque

98 3834 229 3897 motibus
253 3832 448 3914 praefecisset
465 3832 684 3909 necessitatem,
708 3853 725 3894 e
746 3834 935 3896 decretorum
947 3853 1072 3896 suorum
1093 3834 1210 3896 ratione

100 3940 272 4006 insecabilia
292 3959 426 4021 corpora
447 3940 547 4002 divina
567 3960 635 4002 esse
655 3942 834 4023 praecipere
852 3949 882 4004 ct
902 3943 1112 4006 necessitatem
1125 3943 1211 4004 deam

100 4069 212 4113 vocare
239 4051 367 4130 poterat.
420 4047 516 4127 Cujus
549 4054 649 4112 tomen
678 4047 724 4112 rei
755 4057 839 4112 certo
865 4050 992 4133 vestigia
1025 4051 1057 4115 in
1077 4057 1212 4116 veterum

113 4193 310 4208 —nn—

175 4275 230 4338 ¹³⁵)
250 4279 308 4333 vid.
328 4279 420 4343 fragm.
440 4277 516 4343 phys.
534 4273 559 4328 3.
