2938 4864
386 335 472 391 Liber
490 335 538 394 ΙΙΙ.
578 336 648 392 Αδιι.
668 335 703 391 ad
721 335 799 395 ilem.
817 353 861 409 op.
878 339 974 412 fragm.
1169 339 1233 406 26¹1

203 505 254 568 45.
298 503 412 567 Eadem
439 503 587 568 sententia
612 503 723 586 legitur
749 525 797 587 ap.
822 505 935 570 Antan.
964 515 995 571 et
1015 509 1095 573 Marc
1117 529 1148 592 p.
1169 511 1232 574 400

118 614 253 695 ascripto
272 612 411 676 lemmate
423 612 584 694 Porideppi
601 621 839 698 conservataque
861 615 990 680 dialecto
1010 618 1119 681 ionica
1145 619 1231 682 Non-

119 723 220 788 nullae
243 721 327 786 editt.
347 719 458 782 babent
479 721 521 784 ὧν
546 719 702 805 δτρδπος.
1183 737 1186 744 ·

204 867 255 928 46.
297 863 381 926 Idem
408 863 606 944 fragmentum
633 871 785 928 servatum
811 873 861 930 est
886 867 925 930 ab
951 867 1062 931 Antan.
1095 876 1126 930 et
1151 869 1230 932 δίαν.

118 995 149 1054 p.
171 975 243 1052 299,
265 972 317 1055 qui
339 971 470 1034 ionicam
497 971 658 1035 dialectum
684 973 716 1036 iu
741 993 931 1038 communem
959 981 1120 1039 mutarunt.
1168 976 1231 1039 Sed

118 1191 191 1273 χαῖτ
221 1189 306 1271 quod
325 1195 413 1251 antea
430 1187 595 1268 legebatur,
614 1188 773 1269 posuimus
795 1185 917 1274 εὐχῇσι,
940 1210 998 1272 pro
1022 1189 1143 1259 ἑαυτοῖς
1162 1192 1232 1254 item

122 1295 273 1360 ἑωυτοῖσι.

204 1438 254 1502 47.
296 1438 480 1520 Scripsimns
507 1437 714 1523 dppobrolotat
741 1459 800 1520 pro
823 1436 1025 1524 ἀφροδισίοις,
1057 1436 1232 1522 ἐπιθυμέειν
1321 1515 1325 1522 Ι

120 1564 180 1628 pro
203 1544 373 1630 ἐπιθυμεῖν,
395 1547 456 1611 αἰεὶ
476 1566 535 1642 pro
564 1544 623 1624 aiei,
656 1545 774 1610 αὐτέων
795 1566 853 1629 pro
879 1543 991 1626 αὐτῶν,
1018 1543 1153 1610 αὐτέοισι
1173 1567 1233 1628 pro

121 1652 253 1734 αὐτοῖσι,
275 1655 346 1718 item
368 1651 452 1724 αὖτις
473 1657 556 1740 quod
579 1663 626 1718 est
646 1655 729 1738 apud
750 1656 949 1734 Herodotum,
968 1675 1028 1738 pro
1049 1651 1147 1732 αὖθις,
1170 1654 1235 1718 δέει

120 1781 180 1846 pro
204 1761 261 1824 δεῖ.
303 1763 494 1828 Retiauimus
516 1761 567 1826 διδ
582 1761 695 1848 ταχέοτ
715 1765 734 1827 i.
749 1787 785 1844 e.‚
804 1771 838 1828 ut
858 1763 952 1846 vulgo
973 1763 1150 1848 loquuntur,
1170 1764 1233 1828 δια·
1283 1755 1287 1764 ’
1348 1797 1351 1804 =

118 1870 235 1956 τάχους
265 1870 314 1934 vel
347 1869 532 1956 διαταχέων.
587 1871 722 1936 Orellius
747 1879 869 1953 praeter
896 1872 1108 1936 necessitatem
1140 1872 1235 1936 edidit

120 1978 302 2064 διαταχέωτ.

206 2122 257 2184 48.
299 2123 332 2184 ln
358 2121 417 2184 boc
452 2123 621 2204 fragmento
660 2123 839 2186 Plutarchus
867 2122 1035 2186 Democriti
1069 2123 1233 2186 dictionem

120 2229 310 2310 paucissimis
331 2231 545 2295 mutationibus
567 2232 702 2312 exceptis
724 2232 788 2293 iere
811 2237 904 2293 totam
924 2230 1062 2292 intactam
1076 2230 1234 2312 reliquisse

120 2338 300 2402 Barchardo
329 2338 463 2411 videtur,
489 2358 579 2421 quern
597 2351 698 2403 tamen
722 2339 752 2400 in
781 2357 819 2400 eo
839 2357 957 2402 errasse
978 2338 1128 2415 existimo,
1151 2339 1235 2421 quod

121 2443 265 2530 κλωσμδτ
285 2446 417 2510 ionicum
440 2466 507 2511 esse
526 2449 651 2530 putavit,
663 2443 806 2530 κλωχμδς
818 2447 951 2510 atticum.
994 2445 1235 2524 certesiensis

122 2551 212 2617 codd.
236 2574 307 2619 mss.
331 2563 385 2634 est,
413 2557 495 2638 apud
521 2555 666 2639 Xenoph.
697 2555 735 2616 de
758 2573 792 2616 re
815 2573 862 2638 eq.
888 2555 918 2631 9,
942 2555 982 2618 10
1009 2573 1108 2634 prope
1129 2571 1235 2616 omnes

121 2662 314 2727 membranae
346 2665 456 2729 habent
488 2663 642 2748 κλωσμδτ,
674 2681 792 2745 paucae
824 2659 974 2745 κλωγμδς.
1035 2661 1098 2724 Sed
1126 2665 1156 2722 et
1186 2659 1236 2722 alii

121 2771 289 2851 scriptores
311 2773 387 2836 hanc
409 2774 535 2838 formam
560 2774 759 2856 frequentant,
782 2769 856 2851 (vid.
878 2771 982 2850 Steph.
1003 2769 1093 2832 Thes.
1114 2767 1177 2832 vol.
1191 2765 1235 2830 lV

121 2877 181 2942 col.
208 2881 288 2944 1667
311 2881 358 2944 ed.
387 2883 492 2963 Dind.)
517 2901 615 2967 neque
643 2889 743 2944 tamen
769 2883 955 2956 constanter,
988 2883 1021 2940 nt
1048 2877 1135 2940 iacile
1165 2876 1234 2939 inde

122 2990 232 3066 disces,
255 2991 463 3070 promiscuum
489 2991 647 3073 utriusque
666 2990 781 3053 formae
802 3007 892 3052 usum
913 2985 1016 3050 inisse.
1059 2983 1236 3048 Notandum

122 3106 285 3180 praeterea
306 3099 479 3184 μαργαίνειν
499 3099 583 3184 quod
600 3099 734 3182 alioquin
756 3104 803 3161 est
819 3095 959 3172 insanire,
972 3091 1111 3180 delirare,
1125 3093 1237 3172 furere,

121 3206 172 3270 lric
197 3206 236 3268 de
260 3207 355 3270 subus
384 3207 496 3272 dictam
523 3205 598 3270 nihil
629 3207 711 3280 aliud
744 3225 811 3269 esse
839 3205 898 3268 nisi
928 3201 1060 3266 volutari
1093 3221 1162 3265 cum
1183 3220 1238 3264 νο-

120 3315 246 3396 luptate.
270 3310 437 3378 'Nimirum
458 3336 575 3381 summa
595 3316 736 3398 voluptas
756 3333 853 3396 prope
874 3315 961 3377 abest
980 3331 1000 3373 a
1019 3311 1133 3374 lurore.
1168 3311 1236 3371 lloo

122 3423 295 3488 Democriti
316 3423 429 3487 dictum
453 3444 471 3487 a
491 3422 623 3505 posteris
642 3423 827 3488 celebratum
852 3439 920 3486 esse
942 3439 978 3485 ac
998 3437 1095 3502 paene
1114 3418 1153 3480 in'
1167 3436 1239 3499 pro-

122 3533 222 3596 verbii
243 3527 494 3596 consuetudinem
523 3533 642 3596 venisse
670 3532 733 3594 duo
762 3531 925 3596 ostendunt
950 3527 1011 3592 loci
1031 3534 1102 3609 apte
1122 3545 1141 3588 a
1160 3529 1238 3590 Bur-

124 3641 360 3706 clrardocollati.
382 3641 466 3706 Aret.
474 3641 658 3705 Diosem.vs.
667 3641 727 3704 391
737 3634 941 3725 σὺετφορυτῷ
951 3633 1240 3720 δτιμαργαίνουσαιι

124 3749 222 3814 Clcm.
244 3751 330 3814 Alere
354 3750 442 3815 Adm.
462 3751 500 3814 ad
516 3756 595 3832 gent.
617 3771 647 3832 p.
656 3750 710 3814 59:
735 3747 786 3818 δας
806 3748 875 3834 γάρ,
897 3766 999 3832 φησιν,
1019 3743 1148 3828 ἥδονται
1171 3741 1239 3826 βορ-

125 3855 211 3944 βόρῳ
234 3861 351 3942 μᾶλλον
384 3859 404 3943 ῆ
432 3855 563 3943 καθαρῷ
591 3857 678 3922 ὕδατι
703 3857 755 3919 καὶ
781 3855 830 3919 tat
860 3857 985 3941 φορυτῷ
1019 3848 1242 3936 μαργαίνουσαι

124 3964 205 4030 κατὰ
239 3965 439 4050 Δημδκριτον.
492 3968 556 4030 Sub
588 3967 676 4029 linem
707 3967 796 4044 hujus
826 3965 985 4048 fragmenti
1015 3961 1047 4024 lv
1079 3953 1182 4042 toarni
1210 3953 1242 4018 in

127 4074 270 4138 omnibus
301 4074 456 4138 Plutarchi
484 4075 574 4140 codd.
600 4076 726 4157 legitur,
751 4093 810 4156 pro
837 4096 899 4158 qno
929 4069 1125 4139 Burebardus
1157 4063 1243 4148 αδτιμ

126 4183 321 4246 scribendum
344 4203 411 4247 esse
432 4185 562 4265 conjicit.
605 4189 703 4267 Quam
731 4185 971 4249 emendationem
991 4177 1113 4242 minime
1138 4191 1243 4236 neces-

126 4288 235 4354 sariam
252 4291 435 4370 judicamus,
457 4294 604 4376 siquidem
625 4293 770 4358 alind-est
793 4292 823 4356 ἐν
850 4287 946 4377 αὐτῷ,
968 4287 1050 4372 qaod
1071 4285 1110 4348 ad
1130 4297 1243 4362 eorpus
