2938 4864
299 299 364 369 m
627 297 824 362 Quaestionum
843 295 1078 354 Democritearmn

1440 379 1445 418 ι

296 470 451 551 jndicibus
472 468 585 532 dictum
612 467 740 548 accipio.
784 465 946 530 Caeterum
975 467 1002 530 si
1024 466 1103 529 forte
1123 463 1209 528 latius
1227 469 1380 544 paterano

301 579 359 642 luit
374 577 596 658 apophthegm
613 595 701 638 suum
713 575 918 650 Democritus,
930 573 1013 657 quod
1027 573 1140 654 patitur
1155 573 1199 634 rei
1219 569 1381 650 ambiguitas,

302 687 343 749 ita
374 686 439 747 fere
464 683 670 765 interpreteris
703 682 790 746 licet:
823 685 880 762 qui
898 701 1029 764 prorsam
1054 682 1264 763 eriperentur
1290 691 1382 748 aarum,

301 813 465 875 nuuqamm
478 793 532 856 ille
539 793 646 873 paruo
657 789 783 872 fuerit:
804 809 958 870 mergunt
978 789 1045 850 dem
1064 790 1156 852 Goba
1173 784 1331 850 uatmtban
1344 783 1382 854 rit,

302 902 357 966 dar
374 900 492 962 mdcbta
509 899 591 962 wohl
605 901 737 962 αι’σιηαίι
752 899 879 980 gerochi
891 901 964 961 rein.
1007 897 1107 980 Atque
1119 897 1198 960 haud
1211 896 1271 958 scio
1288 911 1322 954 au
1336 890 1383 950 hou

302 1009 428 1072 alterum
450 1005 632 1070 dilucidandi
659 1027 754 1088 genus
784 1006 1015 1088 praeferendum
1044 1006 1091 1082 sit,
1121 1002 1290 1086 praesertim
1310 1015 1384 1082 quun

302 1119 362 1182 boo
384 1122 475 1198 pacto
501 1115 531 1176 iu
552 1133 702 1196 suspenso
722 1116 917 1200 relinquatur,
933 1114 1011 1176 sitne
1033 1114 1125 1176 homo
1147 1111 1207 1188 ille,
1227 1111 1263 1172 de
1280 1126 1332 1190 quo
1350 1103 1385 1164 lo

302 1225 405 1311 quitur
438 1223 655 1304 philosophus,
686 1243 759 1286 suae
781 1222 929 1304 pecuniae
957 1231 1055 1298 tenax,
1091 1241 1129 1283 an
1162 1220 1271 1282 alienae
1291 1213 1384 1286 avidus,

303 1355 341 1398 an
362 1334 438 1394 banc
465 1329 635 1393 aviditatem
666 1351 733 1393 omn
762 1331 813 1393 illo
841 1330 998 1394 tenacitate
1029 1332 1198 1412 conjungat.
1246 1325 1317 1388 ilinc
1339 1317 1385 1382 evi·

304 1444 378 1506 deus
400 1445 456 1515 est,
484 1437 721 1500 Burcbardinam
743 1439 832 1519 bujus
863 1437 1059 1502 sententiolae
1087 1437 1306 1502 translationem
1330 1425 1386 1490 mibi

303 1549 437 1612 arridere
460 1564 522 1608 uon
545 1564 646 1626 posse.
697 1546 751 1608 Sic
781 1553 880 1609 autem
917 1547 1115 1626 fragmentum
1150 1546 1182 1608 in
1214 1536 1386 1624 germanicam

302 1657 433 1738 linguam
455 1655 609 1717 transfert:
633 1654 736 1732 „Wen
752 1657 835 1716 raiae
844 1653 974 1722 Saluitae
989 1673 1074 1737 gom
1095 1653 1239 1736 beregen,
1255 1649 1305 1712 der
1318 1645 1386 1706 baar
1444 1711 1445 1718 γ

301 1765 354 1827 αἶα
369 1759 497 1844 geraclt
513 1759 604 1824 aaa?

386 1871 436 1934 63.
481 1867 623 1952 ἐργασίης
646 1889 715 1933 oum
734 1871 913 1934 Burobardo
932 1871 1042 1950 scripsi
1061 1889 1119 1953 pro
1143 1867 1295 1953 ἐργασίας.
1321 1861 1386 1924 Haec
1444 1927 1445 1932 ,

302 1979 448 2044 sententia
471 1995 548 2060 quaa
578 1976 660 2057 apud
688 1978 798 2042 Autan.
830 1986 861 2042 et
886 1979 1006 2042 Maxim.
1038 1999 1106 2060 pag.
1131 1979 1196 2040 225
1220 1975 1284 2057 (ubi
1299 1968 1389 2049 legitur

303 2082 510 2169 ἐπιγινόμενος
529 2089 559 2146 et
577 2084 725 2148 omittitur
745 2087 795 2168 rb)
815 2087 993 2150 Democrito
1013 2084 1062 2148 vel
1085 2083 1262 2148 Demonacii
1278 2071 1388 2143 attribui

302 2201 361 2272 tur,
388 2213 458 2274 pag.
477 2193 539 2256 763
568 2199 669 2256 autem
697 2194 737 2257 ad
762 2195 921 2258 Chilonem
951 2203 1108 2259 auctorem
1137 2189 1390 2269 reformatorum

302 2303 392 2368 obvia
412 2309 459 2365 est
477 2303 559 2383 apud
582 2303 747 2366 Stobaeum
766 2303 861 2382 xcii,
888 2307 936 2382 15,
962 2304 1018 2366 sed
1046 2303 1176 2365 inbono
1200 2300 1319 2364 modum
1338 2308 1391 2356 cor-

301 2417 408 2493 rupta:
432 2406 570 2477 Πλοῦτος
592 2409 653 2473 ἀπὸ
679 2409 788 2491 (Orell.
812 2410 875 2492 ἐπὶ)
898 2414 993 2494 κακῆς
1015 2409 1158 2495 ἐργασίης
1177 2403 1392 2494 περιγενόμενος
1441 2421 1445 2494 γ

302 2521 386 2602 σῆρα
409 2515 507 2583 οὕτως
526 2515 557 2578 ἐν
581 2521 645 2586 τοῖς
672 2519 705 2582 rb
729 2517 847 2587 ὄνειδος
868 2517 1018 2602 κέκτηται.
1069 2518 1119 2580 Ad
1141 2517 1300 2581 enodanda
1316 2507 1393 2573 uerba
1444 2529 1445 2534 ¹

301 2628 386 2708 σῆρα
409 2623 508 2692 οὕτως
527 2623 558 2685 ἐν
580 2629 644 2695 τοῖς
667 2628 821 2690 Gesnerus
844 2625 1019 2710 ἀνθρώποις
1037 2626 1286 2707 postartioulum
1299 2619 1393 2685 adden·

301 2732 373 2796 dum
398 2751 465 2796 esse
487 2738 570 2796 ratus
592 2740 646 2811 est,
670 2739 754 2818 σῆρα
774 2753 832 2816 pro
854 2739 927 2796 nota
951 2733 1090 2796 infamiae
1111 2734 1273 2816 accipiens.
1310 2735 1395 2812 Quom

299 2839 386 2903 vocis
414 2859 536 2903 sensum
566 2840 624 2904 sibi
652 2845 787 2924 ignotum
814 2861 882 2905 esse
911 2842 1062 2904 affinuans
1088 2841 1250 2905 Corradus
1277 2836 1395 2902 Orellius

299 2947 447 3010 tentabat:
471 2947 578 3031 στίγμα
606 2949 680 3026 ἐστὶ,
707 2951 759 3016 καὶ
785 2948 884 3034 τούτῳ
914 2949 944 3012 ἐν
974 2953 1037 3017 τοῖς
1056 2947 1247 3034 ἀνθρώποισι
1270 2938 1396 3030 turpant·
1444 2925 1445 3002 ἶ

301 3075 406 3138 στερον
434 3054 468 3117 τὸ
498 3053 616 3125 ὄνειδος
640 3058 799 3142 κέκτηται,
827 3064 859 3120 at
887 3059 1004 3139 Gaspar
1024 3056 1171 3120 Orellius:
1194 3059 1325 3122 πλοῦτος
1344 3048 1395 3114 dal

299 3164 395 3243 κακῆς
422 3159 565 3246 ἐργασίης
588 3165 823 3251 περιγενόμενος
851 3165 1105 3249 σηματοιέστερον
1136 3165 1231 3245 (corr.
1261 3156 1397 3247 σηματοέ-

299 3271 420 3351 στερον)
459 3267 491 3331 ἐν
525 3275 588 3340 τοῖς
622 3273 811 3358 ἀνθρώποισι
848 3273 882 3336 τὸ
918 3271 1035 3341 ὄνειδος
1067 3269 1218 3355 κέκτηται.
1269 3269 1397 3350 Demque

298 3375 490 3440 Gaisfordius
512 3399 570 3458 pro
590 3385 675 3464 σῆρα
699 3381 798 3451 οὕτως
824 3379 855 3444 ἐν
884 3385 947 3450 τοῖς
975 3381 1108 3462 ponebat
1130 3378 1397 3464 remaneamus

297 3483 360 3545 Sed
390 3483 434 3545 illi
460 3504 574 3566 omnes,
607 3495 642 3552 ut
673 3511 741 3553 cum
772 3491 950 3553 Democrito
983 3490 1110 3572 loquar,
1141 3483 1399 3572 ραταιοπονέοοσι.
1444 3461 1445 3510 i

298 3591 420 3673 Quippe
436 3595 556 3674 egregie
577 3598 758 3676 conjectavit
777 3599 980 3676 Burcbardus‚
1010 3617 1047 3660 ex
1077 3617 1113 3660 ea
1135 3616 1213 3680 quae
1240 3595 1323 3677 apud
1340 3593 1399 3654 Sto·

296 3699 405 3762 baeum
426 3702 485 3764 boc
506 3702 705 3783 fragmentum
732 3709 887 3788 praecedit
906 3705 1071 3770 sententia:
1093 3705 1198 3788 ὥσπερ
1221 3703 1252 3765 ἐν
1277 3703 1341 3769 τοῖς
1361 3696 1399 3760 Ξ)-

295 3827 361 3869 κεσι
387 3808 568 3892 φαγέδαιναν
599 3813 739 3876 κάκιστον
770 3814 902 3900 νόσημα,
930 3812 1029 3882 οὕτως
1058 3812 1089 3875 ἐν
1118 3815 1182 3880 τοῖς
1209 3803 1399 3895 χρήμασιτὸ
1444 3837 1445 3840 ¹

296 3913 337 3996 μὴ
357 3917 573 4000 προςαρρίσαν
604 3923 712 3986 καὶτὸ
742 3921 869 4008 συνεχές
895 3921 988 3986 νοτίην
1014 3919 1135 4005 νόσημα
1168 3919 1268 3984 οὕτως
1294 3913 1402 3980 ἐντοῖς

296 4022 394 4101 prima
414 4043 492 4086 voco
514 4033 651 4094 muscata
678 4031 779 4113 (σῆρα
808 4030 906 4098 οὕτως
926 4027 957 4090 ἐν
980 4031 1057 4112 τοῖς)
1078 4029 1274 4092 librariorum
1293 4019 1401 4087 incuria

295 4128 327 4188 in
343 4129 402 4192 boc
428 4131 626 4212 fragmentum
647 4137 759 4200 inserta
785 4157 861 4216 csse,
884 4139 985 4220 ibique
1004 4137 1109 4201 locum
1129 4140 1184 4199 τοῦ
1213 4129 1402 4218 ἐπιφανέστε-

295 4253 348 4314 ρον
367 4254 545 4317 occupasse.
587 4245 690 4328 ltoqne
702 4247 849 4310 sententia
864 4246 949 4310 titulo
963 4245 1051 4310 XCll
1066 4244 1203 4324 subjecta
1219 4247 1403 4324 autequama

1320 4347 1403 4409 libra·
