2892 4872
286 1465 767 1632 ounnsrrouuu
814 1483 1378 1610 nnuocurrnnuuu

653 1738 704 1844 'Ia
727 1739 743 1800 I
764 1738 789 1800 B
811 1737 837 1800 Ε
858 1738 887 1801 R
928 1738 999 1808 111.

473 1917 707 1990 DEMOCRITI
732 1918 908 1990 OPERUM
932 1913 1200 1990 FRAGMENTA.

548 2175 609 2248 A.
651 2175 909 2242 FRAGMENTA
936 2175 1132 2242 mentula.

671 2399 1006 2453 PRAEFATIO.

286 2489 346 2620 Si
366 2573 472 2618 verum
493 2560 540 2618 est
562 2553 645 2637 quod
666 2552 726 2616 alio
748 2551 861 2635 loco¹)
883 2552 1085 2634 conjecimus,
1118 2567 1214 2632 opera
1234 2534 1382 2607 moralias
1430 2605 1431 2616 χ

284 2663 462 2726 Democrito
480 2669 531 2724 unt
553 2662 685 2724 omnium
703 2662 800 2743 prima
820 2668 872 2725 aut
891 2679 1029 2742 magnam
1050 2666 1170 2741 partem
1190 2659 1258 2718 ante
1280 2642 1383 2722 reliqua
1430 2643 1431 2696 t

201 2819 202 2822 η
286 2771 400 2852 scripta
419 2769 588 2850 composita
607 2789 683 2847 esse,
712 2789 802 2833 nemo
827 2769 994 2846 mirabitur,
1017 2767 1048 2829 in
1073 2767 1123 2831 his
1148 2765 1234 2829 libris
1254 2746 1383 2820 nonnul]a
1430 2773 1431 2824 t

286 2879 365 2941 tradi
392 2883 556 2959 praecepta
582 2897 658 2960 qnae
687 2878 851 2958 posteriori
868 2877 1042 2958 philosophi
1064 2875 1222 2938 doctrinae
1240 2865 1383 2928 vehemeu-

283 2994 332 3050 ter
360 2989 538 3068 repugnent.
574 2985 670 3047 ·Nam
692 3005 785 3068 quum
808 3005 871 3048 non
896 2985 996 3046 divina
1016 2985 1162 3065 potentia,
1192 2981 1230 3042 de
1256 2992 1312 3056 qut
1331 2981 1383 3028 ⁰⁰¹¹

284 3095 448 3160 admodum
476 3092 643 3155 honorifice
664 3093 819 3170 sentiebat,
848 3092 903 3156 sed
930 3099 1100 3156 atomomm
1123 3103 1277 3155 concursu
1297 3071 1384 3142 omnia
1430 3076 1431 3094 ¹

285 3207 356 3264 nata
374 3219 442 3262 esse
464 3206 494 3262 et
515 3206 663 3280 perpetuo
686 3200 769 3263 nasci
790 3200 982 3277 decrevisset,
1005 3199 1070 3260 fieri
1093 3199 1236 3279 profecto
1262 3207 1321 3253 non
1338 3199 1384 3263 po
1430 3183 1431 3248 j

285 3315 371 3386 terat,
401 3307 473 3389 quin
502 3326 641 3388 magnam
665 3308 788 3370 moralis
817 3307 994 3389 disciplinae
1022 3313 1140 3387 partem
1162 3303 1292 3368 tolleret.
1332 3285 1384 3355 Sed

285 3423 319 3480 ut
340 3415 539 3493 inveniuntur,
565 3415 616 3498 qui
635 3415 748 3478 nullam
769 3435 836 3478 esse
858 3417 987 3478 divinam
1008 3422 1146 3478 naturam
1168 3413 1331 3493 opinantes
1349 3395 1384 3458 Vi·

286 3529 335 3586 tae
355 3528 452 3584 tamen
474 3524 629 3586 sanctitate
652 3527 682 3585 et
703 3523 853 3603 probitate
875 3522 1031 3601 excellent,
1058 3521 1100 3584 ita
1121 3516 1329 3585 Democritum
1346 3523 1386 3566 tr·

286 3631 432 3693 bitramur
456 3629 512 3692 hos
543 3631 581 3693 de
602 3630 740 3693 moribus
760 3629 855 3694 libros
873 3629 957 3692 salva
978 3635 1149 3691 atomorum
1169 3623 1306 3691 docmina
1322 3609 1385 3678 scri-

284 3737 359 3800 bere
387 3736 534 3817 petenisse.
586 3737 706 3821 Quodsi
730 3738 896 3816 statuimus,
925 3737 1140 3819 philosophum
1172 3740 1330 3813 antequam
1354 3719 1386 3780 de

286 3846 393 3911 atomis
413 3846 592 3922 dissereret,
616 3845 778 3908 demorati
802 3844 961 3926 disciplina
983 3843 1217 3907 commentarios
1236 3839 1386 3920 plerosque
1430 3843 1431 3876 r

280 3957 344 4035 jam
364 3954 514 4035 vulgasse,
545 3951 635 4031 illam,
664 3954 750 4032 cujus
775 3952 887 4015 mentio
914 3954 993 4015 iacta
1021 3958 1075 4028 est,
1101 3947 1389 4014 inconstantinam
1430 3975 1431 4010 1

285 4062 447 4124 cessariam
466 4059 559 4123 fuisse
579 4067 668 4141 patet
708 4061 807 4142 Atque
828 4061 901 4122 lraec
915 4059 982 4140 ipsa
1002 4059 1203 4124 inconstantia
1222 4071 1284 4118 uon
1304 4039 1387 4108 m0d0
1430 4033 1431 4070 ¹

1345 4165 1389 4210 cx·

355 4251 378 4315 ¹)
396 4247 462 4302 viee
480 4265 562 4315 supra
582 4267 642 4318 pag.
664 4249 720 4304 101.
