2892 4872
287 303 349 372 Μ
610 301 808 366 &nauticar-
826 301 1058 358 ὓειοετίιεετει

285 471 508 538 Chaldaeorum
536 474 567 532 et
586 469 741 550 Phrygum
768 466 994 552 ἀποφθέγματα
1014 470 1286 554 complecterentur.
1324 471 1371 535 λό-

285 599 339 663 γον
362 579 442 642 eniur
468 580 550 662 apud
574 579 760 662 antiquiores
792 577 942 642 interdum
961 578 1020 641 dici
1049 599 1107 662 pro
1131 582 1373 663 apophthegmnte,

286 689 365 751 inter
385 707 491 750 omnes
512 692 639 751 constat

367 796 403 876 9)
423 792 501 878 [lapi
527 797 585 858 τῶν
608 791 641 858 ἑν
667 789 775 877 Μερόη
808 793 898 876 ίερῦιν
925 794 1121 876 γραμμάτων.
1164 797 1250 860 Hunc
1268 795 1374 856 titulun

285 921 391 968 ornnes
420 901 569 984 Diogenis
597 901 666 964 edd.
692 908 870 982 agnoscunt,
898 907 1026 983 excepta
1052 901 1375 980 Aidobrandiniana‚in

283 1031 345 1094 qna
362 1011 492 1092 pessime
518 1009 668 1095 περὶτῶν
699 1008 731 1072 ἐν
753 1007 862 1094 Μερόη
882 1011 1021 1072 ὠκεανοῦ
1040 1009 1213 1096 περίπλους.
1252 1011 1375 1091 Namque

283 1120 395 1183 diversi
417 1118 566 1182 librorum
594 1117 709 1182 indices
736 1123 808 1182 sunt
827 1113 978 1180 Ὠκεανοῦ
1004 1118 1171 1203 περίπλους
1191 1127 1221 1182 et
1240 1115 1375 1203 περὶτῶν

283 1225 315 1290 όν
338 1223 446 1310 Μερόη
469 1225 559 1309 ίερῶν
578 1225 776 1309 γραμμάτων.

367 1333 403 1415 3)
420 1330 573 1396 Ὠκεανοῦ
595 1333 763 1417 περίπλοος
785 1333 814 1394 in
834 1331 1113 1398 Aldobrandiniana
1134 1335 1242 1400 Laertii
1261 1333 1376 1398 editione

282 1440 401 1523 iegitur.
440 1444 475 1505 ln
490 1439 558 1504 aliis
579 1440 660 1504 enim
680 1440 731 1504 iric
750 1439 856 1504 titulus
879 1439 1075 1508 desideratur.

366 1552 401 1630 ί)
423 1545 498 1634 Περὶ
523 1546 665 1632 ἱστορίης.

367 1660 401 1737 5)
424 1653 602 1724 Χαλδαϊκὸς
621 1652 721 1737 λόγος.

366 1766 401 1845 6)
424 1761 559 1846 Φρύγιος
579 1760 679 1844 λόγος.

365 1875 401 1952 7)
423 1867 500 1954 Περὶ
517 1873 650 1953 πυρετοῦ
673 1871 725 1933 καί
751 1873 811 1933 τῶν
835 1867 895 1933 ἀπὸ
918 1870 1031 1934 νούσου
1054 1870 1240 1957 βησσόντων.

364 1980 399 2058 8)
423 1975 544 2061 Νομικὰ
563 1975 654 2041 αἴτια.

361 2087 396 2165 9)
418 2081 554 2167 Χερνικὰ
586 2083 606 2168 ή
634 2081 855 2169 Προβλήματα.
898 2083 959 2146 Alii
984 2086 1064 2166 apud
1094 2088 1261 2170 Diogenem
1287 2087 1376 2168 legunt

279 2186 415 2274 Χίρνιβα
437 2193 457 2276 ή
483 2190 704 2276 Προβλήματα.
748 2192 866 2254 Neutra
880 2191 973 2256 lectio
986 2193 1112 2256 ierenda
1135 2203 1188 2258 est
1216 2201 1314 2279 Quare
1327 2195 1374 2257 Ca-

248 2357 252 2365 .
278 2300 433 2362 sanbonus
453 2297 647 2382 χειροκίνητα
668 2299 895 2362 rescribendum
916 2299 1040 2381 putabat
1059 2320 1098 2363 ex
1122 2303 1168 2365 his
1186 2305 1270 2366 Plinii
1288 2301 1373 2366 verbis

277 2405 330 2470 lib.
349 2407 461 2469 XXIV
482 2425 548 2486 cap.
568 2409 621 2470 17:
663 2405 836 2470 Democriti
861 2415 941 2470 certe
962 2407 1159 2472 cinnama
1184 2432 1243 2473 erse
1260 2415 1373 2473 constat.

276 2514 322 2578 Ar
339 2517 375 2576 ία
396 2514 444 2576 hin
464 2515 518 2576 ille
526 2520 599 2595 port
611 2514 825 2596 Pythagoram
839 2516 1010 2596 Magorum
1024 2516 1262 2581 surdaon’srimm
1273 2523 1375 2599 ρκακίο

273 2623 501 2702 portmtoriora
527 2619 634 2684 cado.
684 2622 850 2686 Salmasius
871 2622 916 2685 ad
944 2623 1040 2687 Solin.
1064 2643 1094 2703 p.
1121 2628 1202 2688 1100
1224 2628 1301 2706 (pag.
1321 2624 1374 2686 775

276 2729 346 2792 edit
377 2729 495 2811 ωιτη.)
526 2730 558 2792 in
586 2728 744 2812 utriusque
772 2730 929 2811 scriptoris
958 2737 1041 2794 texor
1072 2730 1234 2812 legendum
1259 2731 1375 2812 conjecit

275 2834 466 2920 χειρόκμητα
486 2835 506 2920 ἢ
530 2833 644 2920 ιροσικὰ
663 2836 878 2921 προβλήματα.
919 2839 1054 2902 Eandem
1074 2841 1223 2903 medelam
1249 2839 1373 2902 Vitruvio

276 2943 412 3006 adhiberi
433 2945 542 3025 jussit,
570 2945 658 3026 cujus
684 2946 778 3008 verba
797 2944 848 3008 lib.
870 2946 916 3008 lX
947 2966 1014 3026 cap.
1041 2947 1061 3011 3
1091 2967 1130 3010 ex
1150 2948 1231 3011 illius
1251 2945 1374 3010 ernenda-

275 3049 358 3114 tione
379 3053 424 3116 εἰσ
442 3073 477 3116 se
497 3051 623 3115 habent:
654 3052 786 3131 „Multas
806 3071 856 3116 res
877 3053 1042 3130 attendens,
1061 3053 1197 3118 admiror
1217 3056 1302 3118 etiarn
1321 3056 1372 3114 De

273 3159 393 3223 mocriti
412 3161 451 3223 de
471 3179 573 3224 rernm
594 3166 703 3224 natura
723 3160 878 3224 volumina
898 3165 929 3222 et
948 3161 1014 3239 ejus
1027 3159 1280 3226 commentarium
1299 3159 1372 3244 quod

273 3264 448 3330 inscribitur
468 3265 697 3351 Χειροκμήτων,
725 3269 758 3330 in
783 3287 844 3351 quo
865 3267 1006 3332 utebatur
1023 3268 1146 3346 annulo,
1174 3271 1291 3358 signans
1311 3285 1371 3330 cera

273 3371 356 3440 motti
386 3393 463 3456 quae
496 3383 577 3440 esset
608 3374 785 3456 expertus.”
835 3376 979 3457 „Quippe
1006 3375 1121 3457 antiqui
1147 3377 1259 3454 critici,
1287 3374 1371 3456 inquit

272 3477 446 3559 Salmasius,
469 3481 546 3546 locis
570 3483 670 3546 dubiis
698 3491 729 3546 et
755 3484 793 3546 de
821 3483 929 3565 quibus
954 3483 1084 3563 amplius
1112 3485 1313 3566 quaerendum
1332 3499 1371 3542 ee

271 3591 327 3663 set,
346 3595 398 3650 aut
420 3589 509 3650 etiarn
528 3590 722 3668 notabilibus,
744 3591 906 3671 affigebant
923 3589 1051 3653 irrisorie
1068 3609 1106 3652 ex
1128 3612 1207 3668 cera,
1229 3611 1303 3674 quae
1321 3607 1368 3649 πα-

270 3693 476 3777 ρσπλοίσματα
505 3695 691 3764 dicebantur.
734 3697 904 3778 Hesychius
931 3698 1195 3781 παραπλάσματα·
1224 3698 1261 3760 τὰ
1280 3692 1368 3778 κηρία,

268 3797 306 3860 τὰ
328 3797 524 3885 ἐπιτιθέμενα
543 3807 607 3874 τοῖς
628 3804 794 3888 ζητήμασιν
821 3801 853 3866 ἐν
881 3806 946 3872 τοῖς
973 3803 1109 3888 βιβλίοις.
1149 3805 1189 3870 Et
1210 3805 1270 3868 aiio
1290 3804 1368 3865 ioco:

267 3903 535 3990 παρεββοπωμόνα
561 3911 672 3995 βιβλία,
694 3910 740 3980 cic
758 3909 872 3994 κηροῦς
893 3909 1156 3994 προςπλιίσσομεν,
1174 3910 1250 3992 πρὸς
1270 3907 1302 3970 τό
1325 3907 1368 3985 (is

266 4009 358 4093 τήσαί
375 4033 450 4077 τινα.
490 4019 684 4082 Democritus
713 4018 744 4081 in
771 4037 809 4080 eo
839 4017 1056 4081 commentario
1084 4039 1146 4102 quo
1172 4035 1272 4078 rerum
1291 4017 1368 4074 netu·

266 4117 374 4182 ralium
396 4142 506 4186 arcana
538 4130 568 4186 et
593 4125 694 4188 abdita
717 4125 920 4202 scrutabatur,
953 4125 992 4188 iis
1020 4127 1182 4207 paradoxis
1210 4139 1286 4206 quac
1307 4119 1366 4198 ipsc

264 4245 336 4292 vera
357 4236 500 4310 expertus
519 4238 591 4308 crat,
607 4239 695 4294 notas
716 4233 782 4296 illas
803 4251 820 4294 e
844 4251 913 4294 cera
932 4233 1054 4314 affigere
1076 4234 1192 4298 solebat
1211 4238 1241 4296 et
1257 4223 1363 4294 annulo
