2956 4860
269 293 310 356 16
595 285 792 350 Quaestionum
820 283 1055 340 Democriteum

269 463 331 525 lato
352 459 549 523 concessisse.
587 455 698 518 ltlirnm
718 460 817 517 autem
838 451 921 535 quod
942 435 1059 514 ibidem¹
1073 451 1192 536 legitur,
1219 453 1297 518 alios
1323 461 1386 518 tra-

268 570 342 633 dere
372 565 568 647 nomgesimo
593 563 698 626 aetatis
726 579 821 638 armo,
849 560 926 623 alios
953 561 1142 640 octogesimo
1170 563 1284 646 quinto,
1305 563 1384 626 alios

270 677 435 744 centesimo
465 679 590 757 quarto,
618 669 766 754 quosdam
792 668 958 732 centesimo
986 687 1070 732 nono
1091 671 1308 752 Hippocratem
1328 672 1384 734 de-

270 780 471 866 cessisse⁵³),
494 783 535 844 ita
558 787 593 842 nt
619 777 803 842 innumeris
828 795 975 840 annorum
997 797 1075 860 quos
1094 777 1224 841 vivendo
1248 781 1384 860 exegerit

269 895 472 977 Hippocrates
489 889 595 954 eadem
614 888 653 952 sit
674 887 803 949 varietas
822 903 898 967 quae
924 883 956 946 in
981 885 1201 964 Democriteis,
1218 887 1277 949 nisi
1298 889 1383 980 quod

269 1021 359 1067 nemo
383 997 592 1064 Democritum
619 995 808 1076 octogesimo
836 993 941 1076 quinto
976 993 1081 1056 aetatis
1108 1013 1187 1058 anno
1210 997 1275 1073 jem
1302 995 1384 1060 vitae

269 1130 391 1176 usuram
412 1106 548 1170 amisisse
568 1103 679 1185 prodit
711 1103 759 1164 D'e
774 1101 893 1183 reliquo
914 1101 979 1165 Joa
1000 1102 1136 1180 TaetzeS,
1157 1109 1189 1164 et
1205 1101 1383 1184 Suidas⁵⁹),

270 1220 383 1286 ubido
411 1212 606 1297 Hippocratis
635 1217 734 1274 morte
760 1217 861 1292 egunt,
888 1229 980 1274 unum
999 1211 1205 1275 mnmmmodo
1223 1231 1384 1275 numerum

270 1335 413 1414 quattuor
431 1331 462 1387 et
486 1328 607 1385 centum
628 1339 776 1383 annorum
795 1324 1040 1381 commemorant

353 1431 493 1513 Denique
522 1428 635 1494 Plinius
653 1425 705 1508 ⁶⁰)
744 1425 783 1488 de
807 1426 974 1488 Democriti
999 1433 1029 1489 et
1054 1427 1250 1509 Hippocratis
1283 1434 1383 1492 aetate

269 1544 345 1606 laec
363 1541 468 1602 refert:
491 1537 692 1619 „plenumque
712 1533 850 1597 miraculi
872 1541 902 1596 et
915 1533 982 1612 hoe,
1003 1535 1116 1615 pariter
1135 1543 1278 1619 utrasque
1299 1545 1382 1601 artas

270 1649 471 1723 effloruissse,
501 1644 678 1706 medicinam
707 1643 776 1706 dico
806 1642 1019 1725 megieenque,
1049 1644 1154 1706 eadem
1182 1651 1278 1706 aetate
1299 1645 1383 1708 illam

268 1759 471 1839 Hippocrate,
500 1754 578 1814 hanc
596 1751 774 1814 Democrito
796 1750 1028 1830 illustrantibus,
1047 1752 1129 1814 circa
1146 1751 1384 1834 Peloponnesia·

269 1862 361 1930 οιιιιι6
372 1865 401 1944 Ι)
422 1859 568 1926 Graeciae
586 1857 700 1922 bellum
719 1860 803 1942 quod
821 1866 940 1939 gestum
960 1866 1007 1922 est
1025 1859 1135 1924 accc
1153 1860 1238 1924 orbis
1257 1868 1382 1925 nostrae

269 1971 376 2038 anno.”
428 1973 560 2052 Uterque
586 1967 693 2048 igitur,
723 1967 820 2031 Plinio
844 1967 964 2048 judice,
989 1967 1122 2052 aequalis
1148 1968 1205 2032 luit
1234 1991 1270 2033 ac
1299 1971 1384 2033 eirea

269 2081 382 2146 bellum
411 2075 700 2158 Peloponnesiacum
727 2075 837 2139 floruit
883 2077 950 2140 Hoc
977 2077 1144 2158 posterius,
1174 2078 1231 2140 etsi
1250 2097 1311 2141 non
1335 2079 1383 2140 di-

269 2197 361 2266 serte,
385 2193 465 2250 tecte
493 2193 594 2248 tamen
620 2183 701 2247 dicit
749 2184 907 2247 Postremo
932 2184 1014 2264 apud
1032 2183 1253 2268 Aelianum⁶¹)
1273 2187 1385 2268 depre-

269 2297 410 2361 henditur
428 2293 660 2369 narratiuncula,
678 2311 738 2374 qua
760 2291 905 2354 certiores
926 2311 983 2354 nos
1004 2292 1076 2354 lecit
1095 2293 1235 2374 scriptor,
1250 2294 1384 2358 Alexan-

269 2407 358 2470 drum
377 2405 520 2485 Magnum
547 2422 641 2485 quum
663 2400 781 2463 audiret
807 2400 1013 2464 Democritum
1038 2400 1069 2462 in
1097 2401 1276 2483 quibusdam
1294 2401 1383 2466 libris

268 2513 400 2577 infinitos
419 2511 548 2574 mundos
568 2517 710 2585 statuere,
731 2507 906 2586 indoluisse,
928 2509 1010 2591 quod
1028 2509 1126 2572 adhuc
1146 2529 1185 2571 ne
1205 2510 1293 2572 unius
1314 2510 1385 2592 qui-

269 2623 338 2686 dem
360 2623 484 2703 ejusque
505 2618 639 2682 omnium
659 2616 827 2680 communis
849 2617 946 2678 lactus
967 2625 1047 2680 esset
1068 2617 1247 2695 dominator,
1268 2620 1386 2682 Demo-

269 2731 377 2794 critum
403 2747 478 2792 vero
505 2728 576 2790 idco
605 2725 812 2788 Alexandrum
839 2723 990 2788 derisisse.
1040 2725 1158 2789 Aeliani
1179 2726 1271 2788 verba
1291 2733 1384 2790 mmt:
1475 2721 1476 2754 r

270 2836 306 2900 cd
326 2835 383 2920 γὰρ
403 2825 538 2918 διἰναροι
560 2833 678 2896 πείθειν
700 2829 844 2916 ἐμαυτόν,
867 2831 908 2914 μὴ
931 2833 1023 2916 γελᾷν
1047 2832 1097 2896 ἐπ’
1119 2832 1314 2918 Ἀλεξάνδρῳ
1335 2837 1385 2920 τῷ

269 2943 433 3020 Φιλίππου,
457 2940 520 3026 εἴγε
548 2939 694 3025 ἀπείρους
723 2938 845 3004 ἀκούων
874 2939 957 3003 εἶναί
976 2963 1058 3011 τινας
1075 2941 1217 3026 κόσμους,
1238 2939 1388 3024 λέγοντος

266 3079 468 3096 ...-.
1320 3047 1386 3134 dp-

339 3157 380 3221 ·⁸)
402 3159 504 3210 Auctor
523 3159 595 3210 vitoe
618 3157 815 3223 Hippocrateae
844 3158 917 3210 Torn.
934 3159 964 3214 ll.
989 3172 1063 3224 oper.
1092 3158 1217 3224 Hippoor.
1240 3158 1281 3212 ed
1304 3159 1385 3210 Lind.

268 3253 327 3305 pag.
345 3236 404 3290 951.
419 3239 463 3292 vel
480 3253 539 3304 pag.
558 3236 625 3292 1297
645 3240 686 3292 ed.
704 3241 783 3293 Foes:
800 3235 921 3292 ίτιλιίιτα
939 3235 967 3290 dl
987 3235 1057 3309 παρὰ
1075 3233 1251 3309 Λαρισσαίοις,
1272 3233 1315 3289 ὅτι
1335 3241 1385 3292 καὶ

267 3315 429 3389 Δημόκριτοι
454 3318 557 3391 piparas
580 3317 745 3393 τελευτήσας.
794 3314 847 3374 Καὶ
866 3316 891 3373 ol
910 3316 957 3387 pls
977 3317 1133 3390 ίντνήιιοντα
1147 3318 1223 3384 ίτῶν,
1243 3317 1267 3371 ol
1285 3317 1314 3372 dl
1335 3319 1385 3374 αι’

268 3399 356 3472 φασίν,
376 3397 450 3450 ἄλλοι
469 3395 517 3470 pt',
532 3397 599 3456 τινὲς
619 3395 667 3470 pt'.

346 3491 387 3556 ⁸⁸)
407 3492 516 3542 Tzctzes
536 3491 599 3542 Chii.
617 3491 670 3544 vn.
695 3493 754 3544 hist
777 3487 834 3543 155.
858 3503 928 3542 vers.
945 3487 1003 3542 970.
1022 3505 1082 3556 pag.
1100 3489 1159 3544 277.
1178 3493 1219 3545 ed.
1241 3493 1386 3560 lliessling.

892 3569 990 3641 ἔγραψε
1008 3570 1036 3626 ll
1056 3570 1143 3642 βιβλία

469 3643 535 3720 Τρία
557 3664 585 3700 τι
603 3649 648 3702 acl
664 3648 835 3722 πεντήκοντα.
871 3649 928 3703 σῖτα
946 3652 991 3704 ναὶ
1010 3650 1116 3724 retrorsi
1138 3651 1166 3704 tt

464 3725 549 3782 Ἐτῶν
570 3726 694 3803 ὑπάρχων
721 3727 813 3782 ἑκατὸν
833 3727 901 3798 ὁμοῦ
918 3747 946 3783 τι
966 3731 1011 3784 καὶ
1031 3734 1175 3806 τεσσάρων.

150 3849 153 3856 .
266 3811 363 3864 Suides
380 3825 406 3863 ν.
420 3806 611 3883 Ἱπποκράτης·
637 3811 797 3882 κατέστρεψε
819 3808 863 3862 τὸν
884 3809 939 3882 βίον
958 3811 1083 3866 ίνιαοτῶν
1101 3813 1214 3887 γεγονὼς
1235 3809 1256 3865 δ’
1281 3813 1329 3868 καὶ
1352 3814 1387 3887 p',
1472 3827 1473 3854 ι

266 3891 312 3945 nol
326 3887 452 3944 τέθαπται
472 3891 498 3944 ίν
518 3887 633 3965 Λαρίσσῃ
648 3895 694 3964 τῆς
713 3889 866 3950 θισσαλίας.
1472 3867 1473 3925 ί

337 3985 378 4050 ⁸⁰)
397 3985 460 4036 Plio.
475 3985 540 4038 llist
561 3987 618 4037 Nat
636 3987 679 4038 lib.
696 3987 770 4037 xxx.
790 3999 812 4036 o.
829 3985 858 4038 ll.
879 3985 921 4038 ed
939 3985 1030 4038 Franz.
1048 3987 1080 4049 (o.
1101 3987 1118 4038 1.
1140 3987 1200 4039 edd.
1217 3989 1292 4050 velt)

336 4078 376 4141 ⁸¹)
396 4075 487 4129 Annus
507 4077 542 4130 ab
556 4093 581 4128 u.
598 4091 621 4129 o.
641 4075 693 4130 ³00
710 4077 858 4141 respondet
878 4091 948 4129 enno
975 4081 1038 4130 ante
1058 4079 1117 4130 Clrr.
1137 4074 1188 4130 tot
1213 4081 1256 4131 vel
1278 4081 1317 4134 Ol.
1338 4080 1387 4148 81,

265 4155 298 4223 ὃς
317 4159 366 4210 sed
387 4163 443 4210 tum
459 4157 558 4211 bellurn
574 4159 828 4228 Peloponnesiacum
847 4159 967 4212 nondum
985 4159 1137 4226 gerebatur.

336 4252 376 4317 ”l
395 4249 494 4304 dolien.
513 4263 569 4304 ver.
587 4251 647 4305 ms't
674 4251 718 4306 lib.
736 4251 777 4304 lv,
803 4261 826 4303 c.
843 4247 884 4305 29.
