2984 4876
240 337 250 350 y,
289 272 354 340 240
622 269 819 334 θιεεειὺοιιιι
836 271 1068 332 mustum

225 439 348 512 μασιν
371 433 556 524 συμβέβηκε.
598 431 645 500 Τὰ
667 433 702 498 ὑλ
725 431 757 498 έν
778 435 842 504 τοῖς
864 433 964 520 ὄρεσιν
986 433 1059 500 ὄντα
1076 439 1138 500 τῶν
1159 437 1278 504 ὑδα’των
1300 439 1342 524 μὴ
1367 440 1404 504 τὸ

291 545 366 610 αὑτὸ
387 545 527 630 πάσχειν,
551 542 602 606 διὰ
623 541 657 606 τδ
678 542 720 627 μὴ
744 538 784 604 δι’
816 541 891 626 δλης
914 545 967 626 τῆς
992 541 1110 629 ἡμέρας
1133 543 1343 630 ἐκπυροῦσθαι
1364 551 1405 630 τῇ

290 651 396 731 ἀκτῖνι,
418 651 469 714 καλ
487 647 666 733 κεκλιμένην
690 649 795 718 αὑτοῖς
811 649 863 712 καὶ
886 648 927 733 μὴ
952 649 1053 734 βιαίαν
1072 654 1276 736 προςπίπτειν.
1300 647 1402 716 'ouo

289 760 327 824 τσλ
348 759 425 843 πρὸς
451 756 559 844 ι’ίρκτον
590 755 702 843 έχοντα
726 754 781 826 τὰς
804 756 918 825 κλίσεις
947 755 1134 842 εὑιιδρὺτερα
1162 763 1222 823 τῶν
1251 761 1328 845 πρὸς
1350 784 1402 846 με·

290 867 441 954 σημβρίαν
463 863 650 950 κεκλιμένων
680 864 912 949 ὑποφαίνονται,
941 863 992 928 καί
1015 862 1051 928 τὰ
1074 866 1150 952 πρὸς
1171 866 1321 937 ἀνατολὰς
1348 870 1403 932 καλ

292 975 419 1059 διισμιίς,
438 969 534 1058 ἧσσον
563 971 618 1056 μλν
645 975 705 1034 τῶν
727 971 804 1055 πρδς
834 969 955 1056 ἄρκτον,
984 971 1091 1034 πλεῖον
1114 973 1150 1037 δὲ
1169 977 1228 1038 τῶν
1248 974 1324 1058 πρδς
1348 997 1400 1058 με-

292 1081 442 1166 σημβρίαν
469 1075 667 1164 κεκλιμένων,
695 1078 747 1143 καλ
773 1077 811 1141 rei
841 1077 940 1141 δασέα
967 1081 1027 1142 τῶν
1056 1081 1153 1164 ψιλῶν
1187 1081 1237 1144 διὰ
1260 1081 1294 1144 τδ
1316 1086 1400 1148 σκιά-

224 1187 407 1264 secanae
449 1183 513 1256 Τὺς
532 1185 568 1249 δέ
597 1184 751 1270 ὑπωρείας
778 1185 894 1268 μᾶλλον
915 1183 1088 1270 καδὺδροιις
1109 1186 1188 1252 εἶναι
1209 1189 1259 1252 διδ
1282 1190 1316 1253 ab
1344 1191 1399 1274 τὴν

293 1293 391 1381 φορὰν
414 1295 458 1364 εἰς
475 1293 509 1358 τδ
530 1293 612 1356 κάτω
637 1290 730 1377 μέρος
750 1296 814 1362 τοῖς
837 1292 942 1355 ὑδασιν
967 1291 1054 1370 εἶναι,
1084 1295 1134 1358 καλ
1157 1297 1342 1379 συναίρεσθαι
1361 1299 1400 1364 τὰ

290 1400 351 1465 ἀπὸ
371 1405 432 1466 τῶν
453 1401 580 1485 ὑψηλῶν
602 1400 645 1469 είς
663 1399 697 1462 rb
718 1398 871 1476 ταπεινόν,
892 1399 944 1464 καλ
957 1399 1015 1464 ὑπδ
1038 1401 1091 1470 τὰς
1112 1401 1195 1486 ῥίζας
1206 1409 1266 1468 τῶν
1286 1403 1397 1490 ὀρέων.

224 1503 379 1579 δ’ίιὍὺεν
407 1507 459 1572 καὶ
485 1506 540 1576 τὰς
565 1506 710 1575 πλείστας
733 1508 832 1591 πηγὰς
856 1507 907 1570 καὶ
934 1508 1075 1592 μεγίστας
1100 1507 1132 1570 έν
1161 1515 1224 1579 τοῖς
1249 1511 1400 1584 τοιοὺτσις

288 1615 393 1684 τὺποις
405 1616 563 1700 ὑπάρχειν,
577 1611 609 1678 έν
631 1613 677 1684 οἷς
698 1615 901 1700 ὑπσρκείμενσί
919 1612 997 1679 έστιν
1016 1614 1073 1700 ὅρη
1089 1617 1273 1701 μεγάλακαὶ
1293 1619 1399 1704 ὑψηλὰ

288 1725 340 1790 καλ
361 1723 469 1800 δασέα,
499 1719 611 1806 ἔχοντα
637 1721 762 1791 κοίλους
788 1722 839 1786 καλ
866 1723 1079 1807 φαραγγώδεις
1099 1723 1221 1794 τὺποσς.
1261 1723 1316 1790 Ἐν
1337 1728 1397 1814 γὰρ

289 1835 353 1900 τοῖς
378 1829 527 1898 τοιούτοις
552 1827 623 1898 τοὺς
650 1827 720 1894 κατ’
747 1827 816 1898 ἔτος
840 1828 1066 1914 συναγομένους
1091 1829 1227 1916 ὄμβρους
1253 1833 1306 1896 καλ
1334 1834 1397 1920 διη.
1478 1903 1479 1908 ¹

223 1937 458 2023 ιδιὺοομένοος
477 1933 555 2000 κατὰ
576 1937 632 2018 γῆς
658 1933 712 2005 τὰς
738 1936 839 2019 πηγὰς
864 1934 976 2008 αὑΕειν.
1025 1933 1101 2001 Τινιλ
1132 1937 1166 2001 δὲ
1194 1943 1255 2003 τῶν
1276 1941 1399 2008 ὑδάτων
1478 1933 1479 1968 λ

284 2045 369 2131 παρὰ
394 2043 506 2112 ταὺτας
534 2041 588 2126 μὲν
617 2041 671 2112 τιλς
699 2041 853 2125 ὑπωρείας
882 2041 923 2126 μὴ
957 2042 1074 2130 ἐκφανῆ
1097 2046 1245 2129 γίνεσθαι,
1266 2053 1396 2136 ποιησά.

286 2175 364 2240 μενα
384 2151 419 2216 δέ
444 2149 505 2220 έως
529 2151 609 2221 τινδς
634 2147 793 2234 ὑποφοριλν
819 2148 898 2212 κατὰ
922 2153 988 2234 γῆς,
1014 2151 1114 2223 οὑτως
1139 2155 1183 2224 είς
1202 2156 1237 2219 rb
1261 2159 1395 2242 φανερδν

1349 2264 1395 2328 ἐκ·

283 2480 355 2543 dum
377 2477 465 2540 etiam
486 2476 561 2538 meri
590 2475 751 2556 contingat.
800 2474 842 2537 At
866 2494 929 2538 non
950 2476 1028 2539 idem
1052 2481 1198 2542 montium
1220 2481 1306 2565 aquis
1327 2502 1395 2546 evo-

282 2587 356 2662 nire‚
377 2585 489 2667 quippe
519 2601 595 2666 quae
617 2602 679 2645 non
707 2603 763 2664 per
783 2589 880 2646 totum
911 2584 988 2648 diem
1013 2587 1086 2650 solis
1108 2589 1199 2651 radiis
1222 2597 1393 2666 exurantur,

285 2703 315 2756 et
336 2692 374 2754 sd
397 2709 472 2773 quas
495 2689 628 2752 inclinati
649 2709 706 2752 nec
733 2688 880 2752 violenter
901 2691 1047 2757 accidant.
1090 2697 1175 2758 Unde
1200 2696 1289 2759 etiem
1309 2717 1394 2760 mou-

284 2809 330 2865 tes
364 2800 404 2862 ad
436 2796 671 2877 septentrionem
700 2797 828 2859 inflexos
857 2796 894 2859 iis
927 2800 978 2881 qui
1009 2803 1048 2863 ad
1079 2803 1233 2865 meridiem
1266 2812 1393 2885 vergunt
1477 2813 1478 2816 ’

283 2906 461 2990 aquosiores
480 2923 547 2968 esse
573 2910 716 2982 statuunt,
741 2904 873 2986 itemque
902 2925 1008 2970 versus
1036 2910 1181 2973 orientem
1204 2918 1235 2974 et
1253 2913 1392 2975 occiden-

283 3023 344 3080 tem
369 3015 444 3078 sitos
470 3011 568 3074 minus
595 3012 716 3093 quidem
746 3031 881 3093 aquosos
910 3015 1145 3094 septentrionem
1178 3019 1390 3098 spectantibus,

283 3121 378 3202 inagis
400 3126 501 3183 autem
522 3119 560 3180 ad
583 3119 737 3181 meridiem
759 3118 916 3196 inclinatis,
938 3127 968 3182 et
986 3121 1097 3186 densos
1117 3124 1276 3189 arboribus
1296 3127 1390 3206 magis

270 3247 415 3312 ¹aquosos
434 3247 523 3309 quam
551 3225 664 3302 nudos,
693 3227 834 3308 qnoniam
866 3219 1093 3294 obumbreutur.
1136 3235 1297 3296 Caeterum
1317 3235 1389 3296 imas

280 3334 426 3396 montium
460 3342 561 3413 partes
590 3335 684 3415 magis
711 3352 841 3417 aquosas
874 3354 956 3410 esse,
990 3344 1153 3418 propterea
1182 3340 1265 3423 quod
1293 3361 1389 3424 aquae

281 3441 424 3502 deorsum
445 3441 579 3504 terantur
597 3449 628 3504 et
649 3459 725 3524 quae
746 3439 864 3502 inultis
885 3441 963 3505 locis
983 3444 1051 3521 sint,
1074 3446 1113 3507 ad
1132 3447 1260 3510 humiles
1283 3455 1313 3510 et
1334 3450 1389 3510 sub

281 3546 362 3628 ipses
390 3548 538 3612 montium
569 3549 686 3612 radices
720 3557 950 3630 congregentur.
993 3554 1066 3616 tude
1094 3552 1168 3628 fieri,
1199 3561 1234 3616 ut
1267 3553 1389 3635 plurimi

279 3651 459 3734 maximique
479 3655 578 3718 tontes
593 3657 624 3718 in
643 3656 792 3736 ejusmodi
807 3656 980 3737 regionibns
1002 3667 1126 3736 exstent,
1147 3660 1255 3741 quibus
1270 3669 1388 3724 montes

278 3760 378 3841 magni
396 3759 508 3844 altique
537 3783 573 3827 ac
600 3765 687 3828 densi
714 3763 791 3826 locis
817 3767 959 3828 concavis
986 3774 1016 3828 et
1047 3767 1237 3846 voraginosis
1256 3769 1388 3850 insignes
1476 3843 1477 3848 ρ

279 3869 547 3951 σιιρσιίιισιιὺαιιιεε
573 3871 770 3951 reperiantur.
818 3873 852 3934 lu
881 3872 991 3936 talibus
1016 3873 1095 3935 enim
1124 3873 1236 3937 imbres
1261 3896 1318 3957 per
1338 3897 1388 3940 an·
1476 3901 1477 3920 ι

278 3996 350 4039 anm
382 3977 529 4040 collectos
560 3983 649 4058 etque
678 3979 709 4040 in
741 3984 852 4040 terram
891 3985 1098 4058 penetrantes,
1134 3981 1234 4046 tontes
1265 4003 1387 4064 augere.

278 4085 431 4164 Quasdam
453 4103 528 4148 vero
554 4103 648 4167 aquas
677 4085 759 4148 cirea
787 4086 840 4148 has
869 4085 942 4148 imas
964 4085 1110 4150 montium
1132 4097 1234 4169 partes
1254 4109 1315 4152 non
1335 4109 1387 4170 ap-

1334 4216 1386 4275 ns·
1476 4197 1477 4212 '
