2892 4872
355 326 439 382 Liber
459 325 494 382 II.
526 326 568 383 Da
585 329 735 387 Democriti
754 332 874 406 acrIptia.
1113 341 1171 409 155

140 492 195 571 58)
218 489 293 576 llepl
313 491 500 578 ζωγραφίης.

88 657 92 665 .
138 601 194 678 59)
217 597 375 664 Τανιτικόν.

136 710 193 788 60)
209 703 455 796 Ὁπλομαχικόν.

376 909 418 960 Dli
439 909 581 962 SCRIPI'IS
607 909 843 966 SUPPOSITITIIS.

132 1023 260 1088 Praeter
283 1045 321 1088 ea
344 1013 382 1088 de
401 1025 512 1110 quibus
530 1025 627 1088 locuti
648 1043 762 1102 sumus,
781 1030 895 1110 scripta
907 1030 1010 1096 nullus
1022 1035 1166 1116 collibet,
1298 1107 1300 1112 ,

60 1147 137 1209 quem
165 1133 205 1195 ad
234 1133 446 1196 Democritum
476 1139 633 1197 auctorem
661 1133 776 1196 referre
798 1135 896 1200 liceat
940 1145 1027 1222 Quae
1046 1141 1165 1206 euima

59 1239 199 1304 nonnullis
221 1243 408 1323 philosopho
424 1241 597 1304 tribuuntur
618 1242 893 1323 commentationes,
915 1265 969 1309 eae
991 1255 1043 1311 aut
1063 1250 1166 1329 genui·
1196 1253 1201 1268 '

59 1363 156 1412 norum
177 1369 311 1432 operum
334 1356 437 1431 partes
458 1356 527 1412 suut
545 1356 598 1412 aut
608 1349 735 1426 Nostro,
757 1355 793 1412 ut
813 1351 856 1413 ait
865 1353 1093 1438 Diogenes‚'⁴)
1114 1358 1167 1421 ale

55 1452 234 1528 judicandae.
280 1460 385 1521 Partes
406 1457 555 1522 librorum
575 1456 841 1522 Democriteomm
862 1459 894 1521 iu
914 1463 1165 1541 praecedentibus

59 1559 149 1638 piures
173 1565 357 1630 nomvimnn.
407 1565 546 1628 Vidimus
576 1565 665 1628 ctiam
695 1565 727 1626 iu
751 1565 812 1629 hoc
839 1584 950 1647 genere
971 1570 1164 1652 antiquorum

59 1671 270 1754 negligentiam,
297 1677 350 1760 qui
378 1695 442 1740 non
468 1694 590 1756 semper
615 1680 757 1738 accurate
777 1672 928 1738 librorum
947 1677 1163 1761 inscriptiones

59 1776 143 1858 citant,
167 1785 225 1848 sed
249 1796 312 1848 non
341 1803 411 1848 raro
434 1785 557 1848 s'ensum
583 1782 678 1864 magu
706 1801 796 1865 quam
820 1782 915 1846 verba
939 1785 1098 1852 titulorum
1116 1808 1163 1852 re·

58 1885 183 1964 spiciunt
228 1891 279 1956 Αο
301 1891 500 1974 probabiliter
517 1891 686 1972 explicasse
705 1889 795 1952 nobis
817 1889 956 1955 videmur
974 1893 1063 1958 iniis
1085 1917 1162 1980 quae

59 1997 184 2074 Superius
206 2001 292 2064 dicta
312 2007 383 2064 sunt
403 2001 441 2062 de
459 1999 610 2080 Thrasylli
629 1997 769 2078 catalogo
790 2017 989 2081 quaecuuque
1010 2001 1081 2064 alibi
1098 2003 1163 2068 lau-

59 2097 153 2166 dantur
180 2107 334 2172 librorum
360 2108 460 2188 elogia
488 2108 519 2170 in
540 2105 593 2169 Illo
614 2105 713 2168 indice
739 2125 802 2168 non
822 2106 921 2184 obvia,
950 2105 1026 2192 Περὶ
1045 2107 1162 2190 τέλους,

55 2197 221 2297 Ἵόοὓῆκαι,
248 2213 324 2300 Περὶ
354 2215 453 2292 ἰδεῶν,
478 2209 623 2282 Κανόνας.
674 2214 766 2275 Νοιιο
793 2214 831 2274 de
850 2213 886 2276 iis
906 2217 1095 2300 uactoudum
1116 2227 1163 2282 est

58 2308 129 2381 libris
157 2326 209 2407 qui
234 2323 312 2387 lalso
335 2323 529 2386 ascribuntur
548 2322 735 2384 Democrito.
778 2321 859 2384 Sunt
878 2328 994 2384 autem:

130 2431 161 2509 1)
182 2431 223 2495 τὰ
244 2429 422 2516 Σοφιστικοὶ.
463 2431 544 2493 Nam
566 2430 710 2492 mendose
729 2428 809 2509 apud
831 2429 979 2492 Galeuum
997 2450 1023 2492 c.
1047 2433 1065 2492 5
1086 2433 1161 2494 scri-

59 2537 130 2606 ptum
155 2546 202 2602 est
226 2536 418 2622 Δημόκριτος
445 2537 477 2601 ἐν
508 2541 572 2605 τοῖς
603 2539 790 2620 σοφιστικοῖς
810 2557 868 2617 pro
886 2533 1107 2619 Ὀνομάκριτος
1128 2538 1159 2602 ἐν

59 2641 111 2708 τοῖς
121 2639 291 2733 Ὀρφικοῖς.
334 2646 382 2710 ct.
404 2647 486 2710 Sext
508 2646 622 2726 Empir.
646 2663 715 2726 pag.
741 2644 800 2706 135
823 2649 855 2707 et
875 2647 937 2708 620
960 2643 1006 2706 ed.
1028 2646 1117 2708 Fabr.

128 2750 360 2834 ἳγΕπισιολαί.
387 2757 435 2816 De
453 2755 500 2818 his
510 2756 574 2835 jam
587 2751 783 2818 dissentimus
797 2753 855 2816 sub
868 2753 959 2814 linem
974 2751 1045 2814 libri
1059 2753 1159 2832 primi,

59 2849 154 2921 Suidae
173 2862 281 2926 locum
300 2867 400 2924 numm
422 2881 447 2924 s.
466 2881 494 2925 ν.
523 2858 715 2944 Δημόκριτος
735 2859 792 2923 hac
813 2859 844 2922 iu
865 2880 900 2924 re
921 2861 1086 2926 notabilem
1108 2885 1160 2927 ex-

60 2959 283 3050 phaedonem
308 2969 496 3049 praelatione
516 2969 606 3048 huJus
625 2967 706 3030 libri.

129 3077 161 3158 3)
181 3075 279 3141 laio
308 3077 345 3138 de
366 3079 401 3140 αι’
425 3085 458 3138 ct
479 3085 599 3139 namra
626 3074 878 3154 chamaeleonte,
907 3096 998 3158 quem
1020 3097 1040 3140 a
1060 3077 1158 3141 Plinio

59 3183 106 3238 nti
134 3184 207 3249 hist
228 3185 382 3263 XXVIII,
412 3188 452 3249 18
481 3184 657 3247 Democrito
679 3183 862 3260 attributum,
884 3184 944 3245 hoc
975 3185 1158 3267 philosopho

61 3281 132 3358 plane
145 3274 301 3375 Indignum
318 3301 407 3378 atque
428 3293 456 3356 ei
477 3292 668 3374 suppositum
680 3309 747 3354 esse
766 3289 915 3352 existimat
928 3291 1045 3356 Gellius
1063 3301 1157 3358 nocti.

61 3395 100 3454 lli
119 3397 159 3477 X,
182 3403 233 3467 to.
273 3401 353 3464 Vide
374 3421 467 3483 supra
487 3401 531 3464 tit.
553 3401 603 3464 31.

130 3508 161 3588 l)
183 3509 363 3575 commerata
386 3511 462 3572 Bolo'
487 3507 650 3572 Mendesii.
693 3507 741 3568 Dc
768 3503 816 3567 his
837 3503 1006 3568 Columella
1028 3507 1080 3571 lib.
1103 3511 1156 3572 Vll

61 3619 114 3685 cap,
136 3616 170 3678 5:
196 3618 279 3696 „Sed
301 3618 470 3699 Aegyptiae
491 3616 588 3698 gentis
607 3619 714 3678 auctor
733 3613 947 3690 memorabilis,
965 3615 1061 3678 Bolus
1074 3618 1157 3679 Ilien-

61 3709 154 3799 Iasius,
176 3728 263 3806 cujus
292 3733 477 3803 commenta,
498 3745 575 3807 quae
595 3721 786 3804 appellantur
807 3723 924 3784 Graece
945 3721 1156 3808 ὑπομνήματα,

60 3821 106 3883 sub
125 3833 242 3895 nomine
264 3833 434 3896 Democriti
457 3833 534 3896 Iolao
558 3831 730 3913 produntur
751 3828 833 3894 etc.”

62 3993 244 4026 5—-

120 4109 155 4174 ¹⁴)
172 4115 245 4182 Diog.
265 4115 352 4164 Lucri.
373 4113 413 4176 lx,
431 4109 479 4164 In:
511 4107 552 4165 'l'd
578 4107 604 4162 d’
629 4105 697 4160 ἄλλα
717 4104 766 4161 ὅσα
783 4107 849 4168 τινὲς
866 4107 1036 4182 ἀναφέρουσιν
1054 4109 1090 4171 εἰς
1111 4109 1155 4164 cln-

62 4175 150 4336 Ξὲντφιφά
173 4195 218 4262 μιν
240 4193 270 4248 la
287 4197 340 4245 τῶν
365 4190 446 4248 αὑτοῦ
466 4187 654 4256 intercalaretur,
678 4187 711 4242 cd
731 4187 758 4241 d’
785 4187 1004 4262 ὁμολογουμένως
1026 4189 1093 4246 ἐστὶν
1112 4191 1156 4248 ἀλ-
