2938 4864
291 279 356 348 Μ
623 280 820 344 timum
838 279 1074 336 nomentan·

294 447 405 510 ailatim
425 448 565 528 probant.
608 449 653 512 lta
675 453 838 512 stammam
859 451 1019 529 antequam
1039 445 1217 510 Bnrclrardo
1238 447 1318 509 idem
1341 447 1404 528 pla·

296 555 395 618 cuissc
417 557 535 620 scirem.
587 559 615 620 ls
641 556 721 618 idem
747 553 938 630 vocabulum,
963 557 1052 634 cujus
1078 561 1236 636 praeterea
1255 555 1404 617 neminem

296 665 367 726 nori
388 672 543 729 auctorem
564 673 647 728 reete
667 662 786 727 videtur
807 667 837 722 et
856 661 928 722 olibi
940 661 1116 724 Democrito
1134 663 1310 740 restituisse,
1324 665 1405 744 apud

296 772 690 849 Stob.F10r.-xnttl‚45:
721 767 859 853 τοσούτῳ
889 770 1006 852 μᾶλλον
1039 767 1074 832 ἂν
1104 767 1235 852 ἀκηδέες
1256 769 1407 852 γίγνονται

297 880 349 941 ubi
370 879 443 942 nihil
471 882 645 944 mutandum
674 887 721 942 est
747 877 805 942 nisi
834 875 869 940 ἂν
890 875 1021 959 ἀκηδέες
1041 877 1072 940 in
1094 874 1273 960 ἀνακηδέες.
1327 879 1407 940 Vide

297 989 375 1050 intra
394 989 505 1068 ¹fragm.
532 989 604 1050 ert.
654 987 820 1052 llcerenius
841 987 906 1064 jam
935 983 1051 1068 ἀλογέῃ
1086 985 1180 1050 edidit
1213 1005 1270 1065 pro
1296 982 1407 1068 ἀλοῃῧ,

297 1097 377 1158 idem
398 1115 415 1158 e
434 1095 531 1159 Codd.
553 1097 591 1158 V.
610 1095 646 1158 Α.
666 1097 700 1158 R
724 1090 798 1177 ἔρδῃ
821 1091 948 1174 protulit
970 1112 1028 1172 pro
1051 1088 1139 1176 ἔρσρ.
1175 1091 1337 1162 ¹Posterius
1359 1093 1408 1155 de·

298 1205 421 1267 tendere
442 1204 557 1268 studuit
583 1202 726 1279 Orellins,
754 1199 909 1264 Abderitis
937 1198 1091 1280 peculiare
1117 1199 1211 1264 luisse
1228 1201 1407 1264 existimans.

297 1311 339 1374 At
357 1331 536 1395 quamquam
556 1308 635 1392 ὀόρή
666 1315 697 1371 et
723 1306 816 1390 ὀσρή,
842 1304 929 1392 ἴδριν
960 1317 992 1372 et
1017 1304 1104 1390 iopen
1134 1313 1224 1388 atque
1245 1308 1304 1370 alie
1322 1309 1409 1371 alter-

298 1426 380 1496 naut,
410 1419 448 1481 de
475 1418 583 1500 quibus
610 1417 680 1479 vide
709 1417 805 1479 Korn.
830 1416 869 1477 ad
894 1417 985 1496 Greg.
1007 1435 1037 1496 p.
1061 1415 1132 1492 589,
1160 1420 1258 1476 umen
1280 1412 1356 1500 ἕρσῃ
1380 1419 1407 1478 in

299 1534 414 1590 textum
434 1545 579 1588 revocure
597 1544 659 1587 non
675 1523 811 1588 sustinui
852 1523 932 1586 Male
951 1522 1105 1604 vulgatum
1125 1529 1171 1584 est
1192 1543 1249 1604 pro
1266 1523 1406 1608 ἀτερτείη

299 1636 338 1697 ab
356 1631 507 1696 lleerenio
531 1629 665 1716 ἀτερπέα
687 1629 754 1714 εἴη,
782 1631 865 1715 quod
894 1630 1000 1694 vitium
1021 1631 1209 1694 retinuerunt
1226 1631 1361 1695 Orellius
1381 1638 1410 1694 et

300 1740 505 1816 Burchardus,
525 1739 596 1801 licet
619 1739 668 1801 hic
690 1739 818 1802 fateatur
844 1738 1011 1819 optativum
1032 1741 1105 1802 terri
1125 1759 1188 1802 non
1209 1758 1310 1819 posse.
1355 1743 1412 1804 lta-

301 1869 361 1932 que
381 1848 531 1928 flagitante
560 1865 651 1910 seusu
681 1846 826 1928 rescripsi
845 1845 980 1929 ἀτερπέα
1001 1847 1074 1924 ἐστί,
1104 1847 1161 1910 etsi
1189 1867 1256 1914 non
1280 1847 1413 1910 diffiteor

301 1955 456 2041 ἀτερπείη,
474 1955 502 2018 si
522 1973 581 2036 pro
601 1955 788 2018 substantivo
809 1953 941 2034 accipias
955 1956 1134 2018 esculentia
1155 1974 1216 2018 uon
1235 1975 1302 2017 esse
1325 1975 1415 2035 pror-

301 2085 353 2128 sus
385 2063 524 2126 alienum.
576 2061 618 2124 At
650 2062 741 2124 dubia
772 2081 822 2124 res
854 2067 907 2124 est.
960 2063 1100 2146 Denique
1127 2082 1185 2144 pro
1217 2059 1308 2124 αὐτόν
1330 2073 1415 2126 recte

302 2173 400 2236 Godrl.
421 2173 458 2234 V.
476 2171 513 2234 A.
534 2172 569 2234 E.
591 2191 639 2251 ap.
662 2171 751 2232 Heer.
774 2165 890 2231 ἑωυτόν
909 2169 1058 2234 exhibent.

389 2281 459 2343 119.
499 2277 718 2340 Valckenarius
741 2277 779 2338 ad
804 2276 908 2358 Eurip.
933 2276 1090 2357 llippolyt
1111 2298 1139 2343 ν.
1165 2281 1222 2342 191
1245 2299 1274 2359 p.
1300 2281 1360 2342 181
1385 2281 1416 2340 οἱ

303 2388 358 2472 μὲν
381 2387 441 2468 legi
465 2385 530 2449 vult
547 2404 605 2467 pro
628 2380 713 2460 ἔνιοι,
745 2405 835 2467 quam
864 2385 1103 2447 emendationem
1129 2387 1161 2448 io
1186 2393 1270 2449 textu
1294 2389 1416 2466 posui&

175 2555 185 2564 .
302 2516 376 2574 sem,
400 2495 459 2558 nisi
485 2493 538 2554 has
561 2491 827 2554 Democriteomm
855 2511 983 2574 operum
1010 2493 1152 2576 reliquias
1173 2513 1265 2574 saepe
1285 2493 1416 2574 vulgari.

301 2604 360 2667 bus
378 2599 640 2684 grammaticorum
662 2599 833 2680 praeceptis
855 2601 1006 2664 contraria
1026 2602 1181 2665 continere
1193 2603 1310 2664 scirem.
1341 2603 1418 2666 Vul-

301 2710 437 2793 gavimus
457 2707 565 2793 φύσιος
586 2727 644 2788 pro
665 2705 798 2790 φύσεως,
819 2705 971 2791 Ευνειδήσι
982 2727 1041 2788 pro
1059 2709 1241 2792 συνειδήσει,
1261 2714 1419 2794 ταραχῇσι

302 2837 360 2899 pro
382 2818 542 2899 ταραχαῖς,
572 2814 696 2900 ρόβοισι
723 2833 782 2894 pro
808 2810 926 2897 φόβοις,
953 2815 1201 2899 ταλαιπωρέουσι
1229 2837 1287 2897 pro
1310 2819 1418 2878 ταλαι-

303 2927 452 3008 πωροῦσι.
497 2923 609 2986 Eodem
637 2921 784 2985 sententia
812 2921 923 3003 legitur
946 2922 1028 3004 apud
1057 2924 1144 2987 Stob.
1168 2925 1194 2986 F
1195 2924 1253 2987 lor.
1273 2925 1420 3002 XCVlll,

302 3036 341 3095 ol
365 3032 410 3094 sic
431 3031 602 3093 enunciata:
618 3023 772 3095 Ἅπαντες
793 3026 952 3112 ἄνθρωποι
974 3030 1146 3112 συνειδήσει
1167 3033 1220 3112 τῆς
1242 3029 1273 3092 ἐν
1295 3035 1342 3115 τῷ
1359 3031 1419 3116 βίῳ

299 3137 595 3221 κακοτρογροσύνης
613 3135 664 3198 τὸν
686 3138 739 3216 τῆς
756 3135 859 3219 βιοτῆς
879 3135 990 3220 χρόνον
1014 3135 1045 3198 ἐν
1063 3141 1214 3220 ταραχαῖς
1230 3137 1282 3200 καὶ
1305 3137 1420 3223 φόβοις

300 3241 557 3326 ταλαιπωρέουσι,
588 3239 706 3325 ψεύδεα
730 3242 799 3324 περὶ
828 3245 882 3304 τοῦ
911 3241 988 3324 μετὰ
1006 3243 1059 3325 τὴν
1079 3243 1223 3326 τελευτὴν
1248 3243 1421 3326 pollicerer

303 3349 416 3436 φόβου,
438 3351 490 3412 ubi
509 3348 728 3412 Valckenarius
745 3348 766 3412 l.
787 3369 813 3412 c.
842 3355 976 3412 extrema
994 3351 1086 3414 verba
1107 3351 1138 3412 in
1168 3349 1420 3434 ρυθοπλαστέον-

301 3481 350 3526 τες
370 3455 483 3542 χρόνου
506 3455 614 3518 ττιυίοτί
628 3456 729 3535 jussit.

390 3567 457 3627 120.
500 3563 582 3624 Idem
602 3564 799 3644 fragmentum
826 3571 923 3626 exstat
943 3585 990 3646 ap.
1012 3567 1125 3630 Anton.
1147 3575 1177 3628 et
1198 3567 1278 3628 Max.
1300 3587 1331 3646 p.
1355 3571 1420 3630 151

302 3672 405 3735 addito
433 3671 571 3732 lemmate
603 3671 761 3734 Theocriti
785 3673 960 3754 omissoque
988 3673 1083 3736 verbo
1113 3671 1185 3734 ἐστί.
1229 3673 1422 3754 Scripsimus

302 3777 451 3842 ἐπαινέειν
471 3796 528 3858 pro
553 3775 686 3840 ἐπαινεῖν
709 3786 740 3841 et
756 3777 851 3862 ἤθους
871 3800 930 3861 pro
951 3778 1058 3862 ἤθους.

388 3887 456 3948 191.
498 3883 611 3946 Eadem
637 3886 731 3948 verba
760 3887 901 3967 apposito
927 3888 1097 3951 Democriti
1128 3887 1251 3950 nomine
1272 3886 1423 3968 leguntur

299 3993 381 4074 opud
409 3993 574 4054 Stobaeum
602 3992 687 4056 Flor.
709 3995 795 4070 XlV,
820 3997 849 4072 8,
883 3994 941 4057 nisi
973 3995 1056 4076 quod
1084 4003 1237 4077 postrema
1269 3994 1300 4056 iu
1336 3999 1421 4060 lrunc

299 4099 422 4161 modum
444 4099 558 4178 scripte
577 4107 661 4161 sunt:
693 4099 838 4184 κίβδηλον
861 4102 912 4164 καὶ
936 4101 1114 4169 ἀπατεῶνος
1138 4098 1237 4183 ἔργον.
1282 4105 1346 4166 Pro
1367 4102 1419 4166 εὖ·

298 4203 416 4286 λυγέαν
445 4205 520 4268 Cod.
548 4206 640 4269 Palat.
671 4209 886 4271 sententiarum
906 4208 1302 4274 Pseudodemocraticarnm
1324 4213 1420 4276 natet
