<?xml version="1.0" encoding="UTF-8"?>
<!DOCTYPE html PUBLIC "-//W3C//DTD XHTML 1.0 Transitional//EN"
    "http://www.w3.org/TR/xhtml1/DTD/xhtml1-transitional.dtd">
<html xmlns="http://www.w3.org/1999/xhtml" xml:lang="en" lang="en">
 <head>
  <title>
</title>
<meta http-equiv="Content-Type" content="text/html;charset=utf-8" />
  <meta name='ocr-system' content='tesseract 3.04.00' />
  <meta name='ocr-capabilities' content='ocr_page ocr_carea ocr_par ocr_line ocrx_word'/>
</head>
<body>
  <div class='ocr_page' id='page_1' title='image "./democritiabderi00mullgoog_0107.png"; bbox 0 0 2892 4872; ppageno 0'>
   <div class='ocr_carea' id='block_1_1' title="bbox 268 295 1040 366">
    <p class='ocr_par' dir='ltr' id='par_1_1' title="bbox 268 295 1040 366">
     <span class='ocr_line' id='line_1_1' title="bbox 268 295 1040 366; baseline -0.01 -10"><span class='ocrx_word' id='word_1_1' title='bbox 268 299 311 366; x_wconf 81' lang='grc'><strong>86</strong></span> <span class='ocrx_word' id='word_1_2' title='bbox 595 297 792 361; x_wconf 70' lang='lat' dir='ltr'><strong>Quaestionum</strong></span> <span class='ocrx_word' id='word_1_3' title='bbox 810 295 1040 350; x_wconf 80' lang='lat' dir='ltr'><strong>Democritoamto</strong></span> 
     </span>
    </p>
   </div>
   <div class='ocr_carea' id='block_1_2' title="bbox 267 459 1376 2173">
    <p class='ocr_par' dir='ltr' id='par_1_2' title="bbox 267 459 1376 2173">
     <span class='ocr_line' id='line_1_2' title="bbox 267 459 1369 552; baseline -0.009 -20"><span class='ocrx_word' id='word_1_4' title='bbox 267 467 389 552; x_wconf 91' lang='lat' dir='ltr'><strong>quidem</strong></span> <span class='ocrx_word' id='word_1_5' title='bbox 410 467 497 548; x_wconf 81' lang='lat' dir='ltr'><strong>quasi</strong></span> <span class='ocrx_word' id='word_1_6' title='bbox 514 467 673 547; x_wconf 86' lang='lat' dir='ltr'><strong>jurgantes</strong></span> <span class='ocrx_word' id='word_1_7' title='bbox 691 463 863 528; x_wconf 78' lang='lat' dir='ltr'><strong>subrustice</strong></span> <span class='ocrx_word' id='word_1_8' title='bbox 880 462 916 525; x_wconf 89' lang='lat' dir='ltr'><strong>iis</strong></span> <span class='ocrx_word' id='word_1_9' title='bbox 932 459 1181 542; x_wconf 77' lang='lat' dir='ltr'><strong>insultarent⁸⁶),</strong></span> <span class='ocrx_word' id='word_1_10' title='bbox 1199 460 1250 524; x_wconf 88' lang='lat' dir='ltr'><strong>alii</strong></span> <span class='ocrx_word' id='word_1_11' title='bbox 1273 459 1369 542; x_wconf 91' lang='lat' dir='ltr'><strong>lepidis</strong></span> 
     </span>
     <span class='ocr_line' id='line_1_3' title="bbox 269 571 1369 656; baseline -0.009 -16"><span class='ocrx_word' id='word_1_12' title='bbox 269 578 308 640; x_wconf 89' lang='lat' dir='ltr'><strong>de</strong></span> <span class='ocrx_word' id='word_1_13' title='bbox 335 595 441 638; x_wconf 91' lang='lat' dir='ltr'><strong>eornm</strong></span> <span class='ocrx_word' id='word_1_14' title='bbox 463 575 635 656; x_wconf 79' lang='lat' dir='ltr'><strong>stupiditate</strong></span> <span class='ocrx_word' id='word_1_15' title='bbox 666 573 783 637; x_wconf 85' lang='lat' dir='ltr'><strong>tabellis</strong></span> <span class='ocrx_word' id='word_1_16' title='bbox 812 571 990 652; x_wconf 82' lang='lat' dir='ltr'><strong>excogitatis</strong></span> <span class='ocrx_word' id='word_1_17' title='bbox 1017 571 1115 652; x_wconf 88' lang='lat' dir='ltr'><strong>magis</strong></span> <span class='ocrx_word' id='word_1_18' title='bbox 1140 571 1255 634; x_wconf 83' lang='lat' dir='ltr'><strong>arberte</strong></span> <span class='ocrx_word' id='word_1_19' title='bbox 1282 591 1316 632; x_wconf 99' lang='grc' dir='ltr'><strong>ιο</strong></span> <span class='ocrx_word' id='word_1_20' title='bbox 1333 571 1369 630; x_wconf 86' lang='lat' dir='ltr'><strong>la-</strong></span> 
     </span>
     <span class='ocr_line' id='line_1_4' title="bbox 269 679 1369 764; baseline -0.005 -17"><span class='ocrx_word' id='word_1_21' title='bbox 269 693 336 748; x_wconf 86' lang='lat' dir='ltr'><strong>ceto</strong></span> <span class='ocrx_word' id='word_1_22' title='bbox 362 703 416 748; x_wconf 88' lang='lat' dir='ltr'><strong>eos</strong></span> <span class='ocrx_word' id='word_1_23' title='bbox 447 680 761 764; x_wconf 77' lang='lat' dir='ltr'><strong>persntnxerunt⁴⁷).</strong></span> <span class='ocrx_word' id='word_1_24' title='bbox 814 681 895 742; x_wconf 90' lang='lat' dir='ltr'><strong>lnter</strong></span> <span class='ocrx_word' id='word_1_25' title='bbox 920 698 974 742; x_wconf 90' lang='lat' dir='ltr'><strong>eos</strong></span> <span class='ocrx_word' id='word_1_26' title='bbox 1010 697 1089 761; x_wconf 91' lang='lat' dir='ltr'><strong>qnos</strong></span> <span class='ocrx_word' id='word_1_27' title='bbox 1121 680 1289 759; x_wconf 84' lang='lat' dir='ltr'><strong>posteriore</strong></span> <span class='ocrx_word' id='word_1_28' title='bbox 1308 679 1369 742; x_wconf 89' lang='lat' dir='ltr'><strong>loeo</strong></span> 
     </span>
     <span class='ocr_line' id='line_1_5' title="bbox 270 786 1371 871; baseline -0.009 -13"><span class='ocrx_word' id='word_1_29' title='bbox 270 793 422 858; x_wconf 83' lang='lat' dir='ltr'><strong>nominavi</strong></span> <span class='ocrx_word' id='word_1_30' title='bbox 457 793 607 856; x_wconf 90' lang='lat' dir='ltr'><strong>numerari</strong></span> <span class='ocrx_word' id='word_1_31' title='bbox 644 789 734 854; x_wconf 88' lang='lat' dir='ltr'><strong>debet</strong></span> <span class='ocrx_word' id='word_1_32' title='bbox 762 799 870 851; x_wconf 90' lang='lat' dir='ltr'><strong>auctor</strong></span> <span class='ocrx_word' id='word_1_33' title='bbox 893 786 1105 868; x_wconf 88' lang='lat' dir='ltr'><strong>epistolarum,</strong></span> <span class='ocrx_word' id='word_1_34' title='bbox 1138 788 1178 850; x_wconf 90' lang='lat' dir='ltr'><strong>de</strong></span> <span class='ocrx_word' id='word_1_35' title='bbox 1206 789 1310 871; x_wconf 88' lang='lat' dir='ltr'><strong>quibus</strong></span> <span class='ocrx_word' id='word_1_36' title='bbox 1330 789 1371 849; x_wconf 88' lang='lat' dir='ltr'><strong>hio</strong></span> 
     </span>
     <span class='ocr_line' id='line_1_6' title="bbox 268 895 1372 984; baseline -0.005 -22"><span class='ocrx_word' id='word_1_37' title='bbox 268 899 376 982; x_wconf 87' lang='lat' dir='ltr'><strong>agitur.</strong></span> <span class='ocrx_word' id='word_1_38' title='bbox 426 905 510 984; x_wconf 83' lang='lat' dir='ltr'><strong>Quas</strong></span> <span class='ocrx_word' id='word_1_39' title='bbox 537 921 629 984; x_wconf 91' lang='lat' dir='ltr'><strong>quum</strong></span> <span class='ocrx_word' id='word_1_40' title='bbox 658 897 866 980; x_wconf 91' lang='lat' dir='ltr'><strong>supposititias</strong></span> <span class='ocrx_word' id='word_1_41' title='bbox 895 915 962 958; x_wconf 87' lang='lat' dir='ltr'><strong>esse</strong></span> <span class='ocrx_word' id='word_1_42' title='bbox 992 895 1064 958; x_wconf 89' lang='lat' dir='ltr'><strong>satis</strong></span> <span class='ocrx_word' id='word_1_43' title='bbox 1096 916 1115 958; x_wconf 88' lang='lat' dir='ltr'><strong>a</strong></span> <span class='ocrx_word' id='word_1_44' title='bbox 1144 896 1235 960; x_wconf 88' lang='lat' dir='ltr'><strong>nobie</strong></span> <span class='ocrx_word' id='word_1_45' title='bbox 1258 895 1305 959; x_wconf 91' lang='lat' dir='ltr'><strong>vel</strong></span> <span class='ocrx_word' id='word_1_46' title='bbox 1321 897 1372 958; x_wconf 91' lang='lat' dir='ltr'><strong>hoo</strong></span> 
     </span>
     <span class='ocr_line' id='line_1_7' title="bbox 270 1004 1374 1090; baseline -0.006 -18"><span class='ocrx_word' id='word_1_47' title='bbox 270 1027 333 1072; x_wconf 90' lang='lat' dir='ltr'><strong>uno</strong></span> <span class='ocrx_word' id='word_1_48' title='bbox 363 1014 541 1090; x_wconf 84' lang='lat' dir='ltr'><strong>argumento</strong></span> <span class='ocrx_word' id='word_1_49' title='bbox 572 1009 807 1072; x_wconf 83' lang='lat' dir='ltr'><strong>demonstratum</strong></span> <span class='ocrx_word' id='word_1_50' title='bbox 841 1004 897 1081; x_wconf 88' lang='lat' dir='ltr'><strong>sit,</strong></span> <span class='ocrx_word' id='word_1_51' title='bbox 933 1004 1016 1086; x_wconf 92' lang='lat' dir='ltr'><strong>qnod</strong></span> <span class='ocrx_word' id='word_1_52' title='bbox 1047 1006 1220 1068; x_wconf 86' lang='lat' dir='ltr'><strong>Democriti</strong></span> <span class='ocrx_word' id='word_1_53' title='bbox 1251 1013 1374 1085; x_wconf 88' lang='lat' dir='ltr'><strong>tempore</strong></span> 
     </span>
     <span class='ocr_line' id='line_1_8' title="bbox 273 1113 1374 1192; baseline -0.005 -13"><span class='ocrx_word' id='word_1_54' title='bbox 273 1135 363 1180; x_wconf 85' lang='lat' dir='ltr'><strong>neuto</strong></span> <span class='ocrx_word' id='word_1_55' title='bbox 387 1119 576 1180; x_wconf 88' lang='lat' dir='ltr'><strong>Graecorum</strong></span> <span class='ocrx_word' id='word_1_56' title='bbox 597 1116 757 1179; x_wconf 80' lang='lat' dir='ltr'><strong>Abderitas</strong></span> <span class='ocrx_word' id='word_1_57' title='bbox 779 1115 893 1177; x_wconf 88' lang='lat' dir='ltr'><strong>bardos</strong></span> <span class='ocrx_word' id='word_1_58' title='bbox 907 1113 971 1192; x_wconf 89' lang='lat' dir='ltr'><strong>jem</strong></span> <span class='ocrx_word' id='word_1_59' title='bbox 993 1133 1029 1174; x_wconf 88' lang='grc' dir='ltr'><strong>ιο</strong></span> <span class='ocrx_word' id='word_1_60' title='bbox 1057 1113 1193 1177; x_wconf 89' lang='lat' dir='ltr'><strong>barones</strong></span> <span class='ocrx_word' id='word_1_61' title='bbox 1214 1113 1320 1192; x_wconf 76' lang='lat' dir='ltr'><strong>habuit,</strong></span> <span class='ocrx_word' id='word_1_62' title='bbox 1338 1120 1374 1174; x_wconf 85' lang='lat' dir='ltr'><strong>ta-</strong></span> 
     </span>
     <span class='ocr_line' id='line_1_9' title="bbox 274 1221 1375 1308; baseline -0.002 -22"><span class='ocrx_word' id='word_1_63' title='bbox 274 1244 343 1288; x_wconf 93' lang='lat' dir='ltr'><strong>men</strong></span> <span class='ocrx_word' id='word_1_64' title='bbox 363 1245 475 1308; x_wconf 80' lang='lat' dir='ltr'>operae</span> <span class='ocrx_word' id='word_1_65' title='bbox 502 1225 633 1308; x_wconf 88' lang='lat' dir='ltr'><strong>pretinm</strong></span> <span class='ocrx_word' id='word_1_66' title='bbox 662 1225 840 1302; x_wconf 75' lang='lat' dir='ltr'><strong>ostridam,</strong></span> <span class='ocrx_word' id='word_1_67' title='bbox 864 1221 938 1305; x_wconf 90' lang='lat' dir='ltr'><strong>qnid</strong></span> <span class='ocrx_word' id='word_1_68' title='bbox 960 1221 1102 1302; x_wconf 83' lang='lat' dir='ltr'><strong>effecerit,</strong></span> <span class='ocrx_word' id='word_1_69' title='bbox 1134 1229 1170 1284; x_wconf 91' lang='lat' dir='ltr'><strong>nt</strong></span> <span class='ocrx_word' id='word_1_70' title='bbox 1189 1225 1264 1285; x_wconf 86' lang='lat' dir='ltr'><strong>ltaec</strong></span> <span class='ocrx_word' id='word_1_71' title='bbox 1282 1243 1375 1285; x_wconf 89' lang='lat' dir='ltr'><strong>monu-</strong></span> 
     </span>
     <span class='ocr_line' id='line_1_10' title="bbox 273 1328 1375 1414; baseline -0.005 -18"><span class='ocrx_word' id='word_1_72' title='bbox 273 1341 373 1396; x_wconf 87' lang='lat' dir='ltr'><strong>menta</strong></span> <span class='ocrx_word' id='word_1_73' title='bbox 395 1335 647 1414; x_wconf 82' lang='lat' dir='ltr'><strong>contingerentur.</strong></span> <span class='ocrx_word' id='word_1_74' title='bbox 686 1333 878 1396; x_wconf 81' lang='lat' dir='ltr'><strong>Narrationis</strong></span> <span class='ocrx_word' id='word_1_75' title='bbox 900 1331 946 1392; x_wconf 90' lang='lat' dir='ltr'><strong>his</strong></span> <span class='ocrx_word' id='word_1_76' title='bbox 966 1328 1105 1411; x_wconf 90' lang='lat' dir='ltr'><strong>epistolis</strong></span> <span class='ocrx_word' id='word_1_77' title='bbox 1128 1331 1286 1412; x_wconf 81' lang='lat' dir='ltr'><strong>expositae</strong></span> <span class='ocrx_word' id='word_1_78' title='bbox 1303 1331 1375 1392; x_wconf 80' lang='lat' dir='ltr'><strong>inca</strong></span> 
     </span>
     <span class='ocr_line' id='line_1_11' title="bbox 272 1437 1375 1520; baseline -0.005 -19"><span class='ocrx_word' id='word_1_79' title='bbox 272 1441 384 1504; x_wconf 84' lang='lat' dir='ltr'><strong>nabtrla</strong></span> <span class='ocrx_word' id='word_1_80' title='bbox 408 1443 503 1506; x_wconf 88' lang='lat' dir='ltr'><strong>tuisse</strong></span> <span class='ocrx_word' id='word_1_81' title='bbox 529 1461 602 1504; x_wconf 87' lang='lat' dir='ltr'><strong>reor</strong></span> <span class='ocrx_word' id='word_1_82' title='bbox 627 1441 816 1504; x_wconf 90' lang='lat' dir='ltr'><strong>Athenodori</strong></span> <span class='ocrx_word' id='word_1_83' title='bbox 843 1439 937 1503; x_wconf 86' lang='lat' dir='ltr'><strong>verbe</strong></span> <span class='ocrx_word' id='word_1_84' title='bbox 962 1439 1045 1520; x_wconf 79' lang='lat' dir='ltr'><strong>apud</strong></span> <span class='ocrx_word' id='word_1_85' title='bbox 1066 1437 1242 1520; x_wconf 80' lang='lat' dir='ltr'><strong>Diogenem</strong></span> <span class='ocrx_word' id='word_1_86' title='bbox 1263 1437 1312 1500; x_wconf 89' lang='lat' dir='ltr'><strong>hb.</strong></span> <span class='ocrx_word' id='word_1_87' title='bbox 1329 1437 1375 1512; x_wconf 83' lang='lat' dir='ltr'><strong>nt,</strong></span> 
     </span>
     <span class='ocr_line' id='line_1_12' title="bbox 273 1544 1376 1633; baseline -0.003 -24"><span class='ocrx_word' id='word_1_88' title='bbox 273 1550 314 1609; x_wconf 80' lang='lat' dir='ltr'><strong>te</strong></span> <span class='ocrx_word' id='word_1_89' title='bbox 330 1544 392 1628; x_wconf 78' lang='lat'><strong>⁴³),</strong></span> <span class='ocrx_word' id='word_1_90' title='bbox 421 1571 511 1633; x_wconf 87' lang='lat' dir='ltr'><strong>quem</strong></span> <span class='ocrx_word' id='word_1_91' title='bbox 532 1549 762 1614; x_wconf 79' lang='lat' dir='ltr'><strong>Athenodorum</strong></span> <span class='ocrx_word' id='word_1_92' title='bbox 783 1549 940 1630; x_wconf 86' lang='lat' dir='ltr'><strong>hienagius</strong></span> <span class='ocrx_word' id='word_1_93' title='bbox 969 1547 1008 1609; x_wconf 91' lang='lat' dir='ltr'><strong>ad</strong></span> <span class='ocrx_word' id='word_1_94' title='bbox 1029 1549 1129 1612; x_wconf 60' lang='lat' dir='ltr'><strong>leaert.</strong></span> <span class='ocrx_word' id='word_1_95' title='bbox 1151 1549 1201 1624; x_wconf 86' lang='grc' dir='ltr'><strong>ΙΙΙ,</strong></span> <span class='ocrx_word' id='word_1_96' title='bbox 1221 1549 1241 1610; x_wconf 76' lang='lat' dir='ltr'><strong>t</strong></span> <span class='ocrx_word' id='word_1_97' title='bbox 1263 1548 1376 1608; x_wconf 84' lang='lat' dir='ltr'><strong>Tarsen-</strong></span> 
     </span>
     <span class='ocr_line' id='line_1_13' title="bbox 273 1655 1375 1740; baseline -0.005 -22"><span class='ocrx_word' id='word_1_98' title='bbox 273 1673 338 1718; x_wconf 90' lang='lat' dir='ltr'><strong>sem</strong></span> <span class='ocrx_word' id='word_1_99' title='bbox 365 1675 434 1719; x_wconf 88' lang='lat' dir='ltr'><strong>esse</strong></span> <span class='ocrx_word' id='word_1_100' title='bbox 461 1659 626 1736; x_wconf 87' lang='lat' dir='ltr'><strong>existimet,</strong></span> <span class='ocrx_word' id='word_1_101' title='bbox 656 1658 708 1740; x_wconf 92' lang='lat' dir='ltr'><strong>qui</strong></span> <span class='ocrx_word' id='word_1_102' title='bbox 737 1665 767 1719; x_wconf 89' lang='lat' dir='ltr'><strong>et</strong></span> <span class='ocrx_word' id='word_1_103' title='bbox 791 1656 1015 1720; x_wconf 73' lang='lat' dir='ltr'><strong>Alexandrinus</strong></span> <span class='ocrx_word' id='word_1_104' title='bbox 1047 1663 1077 1718; x_wconf 90' lang='lat' dir='ltr'><strong>et</strong></span> <span class='ocrx_word' id='word_1_105' title='bbox 1106 1655 1272 1720; x_wconf 73' lang='lat' dir='ltr'><strong>tiananites</strong></span> <span class='ocrx_word' id='word_1_106' title='bbox 1291 1655 1375 1716; x_wconf 89' lang='lat' dir='ltr'><strong>dictus</strong></span> 
     </span>
     <span class='ocr_line' id='line_1_14' title="bbox 272 1762 1376 1847; baseline -0.004 -21"><span class='ocrx_word' id='word_1_107' title='bbox 272 1767 318 1826; x_wconf 91' lang='lat' dir='ltr'><strong>est</strong></span> <span class='ocrx_word' id='word_1_108' title='bbox 337 1783 373 1824; x_wconf 89' lang='lat' dir='ltr'><strong>ac</strong></span> <span class='ocrx_word' id='word_1_109' title='bbox 389 1765 523 1829; x_wconf 87' lang='lat' dir='ltr'><strong>Stoicam</strong></span> <span class='ocrx_word' id='word_1_110' title='bbox 543 1765 766 1847; x_wconf 83' lang='lat' dir='ltr'><strong>philosophiam</strong></span> <span class='ocrx_word' id='word_1_111' title='bbox 788 1765 947 1846; x_wconf 86' lang='lat' dir='ltr'><strong>protessus</strong></span> <span class='ocrx_word' id='word_1_112' title='bbox 965 1762 1096 1846; x_wconf 80' lang='lat' dir='ltr'><strong>Augusti</strong></span> <span class='ocrx_word' id='word_1_113' title='bbox 1119 1773 1152 1826; x_wconf 90' lang='lat' dir='ltr'><strong>et</strong></span> <span class='ocrx_word' id='word_1_114' title='bbox 1171 1764 1284 1826; x_wconf 88' lang='lat' dir='ltr'><strong>Tiberii</strong></span> <span class='ocrx_word' id='word_1_115' title='bbox 1304 1779 1376 1842; x_wconf 84' lang='lat' dir='ltr'><strong>prae</strong></span> 
     </span>
     <span class='ocr_line' id='line_1_15' title="bbox 273 1872 1375 1956; baseline -0.005 -22"><span class='ocrx_word' id='word_1_116' title='bbox 273 1879 382 1954; x_wconf 88' lang='lat' dir='ltr'><strong>ceptor</strong></span> <span class='ocrx_word' id='word_1_117' title='bbox 403 1872 468 1934; x_wconf 84' lang='lat' dir='ltr'><strong>tuit.</strong></span> <span class='ocrx_word' id='word_1_118' title='bbox 510 1876 539 1938; x_wconf 85' lang='lat' dir='ltr'><strong>ls</strong></span> <span class='ocrx_word' id='word_1_119' title='bbox 567 1875 660 1956; x_wconf 87' lang='lat' dir='ltr'><strong>igitur</strong></span> <span class='ocrx_word' id='word_1_120' title='bbox 679 1880 788 1937; x_wconf 86' lang='lat' dir='ltr'><strong>octavo</strong></span> <span class='ocrx_word' id='word_1_121' title='bbox 811 1872 1096 1936; x_wconf 87' lang='lat' dir='ltr'><strong>Deambtdationum</strong></span> <span class='ocrx_word' id='word_1_122' title='bbox 1129 1872 1223 1948; x_wconf 85' lang='lat' dir='ltr'><strong>libro,</strong></span> <span class='ocrx_word' id='word_1_123' title='bbox 1256 1872 1375 1951; x_wconf 85' lang='lat' dir='ltr'><strong>Diogene</strong></span> 
     </span>
     <span class='ocr_line' id='line_1_16' title="bbox 272 1981 1375 2065; baseline -0.005 -24"><span class='ocrx_word' id='word_1_124' title='bbox 272 1987 414 2056; x_wconf 83' lang='lat' dir='ltr'><strong>auctore,</strong></span> <span class='ocrx_word' id='word_1_125' title='bbox 444 1981 590 2063; x_wconf 88' lang='lat' dir='ltr'><strong>scriptum</strong></span> <span class='ocrx_word' id='word_1_126' title='bbox 617 1981 797 2065; x_wconf 89' lang='lat' dir='ltr'><strong>reliquerat,</strong></span> <span class='ocrx_word' id='word_1_127' title='bbox 828 1981 957 2059; x_wconf 89' lang='lat' dir='ltr'><strong>jussisse</strong></span> <span class='ocrx_word' id='word_1_128' title='bbox 988 1981 1219 2044; x_wconf 84' lang='lat' dir='ltr'><strong>Democritrmr&#39;</strong></span> <span class='ocrx_word' id='word_1_129' title='bbox 1234 1983 1375 2062; x_wconf 86' lang='lat' dir='ltr'><strong>praesente</strong></span> 
     </span>
     <span class='ocr_line' id='line_1_17' title="bbox 273 2087 1374 2173; baseline -0.005 -23"><span class='ocrx_word' id='word_1_130' title='bbox 273 2087 459 2169; x_wconf 85' lang='lat' dir='ltr'><strong>Hippocrate</strong></span> <span class='ocrx_word' id='word_1_131' title='bbox 472 2089 525 2173; x_wconf 91' lang='lat' dir='ltr'><strong>qui</strong></span> <span class='ocrx_word' id='word_1_132' title='bbox 537 2091 575 2152; x_wconf 90' lang='lat' dir='ltr'><strong>ad</strong></span> <span class='ocrx_word' id='word_1_133' title='bbox 595 2091 693 2171; x_wconf 91' lang='lat' dir='ltr'><strong>ipsum</strong></span> <span class='ocrx_word' id='word_1_134' title='bbox 706 2088 846 2168; x_wconf 80' lang='lat' dir='ltr'><strong>venisset,</strong></span> <span class='ocrx_word' id='word_1_135' title='bbox 865 2089 965 2152; x_wconf 83' lang='lat' dir='ltr'><strong>afferri</strong></span> <span class='ocrx_word' id='word_1_136' title='bbox 979 2089 1026 2150; x_wconf 88' lang='lat' dir='ltr'><strong>lac</strong></span> <span class='ocrx_word' id='word_1_137' title='bbox 1046 2097 1136 2171; x_wconf 86' lang='lat' dir='ltr'><strong>atque</strong></span> <span class='ocrx_word' id='word_1_138' title='bbox 1155 2089 1232 2152; x_wconf 92' lang='lat' dir='ltr'><strong>illud</strong></span> <span class='ocrx_word' id='word_1_139' title='bbox 1253 2087 1374 2150; x_wconf 81' lang='lat' dir='ltr'><strong>irrhritmn</strong></span> 
     </span>
    </p>
   </div>
   <div class='ocr_carea' id='block_1_3' title="bbox 272 2273 1376 3070">
    <p class='ocr_par' dir='ltr' id='par_1_3' title="bbox 272 2273 1376 3070">
     <span class='ocr_line' id='line_1_18' title="bbox 275 2273 1376 2341; baseline -0.005 -15"><span class='ocrx_word' id='word_1_140' title='bbox 275 2277 369 2339; x_wconf 86' lang='lat' dir='ltr'><strong>operte</strong></span> <span class='ocrx_word' id='word_1_141' title='bbox 388 2275 502 2327; x_wconf 88' lang='lat' dir='ltr'><strong>deornm</strong></span> <span class='ocrx_word' id='word_1_142' title='bbox 527 2277 652 2326; x_wconf 88' lang='lat' dir='ltr'><strong>naturam</strong></span> <span class='ocrx_word' id='word_1_143' title='bbox 670 2275 857 2326; x_wconf 73' lang='lat' dir='ltr'><strong>sustulerunt?</strong></span> <span class='ocrx_word' id='word_1_144' title='bbox 884 2287 946 2326; x_wconf 87' lang='lat' dir='ltr'><strong>nam</strong></span> <span class='ocrx_word' id='word_1_145' title='bbox 965 2273 1107 2326; x_wconf 86' lang='lat' dir='ltr'><strong>Abderites</strong></span> <span class='ocrx_word' id='word_1_146' title='bbox 1127 2277 1241 2341; x_wconf 87' lang='lat' dir='ltr'><strong>quidam</strong></span> <span class='ocrx_word' id='word_1_147' title='bbox 1259 2275 1376 2335; x_wconf 82' lang='lat' dir='ltr'><strong>Protago-</strong></span> 
     </span>
     <span class='ocr_line' id='line_1_19' title="bbox 273 2351 1375 2422; baseline -0.006 -15"><span class='ocrx_word' id='word_1_148' title='bbox 273 2367 319 2407; x_wconf 84' lang='lat' dir='ltr'><strong>ras</strong></span> <span class='ocrx_word' id='word_1_149' title='bbox 347 2357 504 2420; x_wconf 76' lang='lat' dir='ltr'><strong>attinente</strong></span> <span class='ocrx_word' id='word_1_150' title='bbox 530 2356 611 2407; x_wconf 90' lang='lat' dir='ltr'><strong>modo</strong></span> <span class='ocrx_word' id='word_1_151' title='bbox 635 2358 736 2407; x_wconf 87' lang='lat' dir='ltr'><strong>mentio</strong></span> <span class='ocrx_word' id='word_1_152' title='bbox 765 2355 834 2407; x_wconf 89' lang='lat' dir='ltr'><strong>tacta</strong></span> <span class='ocrx_word' id='word_1_153' title='bbox 854 2359 903 2419; x_wconf 77' lang='lat' dir='ltr'><strong>est,</strong></span> <span class='ocrx_word' id='word_1_154' title='bbox 930 2357 1068 2422; x_wconf 87' lang='lat' dir='ltr'><strong>Sophistes</strong></span> <span class='ocrx_word' id='word_1_155' title='bbox 1086 2357 1259 2421; x_wconf 88' lang='lat' dir='ltr'><strong>temporibus</strong></span> <span class='ocrx_word' id='word_1_156' title='bbox 1280 2356 1323 2407; x_wconf 87' lang='lat' dir='ltr'><strong>illis</strong></span> <span class='ocrx_word' id='word_1_157' title='bbox 1341 2351 1375 2401; x_wconf 86' lang='lat' dir='ltr'><strong>val</strong></span> 
     </span>
     <span class='ocr_line' id='line_1_20' title="bbox 274 2435 1375 2503; baseline 0 -17"><span class='ocrx_word' id='word_1_158' title='bbox 274 2437 415 2500; x_wconf 84' lang='lat' dir='ltr'><strong>maximus,</strong></span> <span class='ocrx_word' id='word_1_159' title='bbox 434 2450 517 2503; x_wconf 90' lang='lat' dir='ltr'><strong>quum</strong></span> <span class='ocrx_word' id='word_1_160' title='bbox 542 2437 568 2486; x_wconf 91' lang='lat' dir='ltr'><strong>in</strong></span> <span class='ocrx_word' id='word_1_161' title='bbox 592 2437 725 2500; x_wconf 89' lang='lat' dir='ltr'><strong>principio</strong></span> <span class='ocrx_word' id='word_1_162' title='bbox 749 2435 808 2487; x_wconf 90' lang='lat' dir='ltr'><strong>libri</strong></span> <span class='ocrx_word' id='word_1_163' title='bbox 829 2438 872 2488; x_wconf 87' lang='lat' dir='ltr'><strong>sui</strong></span> <span class='ocrx_word' id='word_1_164' title='bbox 895 2437 934 2488; x_wconf 90' lang='lat' dir='ltr'><strong>sie</strong></span> <span class='ocrx_word' id='word_1_165' title='bbox 954 2439 1098 2500; x_wconf 90' lang='lat' dir='ltr'><strong>posuisset,</strong></span> <span class='ocrx_word' id='word_1_166' title='bbox 1118 2435 1159 2486; x_wconf 85' lang='lat' dir='ltr'><strong>De</strong></span> <span class='ocrx_word' id='word_1_167' title='bbox 1180 2437 1375 2502; x_wconf 69' lang='lat' dir='ltr'><strong>divomque</strong></span> 
     </span>
     <span class='ocr_line' id='line_1_21' title="bbox 274 2514 1375 2584; baseline 0.001 -18"><span class='ocrx_word' id='word_1_168' title='bbox 274 2516 336 2578; x_wconf 70' lang='lat' dir='ltr'><strong>mat,</strong></span> <span class='ocrx_word' id='word_1_169' title='bbox 354 2532 435 2584; x_wconf 81' lang='lat' dir='ltr'><strong>neque</strong></span> <span class='ocrx_word' id='word_1_170' title='bbox 457 2516 643 2579; x_wconf 73' lang='lat' dir='ltr'><strong>arnesriet,</strong></span> <span class='ocrx_word' id='word_1_171' title='bbox 662 2515 742 2568; x_wconf 81' lang='lat' dir='ltr'><strong>hohen</strong></span> <span class='ocrx_word' id='word_1_172' title='bbox 762 2514 857 2578; x_wconf 83' lang='lat' dir='ltr'><strong>dicere,</strong></span> <span class='ocrx_word' id='word_1_173' title='bbox 882 2517 1083 2570; x_wconf 85' lang='lat' dir='ltr'><strong>Atheniensium</strong></span> <span class='ocrx_word' id='word_1_174' title='bbox 1105 2519 1188 2582; x_wconf 87' lang='lat' dir='ltr'><strong>jussu</strong></span> <span class='ocrx_word' id='word_1_175' title='bbox 1217 2518 1283 2571; x_wconf 87' lang='lat' dir='ltr'><strong>urbe</strong></span> <span class='ocrx_word' id='word_1_176' title='bbox 1306 2520 1375 2580; x_wconf 85' lang='lat' dir='ltr'><strong>atque</strong></span> 
     </span>
     <span class='ocr_line' id='line_1_22' title="bbox 276 2597 1376 2664; baseline -0.005 -13"><span class='ocrx_word' id='word_1_177' title='bbox 276 2613 341 2664; x_wconf 84' lang='lat' dir='ltr'><strong>egro</strong></span> <span class='ocrx_word' id='word_1_178' title='bbox 362 2603 404 2651; x_wconf 87' lang='lat' dir='ltr'><strong>est</strong></span> <span class='ocrx_word' id='word_1_179' title='bbox 426 2601 633 2662; x_wconf 76' lang='lat' dir='ltr'><strong>exterminatus,</strong></span> <span class='ocrx_word' id='word_1_180' title='bbox 657 2599 771 2664; x_wconf 86' lang='lat' dir='ltr'><strong>librique</strong></span> <span class='ocrx_word' id='word_1_181' title='bbox 792 2599 850 2661; x_wconf 84' lang='lat' dir='ltr'><strong>ejus</strong></span> <span class='ocrx_word' id='word_1_182' title='bbox 879 2599 905 2648; x_wconf 90' lang='lat' dir='ltr'><strong>in</strong></span> <span class='ocrx_word' id='word_1_183' title='bbox 925 2601 1055 2650; x_wconf 88' lang='lat' dir='ltr'><strong>concione</strong></span> <span class='ocrx_word' id='word_1_184' title='bbox 1072 2601 1230 2654; x_wconf 85' lang='lat' dir='ltr'><strong>combusti.&#39;&#39;</strong></span> <span class='ocrx_word' id='word_1_185' title='bbox 1265 2599 1316 2651; x_wconf 85' lang='lat' dir='ltr'><strong>Sed</strong></span> <span class='ocrx_word' id='word_1_186' title='bbox 1333 2597 1376 2646; x_wconf 88' lang='lat' dir='ltr'><strong>hoc</strong></span> 
     </span>
     <span class='ocr_line' id='line_1_23' title="bbox 274 2677 1376 2746; baseline -0.005 -15"><span class='ocrx_word' id='word_1_187' title='bbox 274 2680 511 2744; x_wconf 76' lang='lat' dir='ltr'><strong>posterioremue,</strong></span> <span class='ocrx_word' id='word_1_188' title='bbox 533 2680 659 2746; x_wconf 84' lang='lat' dir='ltr'><strong>quoniam</strong></span> <span class='ocrx_word' id='word_1_189' title='bbox 683 2691 781 2728; x_wconf 91' lang='lat' dir='ltr'><strong>nomen</strong></span> <span class='ocrx_word' id='word_1_190' title='bbox 803 2678 902 2742; x_wconf 87' lang='lat' dir='ltr'><strong>gentile</strong></span> <span class='ocrx_word' id='word_1_191' title='bbox 920 2683 981 2730; x_wconf 89' lang='lat' dir='ltr'><strong>ante</strong></span> <span class='ocrx_word' id='word_1_192' title='bbox 999 2679 1162 2744; x_wconf 82' lang='lat' dir='ltr'><strong>Protagorae</strong></span> <span class='ocrx_word' id='word_1_193' title='bbox 1183 2694 1281 2732; x_wconf 90' lang='lat' dir='ltr'><strong>nomen</strong></span> <span class='ocrx_word' id='word_1_194' title='bbox 1301 2677 1376 2730; x_wconf 88' lang='lat' dir='ltr'><strong>eollo-</strong></span> 
     </span>
     <span class='ocr_line' id='line_1_24' title="bbox 274 2758 1375 2824; baseline -0.004 -12"><span class='ocrx_word' id='word_1_195' title='bbox 274 2765 364 2812; x_wconf 90' lang='lat' dir='ltr'><strong>eatnm</strong></span> <span class='ocrx_word' id='word_1_196' title='bbox 383 2764 431 2824; x_wconf 91' lang='lat' dir='ltr'><strong>est,</strong></span> <span class='ocrx_word' id='word_1_197' title='bbox 450 2775 503 2813; x_wconf 92' lang='lat' dir='ltr'><strong>non</strong></span> <span class='ocrx_word' id='word_1_198' title='bbox 524 2761 640 2813; x_wconf 86' lang='lat' dir='ltr'><strong>deerunt</strong></span> <span class='ocrx_word' id='word_1_199' title='bbox 659 2759 704 2824; x_wconf 82' lang='lat' dir='ltr'><strong>qui</strong></span> <span class='ocrx_word' id='word_1_200' title='bbox 721 2758 813 2810; x_wconf 88' lang='lat' dir='ltr'><strong>dicent</strong></span> <span class='ocrx_word' id='word_1_201' title='bbox 836 2759 920 2810; x_wconf 88' lang='lat' dir='ltr'><strong>latero</strong></span> <span class='ocrx_word' id='word_1_202' title='bbox 940 2759 1039 2824; x_wconf 91' lang='lat' dir='ltr'><strong>aliquid</strong></span> <span class='ocrx_word' id='word_1_203' title='bbox 1058 2763 1257 2813; x_wconf 87' lang='lat' dir='ltr'><strong>contemtionis.</strong></span> <span class='ocrx_word' id='word_1_204' title='bbox 1295 2758 1375 2824; x_wconf 87' lang='lat' dir='ltr'><strong>Siqui-</strong></span> 
     </span>
     <span class='ocr_line' id='line_1_25' title="bbox 273 2839 1375 2909; baseline -0.005 -16"><span class='ocrx_word' id='word_1_205' title='bbox 273 2842 337 2893; x_wconf 90' lang='lat' dir='ltr'><strong>dem</strong></span> <span class='ocrx_word' id='word_1_206' title='bbox 354 2841 397 2893; x_wconf 91' lang='lat' dir='ltr'><strong>ille</strong></span> <span class='ocrx_word' id='word_1_207' title='bbox 414 2843 553 2894; x_wconf 84' lang='lat' dir='ltr'><strong>collocatio</strong></span> <span class='ocrx_word' id='word_1_208' title='bbox 573 2840 643 2904; x_wconf 80' lang='lat' dir='ltr'><strong>tacit,</strong></span> <span class='ocrx_word' id='word_1_209' title='bbox 667 2843 697 2891; x_wconf 90' lang='lat' dir='ltr'><strong>nt</strong></span> <span class='ocrx_word' id='word_1_210' title='bbox 720 2841 792 2892; x_wconf 88' lang='lat' dir='ltr'><strong>hunc</strong></span> <span class='ocrx_word' id='word_1_211' title='bbox 810 2853 871 2892; x_wconf 89' lang='lat' dir='ltr'><strong>osse</strong></span> <span class='ocrx_word' id='word_1_212' title='bbox 889 2839 1034 2892; x_wconf 88' lang='lat' dir='ltr'><strong>verborum</strong></span> <span class='ocrx_word' id='word_1_213' title='bbox 1055 2855 1165 2894; x_wconf 86' lang='lat' dir='ltr'><strong>sensum</strong></span> <span class='ocrx_word' id='word_1_214' title='bbox 1186 2842 1375 2909; x_wconf 87' lang='lat' dir='ltr'><strong>perhibeamus:</strong></span> 
     </span>
     <span class='ocr_line' id='line_1_26' title="bbox 272 2917 1376 2990; baseline -0.005 -16"><span class='ocrx_word' id='word_1_215' title='bbox 272 2937 343 2983; x_wconf 75' lang='lat' dir='ltr'><strong>mm,</strong></span> <span class='ocrx_word' id='word_1_216' title='bbox 370 2921 394 2973; x_wconf 79' lang='lat' dir='ltr'><strong>it</strong></span> <span class='ocrx_word' id='word_1_217' title='bbox 418 2922 534 2990; x_wconf 72' lang='lat' dir='ltr'><strong>quidun,</strong></span> <span class='ocrx_word' id='word_1_218' title='bbox 561 2921 605 2988; x_wconf 79' lang='lat' dir='ltr'><strong>qui</strong></span> <span class='ocrx_word' id='word_1_219' title='bbox 629 2920 657 2971; x_wconf 86' lang='lat' dir='ltr'><strong>in</strong></span> <span class='ocrx_word' id='word_1_220' title='bbox 683 2917 732 2970; x_wconf 86' lang='lat' dir='ltr'><strong>hoc</strong></span> <span class='ocrx_word' id='word_1_221' title='bbox 755 2936 818 2972; x_wconf 77' lang='lat' dir='ltr'><strong>tane</strong></span> <span class='ocrx_word' id='word_1_222' title='bbox 841 2918 976 2972; x_wconf 77' lang='lat' dir='ltr'><strong>Abderites</strong></span> <span class='ocrx_word' id='word_1_223' title='bbox 998 2921 1065 2986; x_wconf 68' lang='lat' dir='ltr'><strong>fnit,</strong></span> <span class='ocrx_word' id='word_1_224' title='bbox 1088 2920 1259 2990; x_wconf 72' lang='lat' dir='ltr'><strong>Protagoras.</strong></span> <span class='ocrx_word' id='word_1_225' title='bbox 1298 2921 1376 2974; x_wconf 84' lang='lat' dir='ltr'><strong>Potest</strong></span> 
     </span>
     <span class='ocr_line' id='line_1_27' title="bbox 275 3001 1374 3070; baseline -0.002 -17"><span class='ocrx_word' id='word_1_226' title='bbox 275 3004 347 3054; x_wconf 87' lang='lat' dir='ltr'><strong>enim</strong></span> <span class='ocrx_word' id='word_1_227' title='bbox 370 3003 530 3070; x_wconf 82' lang='lat' dir='ltr'><strong>Protagoras</strong></span> <span class='ocrx_word' id='word_1_228' title='bbox 556 3003 676 3054; x_wconf 90' lang='lat' dir='ltr'><strong>Ciceroni</strong></span> <span class='ocrx_word' id='word_1_229' title='bbox 696 3003 804 3066; x_wconf 89' lang='lat' dir='ltr'><strong>ineptus</strong></span> <span class='ocrx_word' id='word_1_230' title='bbox 826 3004 910 3055; x_wconf 87' lang='lat' dir='ltr'><strong>videri</strong></span> <span class='ocrx_word' id='word_1_231' title='bbox 935 3003 961 3053; x_wconf 93' lang='lat' dir='ltr'><strong>in</strong></span> <span class='ocrx_word' id='word_1_232' title='bbox 987 3001 1374 3069; x_wconf 82' lang='lat' dir='ltr'><strong>noo,quoo1tberesnamdo</strong></span> 
     </span>
    </p>
   </div>
   <div class='ocr_carea' id='block_1_4' title="bbox 275 3083 1374 3215">
    <p class='ocr_par' dir='ltr' id='par_1_4' title="bbox 275 3083 1374 3215">
     <span class='ocr_line' id='line_1_28' title="bbox 275 3083 1374 3215; baseline -0.001 -82"><span class='ocrx_word' id='word_1_233' title='bbox 275 3083 326 3215; x_wconf 72' lang='lat' dir='ltr'><strong>piis</strong></span> <span class='ocrx_word' id='word_1_234' title='bbox 345 3087 506 3137; x_wconf 87' lang='lat' dir='ltr'><strong>sententiaro</strong></span> <span class='ocrx_word' id='word_1_235' title='bbox 526 3084 665 3150; x_wconf 89' lang='lat' dir='ltr'><strong>protessus</strong></span> <span class='ocrx_word' id='word_1_236' title='bbox 682 3087 730 3145; x_wconf 79' lang='lat' dir='ltr'><strong>est,</strong></span> <span class='ocrx_word' id='word_1_237' title='bbox 748 3096 817 3149; x_wconf 88' lang='lat' dir='ltr'><strong>quae</strong></span> <span class='ocrx_word' id='word_1_238' title='bbox 835 3097 880 3134; x_wconf 89' lang='lat' dir='ltr'><strong>res</strong></span> <span class='ocrx_word' id='word_1_239' title='bbox 899 3085 977 3136; x_wconf 89' lang='lat' dir='ltr'><strong>simul</strong></span> <span class='ocrx_word' id='word_1_240' title='bbox 999 3087 1026 3136; x_wconf 92' lang='lat' dir='ltr'><strong>et</strong></span> <span class='ocrx_word' id='word_1_241' title='bbox 1044 3085 1175 3137; x_wconf 86' lang='lat' dir='ltr'><strong>invidiosa</strong></span> <span class='ocrx_word' id='word_1_242' title='bbox 1193 3091 1222 3138; x_wconf 90' lang='lat' dir='ltr'><strong>et</strong></span> <span class='ocrx_word' id='word_1_243' title='bbox 1237 3083 1374 3151; x_wconf 88' lang='lat' dir='ltr'><strong>periculosa</strong></span> 
     </span>
     <span class='ocr_line' id='line_1_29' title="bbox 286 3163 330 3212; baseline 0 0"><span class='ocrx_word' id='word_1_244' title='bbox 286 3163 330 3212; x_wconf 90' lang='lat' dir='ltr'><strong>uit.</strong></span> 
     </span>
    </p>
   </div>
   <div class='ocr_carea' id='block_1_5' title="bbox 273 3263 1374 3584">
    <p class='ocr_par' dir='ltr' id='par_1_5' title="bbox 273 3263 1374 3584">
     <span class='ocr_line' id='line_1_30' title="bbox 345 3263 1374 3333; baseline 0 -19"><span class='ocrx_word' id='word_1_245' title='bbox 345 3265 386 3328; x_wconf 77' lang='lat'><strong>⁴⁵)</strong></span> <span class='ocrx_word' id='word_1_246' title='bbox 407 3265 543 3318; x_wconf 82' lang='lat' dir='ltr'><strong>luvenalis</strong></span> <span class='ocrx_word' id='word_1_247' title='bbox 569 3268 622 3316; x_wconf 88' lang='lat' dir='ltr'><strong>Sat.</strong></span> <span class='ocrx_word' id='word_1_248' title='bbox 649 3267 678 3330; x_wconf 85' lang='lat' dir='ltr'><strong>lt,</strong></span> <span class='ocrx_word' id='word_1_249' title='bbox 696 3263 731 3316; x_wconf 82' lang='lat' dir='ltr'><strong>te</strong></span> <span class='ocrx_word' id='word_1_250' title='bbox 751 3266 937 3330; x_wconf 80' lang='lat' dir='ltr'><strong>[Democritus]</strong></span> <span class='ocrx_word' id='word_1_251' title='bbox 956 3291 1023 3302; x_wconf 88' lang='lat'><strong>--</strong></span> <span class='ocrx_word' id='word_1_252' title='bbox 1046 3267 1123 3332; x_wconf 71' lang='lat' dir='ltr'><strong>cadus</strong></span> <span class='ocrx_word' id='word_1_253' title='bbox 1141 3271 1285 3333; x_wconf 90' lang='lat' dir='ltr'><strong>prudentia</strong></span> <span class='ocrx_word' id='word_1_254' title='bbox 1302 3278 1374 3318; x_wconf 87' lang='lat' dir='ltr'><strong>mon-</strong></span> 
     </span>
     <span class='ocr_line' id='line_1_31' title="bbox 274 3347 1372 3413; baseline 0.004 -17"><span class='ocrx_word' id='word_1_255' title='bbox 274 3347 344 3396; x_wconf 87' lang='lat' dir='ltr'><strong>stret</strong></span> <span class='ocrx_word' id='word_1_256' title='bbox 361 3347 486 3397; x_wconf 92' lang='lat' dir='ltr'><strong>Summos</strong></span> <span class='ocrx_word' id='word_1_257' title='bbox 504 3361 587 3410; x_wconf 83' lang='lat' dir='ltr'><strong>posse</strong></span> <span class='ocrx_word' id='word_1_258' title='bbox 601 3348 674 3399; x_wconf 84' lang='lat' dir='ltr'><strong>viros</strong></span> <span class='ocrx_word' id='word_1_259' title='bbox 693 3351 721 3398; x_wconf 89' lang='lat' dir='ltr'><strong>et</strong></span> <span class='ocrx_word' id='word_1_260' title='bbox 737 3361 833 3412; x_wconf 83' lang='lat' dir='ltr'><strong>magna</strong></span> <span class='ocrx_word' id='word_1_261' title='bbox 852 3350 973 3413; x_wconf 77' lang='lat' dir='ltr'><strong>exempla</strong></span> <span class='ocrx_word' id='word_1_262' title='bbox 992 3351 1102 3402; x_wconf 88' lang='lat' dir='ltr'><strong>daturos</strong></span> <span class='ocrx_word' id='word_1_263' title='bbox 1120 3351 1273 3404; x_wconf 88' lang='lat' dir='ltr'><strong>Verveenru</strong></span> <span class='ocrx_word' id='word_1_264' title='bbox 1291 3352 1315 3401; x_wconf 91' lang='lat' dir='ltr'><strong>in</strong></span> <span class='ocrx_word' id='word_1_265' title='bbox 1326 3360 1372 3412; x_wconf 80' lang='lat' dir='ltr'><strong>pe-</strong></span> 
     </span>
     <span class='ocr_line' id='line_1_32' title="bbox 273 3427 1373 3497; baseline 0.008 -23"><span class='ocrx_word' id='word_1_266' title='bbox 273 3427 326 3475; x_wconf 88' lang='lat' dir='ltr'><strong>tria</strong></span> <span class='ocrx_word' id='word_1_267' title='bbox 347 3437 496 3491; x_wconf 87' lang='lat' dir='ltr'><strong>crassoque</strong></span> <span class='ocrx_word' id='word_1_268' title='bbox 513 3427 565 3478; x_wconf 86' lang='lat' dir='ltr'><strong>sub</strong></span> <span class='ocrx_word' id='word_1_269' title='bbox 586 3441 649 3480; x_wconf 89' lang='lat' dir='ltr'><strong>aere</strong></span> <span class='ocrx_word' id='word_1_270' title='bbox 666 3429 748 3480; x_wconf 88' lang='lat' dir='ltr'><strong>nesci.</strong></span> <span class='ocrx_word' id='word_1_271' title='bbox 785 3430 895 3480; x_wconf 80' lang='lat' dir='ltr'><strong>itarital.</strong></span> <span class='ocrx_word' id='word_1_272' title='bbox 917 3431 959 3481; x_wconf 86' lang='lat' dir='ltr'><strong>lib.</strong></span> <span class='ocrx_word' id='word_1_273' title='bbox 974 3431 1002 3493; x_wconf 86' lang='lat' dir='ltr'><strong>lt,</strong></span> <span class='ocrx_word' id='word_1_274' title='bbox 1013 3428 1060 3482; x_wconf 74' lang='lat'><strong>25:</strong></span> <span class='ocrx_word' id='word_1_275' title='bbox 1079 3431 1259 3486; x_wconf 86' lang='lat' dir='ltr'><strong>Abderitanae</strong></span> <span class='ocrx_word' id='word_1_276' title='bbox 1274 3433 1373 3497; x_wconf 66' lang='lat' dir='ltr'><strong>pectora</strong></span> 
     </span>
     <span class='ocr_line' id='line_1_33' title="bbox 274 3505 1371 3584; baseline 0.011 -31"><span class='ocrx_word' id='word_1_277' title='bbox 274 3505 360 3570; x_wconf 91' lang='lat' dir='ltr'><strong>plebis</strong></span> <span class='ocrx_word' id='word_1_278' title='bbox 377 3505 469 3558; x_wconf 89' lang='lat' dir='ltr'><strong>hebes.</strong></span> <span class='ocrx_word' id='word_1_279' title='bbox 507 3508 634 3559; x_wconf 85' lang='lat' dir='ltr'><strong>Tattenos</strong></span> <span class='ocrx_word' id='word_1_280' title='bbox 652 3513 717 3560; x_wconf 87' lang='lat' dir='ltr'><strong>orat.</strong></span> <span class='ocrx_word' id='word_1_281' title='bbox 737 3511 798 3564; x_wconf 85' lang='lat' dir='ltr'><strong>adn.</strong></span> <span class='ocrx_word' id='word_1_282' title='bbox 816 3513 908 3562; x_wconf 88' lang='lat' dir='ltr'><strong>Graec.</strong></span> <span class='ocrx_word' id='word_1_283' title='bbox 930 3527 954 3576; x_wconf 91' lang='lat' dir='ltr'><strong>p.</strong></span> <span class='ocrx_word' id='word_1_284' title='bbox 967 3509 1001 3563; x_wconf 82' lang='grc'><strong>63</strong></span> <span class='ocrx_word' id='word_1_285' title='bbox 1013 3513 1055 3565; x_wconf 87' lang='lat' dir='ltr'><strong>ed.</strong></span> <span class='ocrx_word' id='word_1_286' title='bbox 1073 3513 1175 3566; x_wconf 80' lang='lat' dir='ltr'><strong>worth.</strong></span> <span class='ocrx_word' id='word_1_287' title='bbox 1192 3506 1371 3584; x_wconf 70' lang='grc' dir='ltr'>Ἀβδηρολόῐον</span> 
     </span>
    </p>
   </div>
   <div class='ocr_carea' id='block_1_6' title="bbox 272 3586 1372 3723">
    <p class='ocr_par' dir='ltr' id='par_1_6' title="bbox 272 3586 1372 3723">
     <span class='ocr_line' id='line_1_34' title="bbox 273 3586 1372 3662; baseline 0.005 -24"><span class='ocrx_word' id='word_1_288' title='bbox 273 3587 339 3638; x_wconf 89' lang='lat' dir='ltr'><strong>dicit</strong></span> <span class='ocrx_word' id='word_1_289' title='bbox 361 3599 411 3650; x_wconf 93' lang='lat' dir='ltr'><strong>pro</strong></span> <span class='ocrx_word' id='word_1_290' title='bbox 439 3586 600 3654; x_wconf 91' lang='lat' dir='ltr'><strong>stultiloquo.</strong></span> <span class='ocrx_word' id='word_1_291' title='bbox 640 3590 775 3643; x_wconf 88' lang='lat' dir='ltr'><strong>Arnohius</strong></span> <span class='ocrx_word' id='word_1_292' title='bbox 798 3591 879 3644; x_wconf 82' lang='lat' dir='ltr'><strong>tibll</strong></span> <span class='ocrx_word' id='word_1_293' title='bbox 909 3595 969 3645; x_wconf 87' lang='lat' dir='ltr'><strong>adv.</strong></span> <span class='ocrx_word' id='word_1_294' title='bbox 1000 3597 1093 3658; x_wconf 87' lang='lat' dir='ltr'><strong>gentes</strong></span> <span class='ocrx_word' id='word_1_295' title='bbox 1117 3609 1176 3662; x_wconf 90' lang='lat' dir='ltr'><strong>pag.</strong></span> <span class='ocrx_word' id='word_1_296' title='bbox 1201 3593 1251 3648; x_wconf 81' lang='lat' dir='ltr'><strong>tot</strong></span> <span class='ocrx_word' id='word_1_297' title='bbox 1273 3591 1372 3660; x_wconf 83' lang='lat' dir='ltr'><strong>rigidam</strong></span> 
     </span>
     <span class='ocr_line' id='line_1_35' title="bbox 272 3665 747 3723; baseline 0.011 -5"><span class='ocrx_word' id='word_1_298' title='bbox 272 3665 406 3718; x_wconf 87' lang='lat' dir='ltr'><strong>Abderitis</strong></span> <span class='ocrx_word' id='word_1_299' title='bbox 426 3666 547 3718; x_wconf 86' lang='lat' dir='ltr'><strong>attribuit</strong></span> <span class='ocrx_word' id='word_1_300' title='bbox 566 3669 747 3723; x_wconf 84' lang='lat' dir='ltr'><strong>stoliditatem.</strong></span> 
     </span>
    </p>
   </div>
   <div class='ocr_carea' id='block_1_7' title="bbox 270 3759 1372 4328">
    <p class='ocr_par' dir='ltr' id='par_1_7' title="bbox 270 3759 1372 4328">
     <span class='ocr_line' id='line_1_36' title="bbox 343 3759 1357 3822; baseline 0.005 -13"><span class='ocrx_word' id='word_1_301' title='bbox 343 3759 385 3822; x_wconf 72' lang='lat'><strong>⁴³)</strong></span> <span class='ocrx_word' id='word_1_302' title='bbox 404 3759 478 3810; x_wconf 88' lang='lat' dir='ltr'><strong>velut</strong></span> <span class='ocrx_word' id='word_1_303' title='bbox 495 3759 628 3811; x_wconf 87' lang='lat' dir='ltr'><strong>Lucienus</strong></span> <span class='ocrx_word' id='word_1_304' title='bbox 646 3763 719 3813; x_wconf 88' lang='lat' dir='ltr'><strong>initio</strong></span> <span class='ocrx_word' id='word_1_305' title='bbox 738 3764 797 3816; x_wconf 88' lang='lat' dir='ltr'><strong>libri</strong></span> <span class='ocrx_word' id='word_1_306' title='bbox 820 3766 855 3818; x_wconf 93' lang='lat' dir='ltr'><strong>de</strong></span> <span class='ocrx_word' id='word_1_307' title='bbox 873 3766 1086 3820; x_wconf 86' lang='lat' dir='ltr'><strong>conscribendae</strong></span> <span class='ocrx_word' id='word_1_308' title='bbox 1111 3771 1238 3822; x_wconf 82' lang='lat' dir='ltr'><strong>historiae</strong></span> <span class='ocrx_word' id='word_1_309' title='bbox 1256 3769 1357 3822; x_wconf 89' lang='lat' dir='ltr'><strong>ratione.</strong></span> 
     </span>
     <span class='ocr_line' id='line_1_37' title="bbox 338 3846 1372 3930; baseline 0.003 -26"><span class='ocrx_word' id='word_1_310' title='bbox 338 3851 384 3914; x_wconf 60' lang='lat' dir='ltr'><strong>v⁴⁸)</strong></span> <span class='ocrx_word' id='word_1_311' title='bbox 409 3846 478 3919; x_wconf 74' lang='grc' dir='ltr'>Φησὶ</span> <span class='ocrx_word' id='word_1_312' title='bbox 504 3847 533 3902; x_wconf 75' lang='grc' dir='ltr'><strong>δὲ</strong></span> <span class='ocrx_word' id='word_1_313' title='bbox 562 3846 746 3925; x_wconf 78' lang='grc' dir='ltr'>Ἀθηνόδωρος</span> <span class='ocrx_word' id='word_1_314' title='bbox 772 3854 798 3906; x_wconf 72' lang='grc' dir='ltr'><strong>ἐν</strong></span> <span class='ocrx_word' id='word_1_315' title='bbox 822 3853 846 3924; x_wconf 86' lang='grc' dir='ltr'><strong>η’</strong></span> <span class='ocrx_word' id='word_1_316' title='bbox 867 3853 1035 3928; x_wconf 73' lang='grc' dir='ltr'><strong>Περιπάτων,</strong></span> <span class='ocrx_word' id='word_1_317' title='bbox 1059 3855 1179 3919; x_wconf 75' lang='grc' dir='ltr'><strong>ἐλθόντος</strong></span> <span class='ocrx_word' id='word_1_318' title='bbox 1199 3857 1372 3930; x_wconf 69' lang='grc' dir='ltr'><strong>Ἱπποκράτους</strong></span> 
     </span>
     <span class='ocr_line' id='line_1_38' title="bbox 272 3928 1372 4011; baseline 0.007 -27"><span class='ocrx_word' id='word_1_319' title='bbox 272 3928 335 4000; x_wconf 80' lang='grc' dir='ltr'>πρὸς</span> <span class='ocrx_word' id='word_1_320' title='bbox 363 3929 452 3993; x_wconf 65' lang='grc' dir='ltr'>αὐτόν,</span> <span class='ocrx_word' id='word_1_321' title='bbox 475 3929 597 3985; x_wconf 77' lang='grc' dir='ltr'>κελεῦσαι</span> <span class='ocrx_word' id='word_1_322' title='bbox 620 3931 777 4004; x_wconf 75' lang='grc' dir='ltr'>κομισθῆναι</span> <span class='ocrx_word' id='word_1_323' title='bbox 805 3934 886 4004; x_wconf 76' lang='grc' dir='ltr'><strong>γάλα·</strong></span> <span class='ocrx_word' id='word_1_324' title='bbox 914 3941 959 3991; x_wconf 79' lang='grc' dir='ltr'><strong>καὶ</strong></span> <span class='ocrx_word' id='word_1_325' title='bbox 980 3937 1142 4009; x_wconf 66' lang='grc' dir='ltr'>θεασάμενον</span> <span class='ocrx_word' id='word_1_326' title='bbox 1161 3939 1191 3992; x_wconf 85' lang='grc' dir='ltr'><strong>τὸ</strong></span> <span class='ocrx_word' id='word_1_327' title='bbox 1213 3939 1279 4011; x_wconf 80' lang='grc' dir='ltr'><strong>γάλα</strong></span> <span class='ocrx_word' id='word_1_328' title='bbox 1295 3936 1372 3992; x_wconf 71' lang='lat' dir='ltr'><strong>sirau</strong></span> 
     </span>
     <span class='ocr_line' id='line_1_39' title="bbox 272 4009 1372 4092; baseline 0.009 -32"><span class='ocrx_word' id='word_1_329' title='bbox 272 4009 337 4061; x_wconf 81' lang='lat' dir='ltr'><strong>tiam</strong></span> <span class='ocrx_word' id='word_1_330' title='bbox 356 4009 427 4080; x_wconf 77' lang='grc' dir='ltr'><strong>αἰγὸς</strong></span> <span class='ocrx_word' id='word_1_331' title='bbox 445 4011 614 4084; x_wconf 77' lang='grc' dir='ltr'>πρωτοτόκου</span> <span class='ocrx_word' id='word_1_332' title='bbox 631 4017 676 4066; x_wconf 83' lang='grc' dir='ltr'><strong>καὶ</strong></span> <span class='ocrx_word' id='word_1_333' title='bbox 694 4013 826 4086; x_wconf 79' lang='grc' dir='ltr'>μελαίνης.</span> <span class='ocrx_word' id='word_1_334' title='bbox 853 4014 933 4072; x_wconf 78' lang='grc' dir='ltr'><strong>Ὅθεν</strong></span> <span class='ocrx_word' id='word_1_335' title='bbox 952 4021 999 4092; x_wconf 80' lang='grc' dir='ltr'><strong>τὴν</strong></span> <span class='ocrx_word' id='word_1_336' title='bbox 1015 4021 1146 4092; x_wconf 74' lang='grc' dir='ltr'>ἀκρίβειαν</span> <span class='ocrx_word' id='word_1_337' title='bbox 1159 4020 1240 4074; x_wconf 76' lang='grc' dir='ltr'>αὺτοῦ</span> <span class='ocrx_word' id='word_1_338' title='bbox 1254 4017 1372 4086; x_wconf 67' lang='lat' dir='ltr'><strong>despite!</strong></span> 
     </span>
     <span class='ocr_line' id='line_1_40' title="bbox 270 4087 1371 4175; baseline 0.013 -34"><span class='ocrx_word' id='word_1_339' title='bbox 270 4087 315 4141; x_wconf 79' lang='lat' dir='ltr'><strong>otu</strong></span> <span class='ocrx_word' id='word_1_340' title='bbox 333 4087 517 4164; x_wconf 73' lang='grc' dir='ltr'>Ἱπποκράτην.</span> <span class='ocrx_word' id='word_1_341' title='bbox 555 4090 639 4147; x_wconf 79' lang='lat' dir='ltr'><strong>’Ahhd</strong></span> <span class='ocrx_word' id='word_1_342' title='bbox 656 4096 702 4147; x_wconf 81' lang='grc' dir='ltr'><strong>καὶ</strong></span> <span class='ocrx_word' id='word_1_343' title='bbox 719 4092 800 4166; x_wconf 79' lang='grc' dir='ltr'>κόρης</span> <span class='ocrx_word' id='word_1_344' title='bbox 819 4095 1015 4170; x_wconf 69' lang='grc' dir='ltr'>ἀκολουθούσης</span> <span class='ocrx_word' id='word_1_345' title='bbox 1039 4105 1077 4173; x_wconf 79' lang='grc' dir='ltr'><strong>τῷ</strong></span> <span class='ocrx_word' id='word_1_346' title='bbox 1095 4099 1267 4175; x_wconf 72' lang='grc' dir='ltr'>Ἱπποκράτει,</span> <span class='ocrx_word' id='word_1_347' title='bbox 1286 4103 1314 4170; x_wconf 70' lang='grc' dir='ltr'><strong>τῇ</strong></span> <span class='ocrx_word' id='word_1_348' title='bbox 1332 4095 1371 4164; x_wconf 62' lang='grc' dir='ltr'><strong>μὲν</strong></span> 
     </span>
     <span class='ocr_line' id='line_1_41' title="bbox 270 4170 1370 4324; baseline 0.014 -102"><span class='ocrx_word' id='word_1_349' title='bbox 270 4172 373 4305; x_wconf 50' lang='grc' dir='ltr'>ηηητῖην</span> <span class='ocrx_word' id='word_1_350' title='bbox 380 4173 477 4323; x_wconf 67' lang='grc' dir='ltr'>ἡρέρηιρ</span> <span class='ocrx_word' id='word_1_351' title='bbox 479 4170 661 4324; x_wconf 58' lang='grc' dir='ltr'><strong>τ(ΙΙοητρὶιιοηηθριιὸ</strong></span> <span class='ocrx_word' id='word_1_352' title='bbox 671 4172 851 4311; x_wconf 58' lang='grc' dir='ltr'>οὖδτιο,θΧαῖρο</span> <span class='ocrx_word' id='word_1_353' title='bbox 864 4178 944 4252; x_wconf 85' lang='grc' dir='ltr'>κόρη·</span> <span class='ocrx_word' id='word_1_354' title='bbox 959 4185 991 4254; x_wconf 78' lang='grc' dir='ltr'><strong>τη</strong></span> <span class='ocrx_word' id='word_1_355' title='bbox 1013 4181 1041 4236; x_wconf 77' lang='lat' dir='ltr'><strong>bi</strong></span> <span class='ocrx_word' id='word_1_356' title='bbox 1061 4181 1184 4256; x_wconf 71' lang='grc' dir='ltr'>ἐχομένη,</span> <span class='ocrx_word' id='word_1_357' title='bbox 1203 4181 1281 4256; x_wconf 83' lang='grc' dir='ltr'>Χαῖρε</span> <span class='ocrx_word' id='word_1_358' title='bbox 1299 4177 1370 4250; x_wconf 70' lang='lat' dir='ltr'><strong>piant·</strong></span> 
     </span>
     <span class='ocr_line' id='line_1_42' title="bbox 352 4270 881 4328; baseline 0.023 -29"><span class='ocrx_word' id='word_1_359' title='bbox 352 4288 357 4324; x_wconf 88' lang='lat' dir='ltr'><strong>t</strong></span> <span class='ocrx_word' id='word_1_360' title='bbox 430 4270 437 4283; x_wconf 92' lang='lat'><em>·</em></span> <span class='ocrx_word' id='word_1_361' title='bbox 522 4272 604 4312; x_wconf 56' lang='grc' dir='ltr'>τοι·</span> <span class='ocrx_word' id='word_1_362' title='bbox 632 4273 676 4314; x_wconf 70' lang='lat' dir='ltr'><strong>rr</strong></span> <span class='ocrx_word' id='word_1_363' title='bbox 711 4273 881 4328; x_wconf 81' lang='grc' dir='ltr'>ιιρορμνη.</span> 
     </span>
    </p>
   </div>
   <div class='ocr_carea' id='block_1_8' title="bbox 0 0 1451 4872">
    <p class='ocr_par' dir='ltr' id='par_1_8' title="bbox 0 0 1451 4872">
     <span class='ocr_line' id='line_1_43' title="bbox 0 0 1451 4872; baseline 0 0"><span class='ocrx_word' id='word_1_364' title='bbox 0 0 1451 4872; x_wconf 95' lang='lat' dir='ltr'><strong> </strong></span> 
     </span>
    </p>
   </div>
  </div>
 </body>
</html>
