2892 4872
277 301 320 366 84
601 299 799 366 donationum
826 298 1059 356 flammeorum

281 469 417 536 certatim
436 467 590 531 Abderitis
613 465 801 543 dementiam,
829 472 995 546 stuporem,
1023 465 1134 546 ingenii
1162 464 1319 528 tarditatem
1336 482 1365 524 ae

284 705 393 756 Graecis
415 707 442 754 et
458 699 581 752 barbaris
599 699 724 752 omnibus
748 703 853 752 vestras
869 701 1021 752 inimicitias
1041 697 1220 752 metuentibus
1236 699 1319 748 nortui
1333 697 1368 747 isti

284 786 448 850 mulierisque
462 783 517 834 suis
541 782 640 832 divitiis
661 781 721 832 elati
739 781 900 833 Macedones
917 795 950 833 eo
971 795 1020 834 vos
1037 782 1169 845 redigunt,
1186 782 1216 830 ut
1232 779 1302 830 robis
1316 779 1369 840 ipsis

284 869 354 930 fiune)
374 865 521 916 contemtui
541 865 607 924 sitis,
625 863 675 912 alia
693 861 771 912 vobis
789 863 987 926 persuadendo,
1005 863 1056 913 alia
1076 864 1102 912 vi
1121 860 1303 925 extorquendo,
1317 862 1369 907 tan-

284 961 365 1013 quarn
387 947 455 996 inter
469 943 611 994 Abderitas
630 945 677 993 aut
690 943 834 994 Maronitas
851 947 1006 1008 (purorum
1025 945 1186 1009 oppidorum
1205 940 1298 991 incolas
1315 951 1370 1003 quos

285 1029 395 1091 impune
419 1039 450 1076 ex
469 1023 577 1076 libidine
603 1027 720 1073 tractare
739 1027 821 1088 atque
838 1025 941 1087 injuriis
960 1025 1068 1076 allicere
1087 1026 1171 1086 lieetl:
1196 1035 1247 1072 non
1265 1033 1328 1080 vero,
1349 1020 1372 1065 nt

287 1110 356 1158 intes·
372 1107 548 1157 Athenienses
566 1105 757 1168 [amplissimae
775 1118 808 1154 ac
820 1106 1022 1168 potentissimae
1040 1107 1115 1158 urbas
1134 1106 1206 1155 eires
1222 1103 1263 1168 qui
1282 1101 1372 1162 injurias

286 1188 320 1239 ab
339 1185 462 1238 hostibus
481 1186 566 1236 illatas
585 1186 744 1249 propulsare
764 1186 859 1248 solent)
880 1185 1074 1250 rempublicam
1094 1186 1302 1237 administrantes
1317 1181 1338 1242 [i.
1354 1191 1372 1228 e.

286 1266 493 1320 Atheniensibus
518 1267 682 1330 imperantes
703 1263 866 1336 [ἄρχοντις];
901 1280 954 1331 qna
973 1270 1063 1318 tamen
1084 1280 1154 1318 voce
1173 1279 1253 1332 quum
1277 1261 1330 1312 nibil
1345 1259 1372 1308 ad

287 1351 407 1401 dolorem
429 1345 554 1398 acerbius
573 1346 678 1398 ciuibus
699 1351 757 1410 oJ'srs
787 1347 830 1396 ilto
846 1351 969 1412 tempore
988 1349 1114 1400 accidere
1131 1349 1230 1412 posset,
1256 1357 1303 1394 non
1322 1340 1375 1392 diui

287 1434 380 1480 oratur
399 1430 449 1480 nisi
475 1427 544 1476 inter
570 1425 736 1476 Athenienses
754 1425 936 1493 rernpsrbiicans
954 1428 1183 1490 administrantes.)
1216 1427 1295 1476 Nolim
1316 1422 1374 1472 ube-
1428 1481 1429 1484 Ἴ

287 1513 343 1562 rius
362 1511 480 1561 refutare
498 1509 676 1572 interpretum
695 1514 855 1570 commenta,
876 1523 908 1560 ex
929 1509 1027 1575 quibus
1045 1509 1116 1561 11111.
1136 1507 1246 1558 Wottius
1263 1506 1325 1555 bunc
1340 1503 1375 1551 lo-
1428 1549 1429 1570 p

288 1603 350 1640 cum
371 1601 514 1654 perperam
532 1591 613 1640 vertit
633 1592 660 1640 et
678 1590 812 1654 explicuit,
836 1589 956 1642 ltoislrius
976 1592 1077 1641 erroris
1097 1589 1220 1640 wolflani
1240 1587 1317 1638 utfinis
1332 1585 1375 1633 tuit.

289 1672 337 1722 1111
354 1671 424 1722 enirn
437 1669 625 1720 Abderitarum
645 1669 795 1720 dementiae
811 1682 862 1720 neo
879 1670 940 1720 rota
954 1683 1006 1720 neo
1017 1671 1160 1735 vestigium
1175 1673 1266 1722 exstat.
1291 1669 1375 1716 trans-

290 1765 323 1803 eo
344 1752 379 1801 ed
400 1750 536 1800 blachouis
561 1751 678 1814 Sicyonii
706 1749 884 1814 fragmentum
911 1749 984 1814 apud
1006 1750 1175 1804 Athenaeum
1201 1751 1250 1802 1.Ι.
1284 1748 1318 1798 De
1337 1747 1376 1796 hoc

290 1835 318 1884 C.
337 1831 377 1882 Fr.
396 1831 565 1883 hermannus
583 1831 610 1880 in
623 1829 747 1882 Abderae
767 1831 858 1894 oppidi
871 1831 1012 1882 historiae
1032 1829 1152 1884 tontibus
1166 1833 1258 1884 hausta
1270 1825 1376 1891 tvemucb

291 1915 366 1964 einer
386 1910 578 1962 urkundlicheu
604 1911 762 1963 Gesrbichte
788 1924 842 1962 von
869 1911 977 1962 Abdera
1004 1911 1030 1962 iu
1054 1913 1118 1978 Allg,
1140 1913 1316 1974 schulzeitnog
1331 1907 1376 1958 itai.

293 1989 361 2044 1830
378 2007 417 2042 nr.
438 1987 471 2040 tit
498 1989 624 2054 111516)
647 1993 683 2042 ita
698 1991 842 2056 judicavit:
879 1992 944 2054 „Die
966 1995 1039 2044 arste
1054 1994 1111 2045 und
1132 1995 1226 2046 atteste
1242 1989 1377 2054 Ansplelung

293 2075 342 2125 aul
358 2073 478 2124 Abderas
504 2072 690 2124 Verruienheit
712 2072 796 2124 tlndet
817 2073 874 2124 sich
902 2072 971 2124 wohl
995 2074 1022 2122 iu
1046 2075 1135 2125 ciuem
1155 2072 1326 2126 Brucbslticle
1340 2067 1377 2118 das

292 2155 406 2208 blachon
423 2166 472 2204 aus
491 2154 590 2216 Sicyon
611 2153 654 2204 bei
677 2155 828 2204 Athenaeus
846 2152 911 2214 Vlll,
937 2149 970 2203 tt
988 2167 1013 2217 p.
1031 2150 1089 2206 349.
1107 2155 1145 2218 B.‚
1161 2171 1203 2207 wo
1223 2151 1377 2206 (1111112111-

294 2249 407 2302 genosse
434 2235 482 2285 des
507 2235 674 2284 Ptolemaeus
701 2233 847 2297 Erat-getes
877 2233 932 2284 uud
961 2236 1051 2286 seiner
1080 2237 1238 2301 Nachtolger
1262 2229 1378 2298 folgenden

294 2319 362 2370 Witz
376 2317 424 2367 des
445 2316 623 2366 citharoedeu
638 2315 805 2366 stratonicus
823 2327 872 2366 eus
888 2315 981 2377 Athen,
998 2316 1046 2367 der
1066 2317 1137 2368 nach
1155 2317 1309 2368 Alexandrus
1322 2311 1379 2362 Tode

295 2399 380 2458 lehta,
405 2396 553 2448 bericbtet:
593 2396 637 2446 Als
664 2395 778 2446 nemlich
799 2395 888 2446 dieser
914 2397 995 2457 einst,
1029 2411 1075 2448 um
1093 2399 1184 2451 einem
1201 2395 1379 2450 musiknlischeo
1428 2453 1429 2458 ἵ

294 2481 460 2531 ll'ettstreite
486 2475 695 2537 beizuwohnen,
722 2477 789 2528 nach
815 2475 921 2527 Abdera
945 2477 1104 2542 gelrommen
1136 2481 1192 2544 sei,
1224 2493 1253 2532 so
1278 2477 1339 2528 habe
1358 2486 1380 2521 cr

295 2560 538 2622 wehrgenornmen,
557 2557 609 2606 wie
630 2556 692 2607 dort
712 2555 764 2608 last
778 2557 855 2620 jeder
872 2557 973 2622 Bttrger
991 2559 1083 2610 seinen
1101 2560 1199 2624 cignen
1219 2559 1310 2611 Herold
1326 2553 1380 2605 habe

295 2641 352 2692 und
372 2639 457 2690 durch
476 2640 569 2691 diesen
586 2638 654 2688 uach
673 2638 802 2689 Willkiibr
822 2639 899 2689 einen
918 2640 1057 2691 Neumoud
1079 2642 1208 2694 ausruten
1223 2644 1295 2702 lasse,
1313 2638 1382 2688 ilber-

295 2722 380 2786 haupt
402 2721 444 2770 1111
469 2720 513 2771 die
534 2719 632 2768 Anzahl
656 2719 704 2770 der
726 2720 827 2784 Bttrger
849 2721 901 2770 viel
928 2733 961 2771 zu
985 2721 1036 2772 viel
1062 2721 1179 2776 Heroldo
1203 2725 1237 2776 de
1254 2723 1328 2774 solen
1355 2715 1381 2768 tr

296 2803 366 2854 habe
391 2802 447 2852 also
475 2799 597 2864 pltttzlicb
622 2800 803 2864 angelangen,
832 2801 881 2850 mit
898 2801 969 2852 stari
991 2801 1039 2852 aut
1057 2801 1101 2854 die
1118 2802 1224 2856 Stratss
1241 2801 1381 2870 gericbtclen
1428 2797 1429 2816 ¹

296 2886 387 2948 Augen
408 2881 456 2932 aut
471 2881 523 2932 den
542 2877 711 2944 Futsspitzen
730 2881 941 2944 einherzugehen
962 2882 1018 2932 und
1035 2884 1084 2934 aul
1098 2885 1141 2936 die
1160 2887 1243 2951 Frage
1255 2883 1317 2935 nacb
1335 2881 1382 2930 dem

298 2964 406 3015 Grunde
425 2964 610 3026 geantwortet,
631 2975 660 3015 er
682 2961 786 3012 tiirchte
810 2961 858 3012 aul
877 2964 954 3013 einen
980 2963 1080 3014 herold
1105 2979 1138 3014 zu
1166 2970 1251 3018 treton
1273 2965 1324 3014 und
1338 2959 1382 3012 sich

297 3057 330 3094 zu
346 3039 474 3107 spiessen.
509 3029 596 3094 Doch¹
609 3043 704 3094 wdrde
728 3041 812 3093 selbst
839 3042 913 3094 diese
939 3044 1026 3106 stelle,
1045 3059 1079 3096 an
1096 3045 1154 3097 sich
1173 3047 1324 3104 betraebtat,
1341 3053 1382 3090 ut-

296 3123 421 3176 mentlich
442 3123 475 3174 da
495 3123 543 3174 der
560 3124 628 3174 Witz
641 3122 782 3174 desselben
796 3123 1010 3188 Lustigmaobers
1028 3127 1097 3177 auch
1112 3129 1183 3179 noch
1198 3129 1294 3180 andere
1308 3122 1383 3174 Sttdtt

298 3205 369 3266 trith,
386 3204 474 3255 nichte
491 3203 627 3256 1111111111
648 3205 687 3254 als
707 3204 751 3255 die
767 3203 965 3270 Entvitllserung
987 3207 1036 3258 der
1049 3207 1127 3258 stadt
1142 3210 1199 3260 und
1215 3211 1272 3260 aiae
1289 3203 1383 3270 gesisse

297 3283 487 3348 Ungewissheit
503 3285 807 3348 derZeitbestimmung,
818 3285 869 3335 wie
886 3287 926 3336 sie
945 3287 1015 3337 wohl
1033 3288 1059 3337 in
1076 3289 1207 3342 maucher
1223 3283 1383 3354 griechischen

296 3365 466 3416 Demolrratie
485 3365 564 3429 Folge
580 3365 629 3416 der
650 3365 812 3428 Unte‘higkeit
830 3366 896 3416 oder
912 3368 1101 3432 Sergiosigkeit
1127 3371 1177 3420 der
1201 3368 1329 3422 Bahthden
1342 3375 1383 3425 gc-

297 3457 388 3496 wesen
409 3446 466 3496 sein
489 3459 557 3509 mag,
580 3447 636 3497 und
662 3447 713 3496 wie
739 3447 778 3497 sio
802 3447 993 3509 Aristophanes
1012 3450 1133 3510 (ll'olken
1151 3465 1175 3502 r.
1197 3448 1288 3512 61111.)
1307 3442 1383 3498 hhcbsl

297 3525 417 3576 homisch
436 3525 582 3587 persitlirt'
616 3527 745 3592 Equidem
765 3528 880 3591 ingenue
899 3528 992 3590 fateor,
1014 3544 1058 3582 me
1075 3533 1102 3582 in
1122 3533 1172 3593 illo,
1191 3533 1225 3583 de
1242 3544 1292 3595 quo
1310 3523 1383 3590 toqui-

297 3608 341 3655 tnr
359 3605 534 3666 hermannus,
557 3608 712 3670 fragmento,
737 3608 798 3659 nibil
822 3607 913 3658 iudicii
930 3609 1058 3674 iuvenire,
1082 3627 1135 3678 quo
1163 3615 1286 3673 adducar.
1303 3606 1383 3669 ntjam

297 3686 432 3736 htachouis
457 3687 578 3748 ternpore
604 3688 673 3738 mule
702 3688 838 3739 audivisse
856 3688 999 3743 Abderitas
1018 3696 1143 3746 statuam.
1175 3695 1323 3757 Ubicunque
1340 3687 1384 3737 lert

298 3767 391 3817 Cicero
408 3765 532 3816 Abderae
551 3770 631 3830 atqrro
652 3765 840 3819 Abderitarum
862 3771 990 3836 meminit,
1014 3787 1105 3824 eorem
1125 3787 1179 3826 non
1198 3779 1251 3826 tam
1266 3777 1384 3834 stuporem

296 3861 378 3910 quam
395 3847 475 3897 animi
502 3845 637 3898 levitatem
665 3850 692 3898 et
717 3851 924 3902 inconstantiam
959 3865 1028 3917 quae
1049 3854 1177 3906 stultitiae
1203 3858 1319 3920 proxima
1345 3849 1385 3906 esi

296 3928 420 3979 troducit
455 3928 522 3978 ham
541 3929 565 3978 in
586 3930 662 3992 epist
681 3929 716 3979 nd
733 3930 786 3982 Att.
803 3931 844 3992 lv,
868 3929 914 3982 16:
933 3933 1054 3994 Messala,
1074 3935 1165 4000 iuquit,
1191 3941 1281 3988 noster
1298 3939 1324 3986 et
1338 3931 1384 3992 01⁰⁵

295 4007 426 4061 Domitius
453 4012 614 4074 competitor
640 4009 755 4061 liberatis
782 4011 809 4060 in
835 4013 965 4074 populum
998 4015 1075 4066 valde
1106 4019 1161 4066 hut.
1202 4017 1266 4072 h'ihil
1292 4013 1385 4080 gratius

294 4089 366 4138 Certi
384 4095 461 4140 erant
480 4091 609 4142 Consules
627 4090 736 4142 seilicet.
764 4092 797 4140 At
819 4093 933 4142 Senatus
951 4093 1080 4158 decrevit,
1101 4102 1131 4147 ut
1152 4100 1261 4150 tacitum
1273 4093 1383 4161 judicium

294 4173 356 4220 note
376 4172 483 4222 comitia
501 4171 584 4223 tieret
612 4171 651 4222 Ab
669 4172 840 4233 incensitis,
861 4187 931 4238 quae
948 4180 1024 4226 eraut
1041 4179 1137 4228 sortita
1155 4180 1180 4229 in
1196 4178 1309 4243 singulos
1326 4183 1383 4224 can·

292 4249 406 4316 didatus,
422 4264 535 4316 magnus
553 4253 632 4303 timor
650 4252 862 4308 candidatorum.
899 4251 956 4306 sed
971 4257 1080 4321 quidem
1095 4261 1208 4323 judices.
1229 4259 1255 4310 iu
1274 4257 1312 4309 bis
1328 4250 1384 4316 Opi·
