2956 4860
383 329 469 386 Liber
486 331 507 390 Ι.
541 329 586 386 Da
601 329 752 386 Democriti
770 329 837 388 vita.
1124 328 1170 397 45

83 497 173 560 scribit
199 496 304 562 Strabo
320 492 383 577 ³⁷).
440 495 489 559 Ab
519 515 558 560 eo
591 495 712 558 ultimas
743 501 840 558 terras
871 496 950 558 visas
980 514 1048 560 esse
1079 498 1170 562 tradit

81 607 115 668 Μ.
134 606 239 668 Tullius
252 601 310 685 ³³).
335 603 451 667 Plinius
469 605 536 668 hist
567 611 627 666 nat
645 603 697 666 lib.
714 605 812 667 XXV
835 623 900 683 cap.
925 593 943 665 5
967 605 1039 685 (cap
1059 607 1079 668 2
1102 606 1169 670 edd.

81 715 154 794 vett)
172 713 370 777 Democritum
393 713 475 793 apud
496 711 637 788 Persidis,
664 710 802 790 Arabiae,
824 711 1002 791 Aethiopiae
1024 711 1171 795 Aegypti-

81 841 129 902 que
145 842 243 903 magos
262 821 355 884 fuisse
374 819 521 902 perhibet
550 819 664 882 Exsilie
684 820 785 884 verius
805 839 894 904 quam
913 820 1170 902 peregrinationes

80 929 147 992 lione
164 931 294 1012 aliosque
317 929 519 1010 philosophos
539 928 765 991 addiscendam
784 928 931 1008 magicam
951 935 1045 992 artem
1066 948 1171 992 susce-

79 1037 147 1116 pisse
165 1039 240 1101 idem
261 1032 456 1117 scriptor³⁹)
485 1036 634 1116 opinatur.
686 1042 773 1118 Quae
791 1036 885 1099 verba
904 1056 967 1098 non
984 1037 1078 1118 magis
1098 1056 1171 1100 vera

80 1165 154 1226 quam
178 1146 250 1208 salsa
274 1165 343 1207 esse
370 1144 504 1224 planum,
521 1151 575 1208 est
620 1145 660 1208 Ut
680 1146 758 1207 enirn
780 1144 918 1206 itinerum
938 1145 1171 1225 magnitudinem
1254 1145 1265 1168 '

78 1256 205 1332 spectanti
228 1253 383 1316 exsulasse
409 1251 528 1313 videtur
547 1253 751 1329 Democritus,
778 1252 819 1313 ita
846 1272 915 1314 eum
935 1253 1050 1333 magiae
1071 1271 1170 1335 neque

78 1378 185 1438 gnarum
205 1381 304 1444 neque
324 1359 467 1440 cupidum
488 1359 580 1423 nasse
603 1361 680 1422 intra
699 1359 877 1424 videbimus.
918 1359 981 1423 Sed
1004 1360 1170 1424 litterarum

77 1487 153 1529 causa
169 1470 274 1532 mutas
296 1474 402 1548 gentes
422 1473 578 1550 terrasque
594 1467 747 1542 lustravit;
771 1469 967 1552 quamobrem
983 1468 1169 1550 Aeliano⁴⁰)

77 1580 141 1637 teste
158 1576 294 1639 laudatus
322 1580 368 1638 est
393 1595 412 1636 a
440 1576 668 1657 Theophrasto,
698 1577 781 1659 quod
812 1577 865 1639 has
893 1575 1034 1656 regiones
1065 1577 1170 1640 obiens

76 1681 185 1744 meliora
213 1683 373 1764 collegerit
401 1702 491 1764 quam
516 1683 566 1745 vel
591 1683 747 1746 Menelaus
772 1683 821 1744 vel
847 1683 957 1762 Ulixes,
986 1686 1099 1766 quippe
1118 1685 1171 1768 qui

74 1807 126 1850 non
144 1789 226 1852 aliter
258 1809 351 1873 quarn
379 1797 564 1852 mercatores
590 1791 758 1854 Phoenices
791 1775 1041 1855 circumerrarent
1078 1814 1171 1874 pecu-

75 1895 142 1958 niam
170 1899 357 1962 cumulantes
382 1907 479 1982 atque
509 1902 586 1962 lianc
615 1905 680 1960 tum
709 1897 894 1978 pedestrium
928 1907 991 1962 tum
1021 1901 1171 1964 navalium

75 2001 196 2069 itinerum
215 2027 340 2070 causam
361 2007 513 2072 habentes.
558 2008 593 2068 ln
615 2005 757 2088 Aegypto
783 2007 1017 2090 quinquennium
1038 2028 1172 2073 commo-

75 2117 158 2175 ratum
178 2136 244 2178 esse
264 2116 484 2192 Democritum,
506 2123 630 2178 auctore
651 2112 852 2195 Diodoro⁴¹)
869 2118 932 2195 jam
954 2137 1047 2198 supra
1068 2118 1173 2180 docui·

73 2239 129 2282 mus
158 2223 246 2306 idque
278 2223 452 2288 confirmari
480 2222 575 2304 ipsius
604 2221 770 2286 Democriti
799 2225 880 2304 apud
900 2224 1085 2288 Clementem
1105 2245 1172 2288 ver-

73 2325 111 2390 bis
130 2329 406 2396 demonstravimus.
458 2331 597 2414 Denique
617 2330 755 2394 Julianus
782 2331 1011 2417 imperator‘2)
1044 2335 1172 2415 epistola

132 2553 168 2618 ³⁷]
186 2555 274 2608 strab.
295 2555 340 2608 lib.
359 2557 403 2606 XV
422 2568 483 2620 pag.
503 2552 555 2606 703
574 2555 616 2607 ed.
635 2552 750 2608 Caaaub.

132 2646 169 2708 ⁸⁸]
193 2648 289 2699 Cicero
317 2645 351 2697 do
377 2646 431 2698 Fin.
457 2646 520 2698 bon.
547 2651 574 2699 et
595 2647 656 2699 mal.
680 2646 723 2698 lib.
742 2647 773 2710 V,
794 2643 839 2698 19:
875 2647 943 2708 Quid
963 2647 996 2698 da
1014 2647 1171 2711 Pythagora,

75 2725 126 2786 quiid
143 2727 175 2778 de
195 2728 307 2779 Platona
334 2728 381 2777 aut
399 2729 551 2780 Democrito
571 2730 672 2793 loquer,
699 2741 714 2777 a
735 2727 832 2792 quibus
851 2732 963 2794 propter
979 2728 1101 2779 discendi
1118 2740 1172 2779 cu-

72 2807 196 2866 piditatem
213 2810 341 2862 videmus
361 2809 469 2861 ultimas
487 2813 574 2861 terras
592 2823 653 2860 esse
670 2809 851 2874 peragratas?

129 2901 166 2964 ³⁹)
185 2903 285 2954 Plinius
302 2901 362 2952 bist
379 2903 492 2954 natural.
510 2902 553 2954 hb.
564 2902 630 2952 XXX
650 2913 709 2963 cop.
728 2895 751 2951 ΙΙ
769 2899 810 2950 ed.
829 2899 919 2952 Franz.
939 2900 970 2962 (c.
984 2900 1006 2951 1.
1027 2901 1087 2954 edd.
1098 2903 1172 2966 vett)

130 2993 167 3056 ⁴⁰)
187 2995 285 3046 helion.
295 3003 351 3042 var.
364 2992 423 3044 hist.
433 2991 473 3057 lv,
482 2992 530 3044 20:
551 2991 593 3044 bad
604 2991 685 3043 ταῦτα
698 3007 737 3043 τοι
756 2992 800 3043 καὶ
809 2985 973 3062 θεόφραστος
986 2989 1063 3044 αὺτὸν
1077 2991 1174 3065 ἐπῄνει,

70 3063 102 3118 ότι
115 3071 206 3145 περιῄει
222 3071 360 3144 κρείττονα
373 3070 483 3144 ἀγερμὸν
498 3071 606 3144 ἀγείρων
619 3068 755 3125 Μενιλάου
766 3073 811 3124 καὶ
823 3067 981 3130 Ὀδυσσέως.
1001 3069 1113 3126 Ἐκεῖνοι
1126 3075 1173 3143 μίν

69 3149 109 3222 γὰρ
120 3151 217 3222 ίρλῶντο
229 3150 387 3224 αὐτόχρημα
399 3149 530 3206 Φοινίκων
545 3151 667 3224 ἐμπόρων
686 3150 767 3222 μηδὲν
787 3151 959 3224 διαφέροντας.
982 3149 1110 3225 Χρήματα
1125 3155 1174 3228 γὰρ

70 3229 177 3302 ᾔλίροιζον
196 3235 242 3286 καλ
262 3238 311 3304 τῆς
330 3231 449 3304 περιόδου
476 3234 521 3286 καλ
538 3238 584 3285 τοῦ
602 3231 725 3304 περίπλου
743 3231 839 3303 ταόττρν
860 3233 931 3306 εἶχον
950 3235 997 3306 τὴν
1019 3233 1156 3308 πρόφασιν.

130 3327 167 3390 ⁴¹)
187 3327 298 3379 Diodor.
318 3327 369 3378 Sic.
389 3327 453 3378 Btbt
473 3327 534 3380 hist.
555 3327 597 3379 hb.
613 3322 631 3388 l,
651 3323 686 3377 98
702 3322 780 3378 vohl
797 3341 823 3391 p.
843 3325 893 3378 110
915 3328 957 3379 ed.
978 3329 1065 3381 Wess.

131 3418 169 3480 ⁶³)
186 3419 312 3470 Julianus
331 3421 408 3483 epist
427 3417 541 3470 XXXVII
562 3433 622 3484 pag.
640 3415 691 3468 413
710 3419 751 3471 ed.
769 3421 838 3483 Lips.
866 3416 934 3472 Φασλ
952 3420 997 3472 καὶ
1012 3414 1174 3490 Δημόκριτον

69 3489 105 3540 τόν
119 3493 284 3568 Ἀβδηρίτην,
303 3497 391 3570 ἀπειλὴ
407 3495 507 3570 Δαρείῳ
524 3497 644 3568 γυναικός
662 3497 745 3569 καλῆς
764 3497 883 3569 ἀλγοῦντι
901 3497 1014 3554 θάνατον
1034 3499 1084 3554 οὐκ
1104 3499 1175 3571 κίχεν

69 3567 110 3624 lsi
129 3575 158 3627 ἂν
176 3577 256 3630 είπάιν
276 3577 313 3636 είς
331 3577 497 3649 παραμυθίαν
516 3579 656 3651 ἀρκέσειεν,
676 3577 835 3651 ὑποσχέσθαι
852 3580 876 3632 ολ
892 3582 939 3653 τὴν
961 3578 1124 3633 ἀπελθοῦσαν
1141 3579 1175 3639 είς

69 3659 118 3720 χώς
134 3655 245 3720 ἀνάξειν,
264 3656 297 3730 ἣν
327 3654 437 3731 ἐθελήσῃ
459 3665 512 3712 τῶν
541 3660 576 3718 είς
595 3661 643 3732 τὴν
664 3661 752 3733 χρείαν
769 3661 888 3734 ἡκόντων
908 3661 1048 3733 ὑποστῆναι
1066 3661 1113 3732 τὴν
1130 3677 1175 3732 χο·

68 3735 157 3804 μηρίον.
196 3734 378 3797 hetthaeus<
405 3737 431 3792 δ’
461 3738 559 3791 ἐκείνου
578 3741 614 3812 μὴ
636 3724 786 3814 φείσασθαι,
811 3739 859 3800 ἀπε
887 3740 911 3796 δ’
939 3741 970 3794 ἀν
993 3741 1036 3816 lif,
1062 3740 1176 3811 λαβόντα

67 3815 107 3884 τὴν
130 3815 268 3891 ὑπόσχεσιν
293 3817 462 3886 epactam,
488 3819 580 3892 μικρὸν
607 3821 745 3894 ἐπισχόντα
772 3821 866 3895 χρόνον
895 3821 990 3884 εἰπεῖν,
1014 3821 1052 3875 ότι
1069 3821 1101 3874 τὰ
1129 3821 1176 3890 μὲν

69 3891 127 3946 ἄλλα
154 3897 226 3970 abegi
265 3899 328 3970 πρὸς
358 3901 405 3972 τὴν
434 3904 481 3952 τοῖν
510 3900 585 3971 ίργου
617 3901 707 3973 πρᾶξιν
734 3885 933 3975 συμπομεσθείη,
963 3903 1044 3972 μόνον
1068 3902 1096 3955 δὲ
1121 3901 1178 3960 lade

67 3975 219 4043 προσθέοιτο,
247 3977 262 4032 ἀ
292 3978 324 4052 δὴ
346 3979 424 4033 αότὸν
447 3981 494 4050 μὲν
516 3980 566 4033 aba
591 3983 659 4056 ἔχειν
684 3980 755 4042 όπως
779 3983 809 4035 ἂν
833 3984 925 4055 λάβοι·
962 3981 1070 4056 Δαρεῖον
1091 3981 1119 4035 bl
1141 3981 1178 4041 ὡς

69 4052 166 4120 βασιλία
184 4057 250 4131 όλης
272 4064 317 4132 τῆς
332 4059 424 4120 Ἀσίας
446 4059 477 4114 oh
496 4059 619 4133 χαλεπῶς
639 4063 670 4116 ἂν
692 4063 754 4123 lom:
772 4063 863 4136 εὑρεῖν.
895 4061 1040 4137 Ἐρομένου
1060 4062 1085 4116 δ’
1114 4061 1178 4115 ἐκεί-

67 4149 115 4198 ννν,
138 4139 163 4192 τί
184 4137 216 4192 ἀν
244 4139 283 4212 τίη
303 4149 439 4206 τοσοῦτον,
464 4139 478 4194 ὃ
499 4139 572 4213 μόνῳ
595 4143 694 4214 βασιλεῖ
711 4143 859 4218 γνωσθῆναι
882 4151 1061 4218 συρχωρεῑται,
1083 4142 1178 4196 broha-

69 4213 139 4279 βόντο
155 4222 219 4292 paul
245 4220 291 4274 τάν
308 4221 488 4294 Δημόκριτον,
512 4223 534 4276 εί
558 4231 635 4295 τριῶν
656 4223 810 4297 ἀπενθήτων
838 4223 952 4294 όνόματα
972 4231 1010 4297 τῷ
1037 4227 1112 4298 τάφιμ
1132 4228 1179 4296 τῆς

67 4299 178 4362 imulas
205 4301 379 4376 ὶπῑγράψειιν,
408 4301 486 4365 :ohta
515 4303 597 4378 abm'pa
618 4303 827 4378 ἀναβιώσεσθαι,
845 4309 882 4380 τῷ
904 4311 950 4380 τῆς
968 4305 1088 4378 τελευτῆς
1105 4305 1178 4376 νόμῳ
