2938 4864
288 305 354 372 27⁰
611 302 808 367 Quamttonnu
834 301 1070 358 nannents-un

289 495 337 540 me
358 477 433 538 haec
459 471 553 534 verba
579 487 643 534 non
665 469 841 552 intelligere.
883 470 967 533 Num
989 489 1061 533 sana
1082 469 1218 534 lectio?”
1260 469 1320 533 Cui
1342 491 1410 535 non

289 583 368 646 male
394 580 552 662 respondit
579 580 696 660 Caspar
725 577 872 642 Orellius:
902 579 995 656 „dliii
1020 577 1139 641 uidetur
1167 577 1290 660 vrrlgata
1309 579 1409 642 lectio

289 690 446 754 sanissima
462 694 493 750 et
516 687 561 751 sic
584 687 778 768 explicanda:
795 687 1003 768 pentecotem
1026 687 1162 748 collectio
1183 694 1214 748 ct
1239 707 1315 750 mua
1334 709 1409 750 cum

289 798 426 862 statutio
444 795 627 878 conjunctu
647 797 801 875 autquasi
824 795 995 857 convenam
1016 793 1168 874 cheragra.
1209 793 1327 858 Alludit
1348 798 1410 858 sei-

290 906 364 970 licet
380 907 419 969 ad
448 903 572 984 choregi
597 921 706 966 munus
734 901 981 966 molestissimum
1007 900 1098 964 simul
1127 909 1158 965 et
1177 905 1409 984 sumptuosissi-

289 1035 380 1080 mum.
423 1010 569 1076 Sammelt
596 1030 665 1072 man
691 1010 745 1071 mit
771 1009 959 1072 Unverstand
984 1007 1180 1088 Reichthurn,
1211 1031 1247 1074 so
1276 1012 1316 1074 ist
1338 1012 1409 1076 dies

291 1122 358 1184 eine
384 1121 584 1202 gemeursame
609 1119 759 1198 Choregie
788 1117 857 1181 di.
886 1137 921 1181 so
948 1118 1015 1179 least
1043 1117 1084 1179 du
1109 1136 1168 1180 nur
1197 1139 1265 1181 zum
1289 1121 1408 1184 Besten

290 1229 409 1306 andrer,
427 1227 476 1290 die
498 1228 567 1290 dien
590 1248 629 1291 zu
655 1226 750 1288 iurem
778 1225 938 1306 Choregeu
963 1225 1099 1302 machon,
1128 1225 1196 1288 dich
1218 1228 1267 1290 bei
1288 1229 1408 1292 diesem

291 1337 367 1400 oder
381 1337 484 1416 jenem
506 1335 634 1398 Aulasse
647 1334 802 1414 abzapien,
823 1331 1024 1414 gesemmelt.”
1065 1333 1099 1394 In
1119 1334 1175 1396 hac
1193 1335 1408 1417 explanatione

290 1443 364 1506 nihil
385 1441 584 1523 reprehendo,
612 1441 670 1506 nisi
700 1441 783 1524 quod
808 1441 941 1504 Orellius
969 1460 1030 1503 non
1053 1440 1269 1520 animadvertit,
1290 1447 1407 1510 Demo

291 1550 400 1615 criturn
429 1569 490 1611 non
518 1551 556 1613 de
582 1549 761 1630 colligendis
789 1549 927 1628 pecuniis
954 1549 1038 1631 (περὶ
1062 1551 1115 1630 τῆς
1139 1554 1199 1612 τῶν
1233 1554 1405 1636 χρημάτων

291 1657 442 1740 κτήσεως)
471 1658 525 1721 sed
555 1657 593 1720 de
621 1658 691 1720 solo
721 1677 824 1720 aarum
851 1675 909 1719 usu
932 1655 1103 1741 (χρήσεως)
1126 1656 1175 1720 hic
1193 1679 1291 1740 agere.
1335 1663 1407 1727 Nos

291 1767 322 1826 in
347 1765 556 1827 uamterenda
576 1766 732 1843 sententia,
759 1766 919 1846 choragiae
937 1763 1087 1827 vocabulo
1117 1765 1219 1844 vitato,
1247 1769 1406 1833 intellectu

291 1871 408 1934 facilius
425 1871 553 1934 reddere
573 1873 748 1955 philosophi
776 1874 998 1954 apophthegm
1023 1873 1209 1937 tentavimus
1251 1878 1287 1940 Si
1309 1879 1407 1941 Maxi-

290 2001 373 2044 mum
393 1980 548 2062 sequimur
568 1987 732 2059 auctorem,
754 1983 808 2062 (ci.
828 1982 942 2062 poco)
966 1981 1116 2044 statuebat
1134 1984 1337 2064 Democritus,
1359 1988 1406 2050 di-

290 2089 367 2151 vites
391 2087 554 2170 plerosque
580 2085 770 2170 ἐπιτρόπους,
803 2085 883 2152 ἀλλὰ
914 2089 955 2171 μὴ
978 2087 1129 2158 δεσπότας
1151 2095 1211 2152 τῶν
1233 2095 1404 2176 χρημάτων

291 2195 384 2271 sirau
406 2195 437 2257 id
459 2196 543 2277 quod
563 2195 672 2259 Orellii
692 2197 969 2277 interpretationem
991 2198 1157 2261 confirmat.
1199 2200 1264 2262 Hac
1284 2201 1404 2264 ratione

292 2305 372 2370 enim
396 2303 447 2366 vel
473 2303 539 2384 ipse
567 2304 700 2384 populus
729 2306 777 2368 vel
809 2305 981 2389 quicunque
1010 2304 1119 2368 divites
1151 2309 1190 2370 ad
1218 2310 1403 2390 erogandam

289 2413 448 2498 pecuniam
469 2411 553 2492 cogit
574 2411 591 2473 ὁ
616 2411 765 2496 δεσπότης
786 2419 845 2476 τῶν
867 2413 1034 2499 χρημάτων
1055 2420 1109 2492 est,
1132 2416 1190 2498 ipsi
1210 2417 1318 2481 divites
1341 2418 1402 2482 ἐπι-

288 2521 410 2608 τρόπων
430 2539 554 2583 munere
573 2520 746 2600 iunguntur.

375 2631 424 2692 58.
467 2629 502 2690 ln
522 2627 693 2702 sententiis,
715 2629 791 2692 falso
813 2630 1005 2693 Democratis
1033 2631 1155 2694 nomine
1176 2632 1338 2715 inscriptis,
1359 2637 1402 2698 le

289 2739 416 2821 gebatur
438 2733 601 2810 συνέσεως,
624 2755 762 2819 proquo
784 2736 918 2801 Orellius
937 2759 954 2801 e
974 2739 1108 2802 Stobaeo
1138 2740 1292 2804 substituit
1317 2743 1400 2805 συνέ-

290 2867 364 2913 οιος.
408 2844 449 2907 At
467 2841 726 2922 epudStobaeum
749 2845 836 2908 codd
857 2846 967 2909 habent
988 2845 1131 2922 ξυνέσιος,
1151 2869 1227 2930 quae
1250 2850 1401 2931 scriptura

288 2956 342 3017 τοῦ
366 2950 416 3023 ida
447 2970 505 3031 pro
537 2949 589 3012 σόν
619 2969 638 3012 a
666 2950 796 3016 librariis
821 2973 913 3034 saepe
944 2960 1056 3018 mutata
1085 2957 1198 3039 ubique
1223 2959 1399 3022 Democrito

288 3061 441 3125 reddenda
463 3059 591 3122 videtur.
634 3059 713 3122 Nam
745 3063 800 3123 etsi
829 3062 907 3125 inter
929 3064 1049 3127 ionicos
1071 3065 1237 3147 scriptores
1261 3065 1399 3130 Herodo-

288 3177 336 3232 tus
354 3169 418 3230 iere
448 3175 623 3230 constanter
643 3173 745 3229 utatur
768 3169 873 3232 formis
892 3170 1053 3255 συμφέρω,
1075 3173 1218 3256 συμφορή
1242 3179 1273 3235 et
1298 3174 1399 3237 simiti-

285 3278 355 3354 bus,
373 3276 412 3338 ci.
428 3275 505 3337 lib.l
527 3295 592 3356 cap.
605 3276 655 3353 3‘2,
678 3277 881 3358 Hippocrates
902 3285 999 3340 tomen
1021 3279 1143 3342 alteram
1166 3283 1398 3361 praepositionis

287 3385 415 3447 formam
435 3390 603 3463 praeoptat,
624 3382 770 3468 ξυμφέρω
792 3393 822 3448 et
836 3385 975 3471 Ευμφορή
998 3388 1109 3450 dicens.
1154 3388 1233 3450 Vide
1244 3390 1399 3472 Schweig-

285 3489 425 3554 incensori
444 3489 503 3553 lex.
524 3492 636 3555 Herod.
664 3499 693 3556 et
719 3493 824 3556 Foesii
847 3496 1013 3558 Oeconom.
1033 3496 1179 3576 Hippocr.
1223 3499 1290 3559 Huc
1313 3519 1398 3562 acce-

286 3599 338 3676 dit,
355 3598 438 3680 quod
466 3597 532 3661 aliis
559 3599 637 3672 locis
662 3619 734 3680 pars
760 3602 900 3665 codicum
930 3601 1054 3664 Stobaei
1083 3623 1119 3666 ac
1141 3611 1299 3684 praeterea
1320 3608 1395 3669 Cod.

285 3707 388 3786 Palat,
413 3705 464 3788 qui
486 3708 649 3772 sententias
672 3709 1012 3774 Pseudodemocraticas
1034 3711 1176 3790 continet,
1198 3710 1275 3774 illud
1297 3712 1311 3782 Ε
1334 3733 1396 3776 ser-

284 3823 401 3882 varunt.
445 3815 518 3878 lnde
549 3815 646 3878 facilis
673 3818 849 3896 conjectura
878 3824 940 3894 est,
969 3819 1051 3898 apud
1080 3820 1289 3882 Democritum
1311 3823 1395 3884 resti-

283 3927 428 3992 tuendum
450 3924 554 3993 esset
584 3923 616 3986 iu
644 3924 700 3987 trac
730 3925 970 4006 praepositione,
1001 3925 1032 3986 id
1056 3927 1140 4008 quod
1165 3927 1230 3989 fieri
1251 3936 1393 4008 oportere

284 4034 454 4115 suspicatus
483 4031 618 4094 Orellius
646 4032 817 4094 iaciendum
846 4032 913 4096 aliis
942 4033 1072 4115 reliquit.
1120 4034 1189 4097 Nos
1217 4037 1311 4098 semel
1336 4037 1393 4098 hoc

282 4143 436 4206 monuisse
463 4140 596 4204 contenti
627 4145 764 4203 caeteros
784 4141 873 4204 locos
896 4140 980 4204 taciti
1001 4141 1039 4202 ad
1058 4141 1135 4203 hanc
1156 4161 1294 4206 normam
1317 4145 1392 4206 dire·

282 4253 387 4312 ximus
431 4250 491 4310 Pro
514 4249 652 4332 κτήματα
671 4248 703 4311 in
725 4248 795 4312 cod.
817 4248 911 4313 Palat.
931 4249 1010 4312 male
1030 4248 1173 4312 scribitur
1193 4250 1350 4334 χρήματα.
1378 4283 1379 4287 =
