2984 4876
228 319 294 386 218
426 393 432 406 ‚
564 315 760 382 Qucum!
788 317 1023 376 Demrltcmer

314 491 365 552 27.
408 481 469 550 Τὸν
497 485 552 570 μὲν
586 482 639 548 οὖν
669 484 760 556 ὀξὺν
790 482 937 572 εἶναιτῷ
964 487 1098 571 oppipare
1125 486 1287 570 χωνιαειδῆ
1310 509 1344 550 τε

230 595 281 660 καλ
300 597 487 677 ταλυκαμιτῆ
516 594 567 656 καὶ
590 592 694 677 μικρὸν
722 595 774 657 καὶ
800 593 925 656 λεπτόν·
955 593 1006 657 διὰ
1025 593 1082 679 γὰρ
1104 595 1157 678 τὴν
1178 595 1344 680 δριμύτητα

229 702 309 788 ταχθ
325 703 377 766 καὶ
397 702 494 784 πάντη
518 699 731 764 διαδίνεσθαι·
751 701 864 787 τραχὺν
882 699 910 764 δ’
937 700 1009 765 ὄντα
1029 701 1081 765 καὶ
1098 703 1260 786 χωνιοειὸῖρ
1278 725 1344 765 συν-

232 813 316 893 άχειν
340 812 392 874 καὶ
421 807 555 893 συσπᾷν·
578 809 625 871 aa
654 807 704 870 καλ
731 807 905 893 θερμαίνειν
927 809 961 872 τὸ
985 811 1087 891 σῶμα,
1110 809 1274 894 κενότητας
1293 810 1343 892 ἐμ-

152 897 154 906 *
229 923 393 982 ποιοῦντα·
424 919 555 1003 μάλιστα
579 915 637 1000 γὰρ
669 915 891 1001 θερμαίνεσθαι
916 917 951 980 τὸ
980 918 1123 978 πλεῖστον
1151 913 1223 1002 ἔχον
1244 918 1343 982 κενόν.

230 1023 290 1090 Τὸν
314 1027 349 1090 δὲ
370 1024 515 1111 γλυκὺν
543 1023 578 1087 ἐκ
597 1029 772 1109 περιφερῶν
801 1023 979 1108 συγκεῖσθαι
1000 1025 1166 1109 σχημάτων
1189 1023 1246 1088 οὐκ
1267 1024 1344 1108 ἄγαν

230 1139 362 1219 μικρῶν·
382 1135 430 1198 διὸ
452 1132 504 1196 καὶ
523 1133 640 1217 διαχεῖν
665 1131 746 1200 ὅλαις
768 1133 802 1194 τὸ
832 1137 934 1216 σῶμα,
957 1133 1009 1196 καλ
1034 1130 1071 1194 cir
1095 1131 1203 1218 βιαίως
1228 1133 1279 1196 καὶ
1306 1133 1344 1196 οὐ

227 1241 306 1328 ταχὺ
336 1243 435 1307 πάντα
460 1241 630 1324 περαίνειν·
659 1238 730 1308 τοὺς
758 1237 787 1301 δ’
816 1237 931 1307 ἄλλους
955 1237 1072 1324 χυλοὺς
1100 1240 1266 1324 ταράττειν,
1298 1240 1345 1304 ὅτι

229 1348 381 1412 craterae
410 1345 514 1433 πλανᾷ
539 1349 577 1412 τὰ
606 1348 686 1412 ἄλλα
708 1347 758 1410 καὶ
785 1346 933 1431 ὑγραίνει·
955 1343 1158 1430 ὑγραινίμενα
1180 1348 1285 1412 δὲκαὶ
1310 1348 1345 1412 ἐκ

228 1459 282 1538 τῆς
303 1456 419 1527 relicta:
443 1455 608 1540 acccipere
636 1456 758 1542 συρρεῖν
785 1455 829 1522 εἰς
855 1455 908 1537 τὴν
929 1453 1061 1518 κοιλίαν·
1083 1453 1194 1539 ταύτην
1216 1455 1273 1538 peip
1296 1453 1344 1518 εὐ-

228 1565 406 1648 πορώτατον
429 1561 508 1626 εἶναι
536 1563 587 1629 διὰ
616 1565 651 1628 τὸ
681 1565 822 1627 πλεῖστον
846 1561 924 1626 εἶναι
941 1559 1038 1626 κενόν.
1082 1562 1282 1644 Theoplrrast.
1305 1565 1345 1626 de

230 1690 321 1734 sensu
344 1679 374 1734 et
399 1672 499 1734 sensil.
521 1675 571 1735 65.

309 1783 360 1842 28.
404 1775 463 1842 Τὸν
477 1779 512 1842 δὲ
535 1781 732 1866 στρυφνὸν
755 1779 789 1843 ἐκ
805 1779 947 1864 μεγάλων
962 1777 1128 1862 σχημάτων
1143 1777 1194 1840 καὶ
1206 1780 1344 1862 πολυχει-

228 1887 300 1952 νίων
324 1887 376 1950 καὶ
395 1887 560 1972 περιφερὲς
576 1887 674 1973 ἥκιστ’
699 1887 849 1973 ἐχόντων·
879 1889 975 1950 ταῦτα
992 1884 1050 1970 γὰρ
1075 1884 1146 1948 ὅταν
1166 1884 1210 1954 είς
1228 1884 1264 1948 τὰ
1286 1889 1345 1950 σιρ-

230 2017 311 2078 ματα
329 1993 419 2077 ἔλθη,
427 1992 613 2080 ἐπιτυφλρῦν
624 1997 832 2082 ἐμπλάτταντα
839 1993 876 2056 τὰ
886 1992 998 2078 φλέβια
1008 1993 1060 2056 καὶ
1070 1992 1200 2056 κωλύειν
1214 1991 1344 2076 συρρεῖν·

229 2103 276 2165 διὸ
304 2101 355 2166 καὶ
384 2100 438 2172 τὰς
464 2104 581 2172 κοιλίας
604 2105 729 2168 ίστείναι.
780 2099 840 2166 Τὸν
861 2101 896 2164 δὲ
922 2102 1058 2185 πικρὸν
1086 2099 1121 2165 ἐκ
1151 2103 1266 2183 μικρῶν
1293 2102 1345 2164 καὶ

229 2209 319 2272 λείων
348 2209 399 2272 καὶ
422 2215 613 2295 περιφερῶν·
649 2210 702 2294 τὴν
733 2209 931 2294 περιφέρειαν
961 2207 1110 2294 εἰληχότα
1139 2209 1190 2272 καὶ
1221 2212 1346 2294 καμπὰς

230 2314 381 2402 ἔχουσαν·
406 2317 452 2381 διὸ
475 2319 526 2381 καὶ
541 2319 684 2404 γλίσχρον
705 2314 783 2382 εἶναι
795 2318 846 2382 καὶ
858 2316 1013 2401 κολλώδη.
1044 2313 1104 2381 Τὸν
1126 2314 1157 2380 δ’
1172 2317 1343 2403 ἁλμυρὸν

314 2541 364 2603 27.
406 2542 545 2624 Namque
566 2549 695 2603 amatum
715 2559 856 2620 saporem
879 2561 946 2605 esse
969 2541 1068 2604 lerina
1088 2541 1272 2622 angularem,
1292 2543 1344 2604 fle-

228 2667 368 2726 xuosum,
388 2669 515 2729 parvum
538 2655 568 2712 et
590 2657 719 2726 tenuem,
742 2655 772 2709 et
789 2655 917 2731 propter
940 2649 1137 2712 acritudinem
1155 2651 1294 2713 celeriter
1314 2661 1345 2713 et

229 2756 341 2839 ubique
363 2755 494 2836 perlabi;
519 2763 552 2820 ut
581 2775 725 2838 asperum
744 2775 818 2819 vero
844 2765 874 2819 et
895 2757 1068 2838 angularem
1090 2779 1201 2839 cogere
1221 2767 1250 2821 et
1272 2781 1345 2822 eon-

229 2867 348 2928 trahere
379 2883 417 2928 ec
441 2865 544 2943 modo,
573 2871 607 2928 ut
635 2883 748 2945 corpus
773 2864 945 2943 calefaciet,
976 2865 1134 2929 inanitates
1163 2867 1343 2946 injiciendo:

229 2972 414 3056 quodecim
439 2972 603 3054 plurimum
627 2973 716 3036 vacui
744 2972 859 3049 habeat,
882 2974 1011 3036 maxime
1030 2973 1171 3037 calefieri.
1216 2978 1344 3038 Dulcem

229 3087 329 3144 autem
356 3081 533 3144 erctundis
561 3081 666 3162 liguris
697 3079 869 3144 acerrimis
897 3079 998 3160 parvis
1030 3088 1185 3160 constare,
1213 3084 1345 3167 ideoque

229 3207 343 3268 corpus
364 3188 454 3267 plane
475 3189 668 3270 pertundere,
681 3207 779 3270 neque
791 3189 983 3251 vehementer
1004 3208 1061 3251 nec
1081 3189 1223 3252 celeriter
1245 3192 1346 3255 ortaria

230 3315 404 3375 permeare;
436 3302 588 3359 caeterum
614 3295 733 3360 dulcem
753 3298 931 3375 perturbare
951 3303 1088 3362 caeteros
1113 3319 1249 3378 sapores,
1270 3320 1345 3381 qno-

232 3403 311 3463 niam
335 3403 495 3483 perlabens
522 3405 638 3489 reliqua
666 3405 819 3485 dispergat
847 3411 877 3467 et
898 3406 1084 3484 madefaciat,
1108 3406 1273 3468 madefacta
1293 3428 1345 3470 au-

230 3519 290 3573 tern
319 3517 349 3573 et
375 3511 542 3575 disturbata
570 3513 602 3574 in
631 3519 767 3575 ventrem
791 3515 960 3590 confluere,
996 3515 1048 3597 qui
1075 3515 1203 3576 niarime
1231 3535 1344 3578 vacuus

232 3618 374 3681 facillime
397 3621 538 3700 excipere
560 3621 665 3703 possit

317 3727 366 3790 28.
409 3728 576 3791 lateram
604 3747 678 3792 vero
702 3748 719 3790 e
748 3731 864 3810 magnis
889 3730 995 3810 figuris
1016 3736 1046 3792 et
1066 3730 1221 3811 angulosis
1242 3735 1272 3792 et
1291 3731 1345 3792 mi-

178 3913 182 3922 ,
229 3837 309 3898 nime
328 3837 465 3900 rotundis
488 3837 690 3919 compositum
713 3856 790 3914 esse,
813 3838 932 3921 quaesi
952 3838 982 3899 in
1004 3857 1136 3917 corpora
1154 3839 1345 3913 veniantre

103 4015 108 4025 ⁵
230 3965 285 4006 nas
309 3951 473 4007 excaecent
498 3951 528 4008 et
555 3946 713 4008 obstruant
740 3952 770 4007 et
789 3946 962 4025 impediant,
981 3946 1141 4028 quominus
1163 3945 1345 4026 conjunctim

231 4053 302 4134 (per
319 4055 416 4133 artus)
448 4054 522 4116 fluat
550 4055 712 4135 (sanguis),
741 4055 782 4116 ita
798 4060 832 4117 ut
851 4054 951 4116 alvum
973 4053 1148 4135 astringant
1191 4056 1345 4116 Acraeam

231 4167 332 4221 autern
355 4181 372 4222 e
394 4162 494 4242 parvis
524 4168 554 4223 et
579 4161 715 4223 laevibus
744 4169 773 4223 et
801 4160 949 4240 rotundis,
980 4163 1033 4225 tali
1049 4163 1191 4226 airnirurn
1212 4160 1346 4224 rcturrrli-

233 4272 293 4328 tate
315 4274 448 4352 accepta,
471 4287 548 4352 quac
570 4269 667 4334 flexus
690 4289 811 4356 queque
834 4259 959 4345 trebech
979 4271 1049 4335 ideo
1070 4279 1207 4334 tenacem
1227 4289 1294 4333 esse
1315 4275 1345 4330 et
