2938 4864
399 313 483 369 Liber
501 313 549 370 ΙΙΙ.
585 311 656 370 Ado.
674 313 708 368 od
727 313 806 370 Dent.
827 329 871 386 op.
888 315 985 388 trega.
1184 319 1249 388 281

136 482 303 564 conjuncto
329 501 390 544 cue
417 481 500 544 solet.
548 481 582 542 ln
611 488 739 544 mentem
769 501 892 566 quoque
907 485 998 548 venit
1037 485 1069 550 ἐν
1097 491 1249 574 inpediet

136 589 252 674 ἡσυχίῃ
274 590 308 652 δὲ
330 593 390 652 πᾶν
413 597 470 652 etc.
492 591 527 650 in
546 591 604 652 itta
626 590 799 670 tettargica
820 593 1049 670 tranquillitate
1067 605 1170 660 autem
1192 609 1249 666 cic.

136 697 272 761 Similem
298 698 445 761 medelam
470 698 670 778 Xenophonti
698 698 857 760 adhibeam
882 698 912 758 in
930 700 1020 763 Mem.
1040 704 1129 770 Socr.
1147 707 1199 772 lib.
1222 711 1248 772 ll

136 827 164 870 c.
188 809 215 883 1,
235 808 271 868 2:
290 806 342 868 τον
367 804 411 874 είς
432 804 466 868 τὸ
487 803 604 889 ἄρχειν,
632 805 668 888 νὴ
693 804 762 880 Δία,
783 804 1018 890 παιδευόμενον,
1043 809 1127 882 ὅπως
1147 815 1188 898 μὴ
1210 817 1248 880 τὰ

135 917 189 996 τῆς
215 912 338 982 πόλεως
365 913 505 998 ἄπρακτα
536 912 671 996 γίγνηται
694 911 779 997 παρὰ
805 912 858 994 τὴν
886 911 1003 978 ἐκείνου
1032 919 1155 1004 νάρκην.
1197 926 1249 990 Sic

135 1022 354 1086 emendandum
382 1022 526 1104 suspicor
555 1041 613 1102 pro
640 1039 688 1100 eo,
719 1022 801 1103 qnod
824 1020 918 1102 vulgo
938 1022 1065 1105 legitime
1087 1029 1171 1114 παρὰ
1193 1033 1248 1117 τὴν

136 1128 255 1192 ἐκείνου
286 1129 394 1214 ἀρχήν.
404 1129 421 1157 ”
463 1129 556 1193 Conr.
584 1129 718 1193 Orellius
742 1130 780 1191 ad
808 1131 889 1192 hune
909 1129 1012 1194 locum
1031 1143 1130 1200 notet:
1174 1143 1249 1217 „Pa-

136 1239 242 1302 truelis
263 1257 348 1301 rneus
371 1239 440 1302 Joli.
459 1240 575 1318 Caspar
594 1236 727 1299 Orellius
748 1237 908 1318 legendum
920 1248 1023 1304 censet
1043 1241 1074 1304 ἐν
1101 1243 1135 1308 δὲ
1158 1246 1247 1310 ἀκου-

137 1349 188 1429 cip
211 1343 349 1430 ὶπιτυχίῃ
377 1346 404 1408 si
427 1365 502 1410 vero
530 1353 561 1406 et
585 1345 663 1406 forte
691 1345 812 1408 fortuna
839 1367 897 1410 nec
924 1357 1103 1432 quaerentes
1122 1352 1153 1414 in
1175 1355 1249 1438 quid

137 1455 296 1516 inciderint
318 1456 350 1534 (i.
373 1475 398 1516 e.
418 1454 491 1518 boni
513 1453 586 1538 quid
605 1453 796 1534 invenerint).
831 1457 911 1537 Opp.
930 1455 1054 1520 αἰδέυαι
1076 1456 1268 1543 κίρσοντες..

137 1563 229 1645 Quod
252 1563 413 1626 admodum
436 1563 549 1646 placet:
579 1561 672 1624 modo
701 1581 758 1642 pro
789 1562 823 1626 rb
850 1567 909 1626 πᾶν
929 1564 1065 1648 legamus
1087 1567 1121 1630 rb
1144 1574 1246 1632 πονεῖν

135 1672 194 1733 boc
216 1691 322 1734 sensu:
341 1691 429 1732 wenn
447 1691 522 1735 man
540 1669 613 1734 eber
634 1670 714 1732 auch
733 1679 810 1734 etue
841 1673 1059 1760 onfroioilleq,
1080 1673 1249 1758 incasaetos

134 1779 205 1862 otis
215 1786 307 1841 etwas
322 1779 444 1859 geriitle,
464 1799 496 1841 so
517 1782 559 1842 ist
576 1779 650 1842 docle
668 1781 744 1842 alles
762 1780 874 1843 soledos
886 1781 1030 1844 Arbet'ten
1052 1783 1129 1846 ohne
1141 1785 1249 1847 Zaeeck

134 1889 231 1966 ltiatzq
251 1886 321 1948 ond
340 1887 490 1950 mittem.
538 1889 655 1951 Eodem
680 1909 772 1952 sensu
799 1909 827 1950 v.
857 1887 994 1973 ἐπιτυχίη
1018 1892 1153 1954 occurrit
1172 1891 1248 1954 infra

135 1995 240 2075 fragm.
264 1995 314 2058 85.
358 1991 567 2079 Τακνοτροφία
598 1995 770 2080 σφαλερόν·
792 1996 846 2078 τὴν
869 1993 927 2079 γὰρ
951 1995 1107 2083 ἐπιτυχίην
1130 1999 1249 2082 ἀγῶνος

135 2100 187 2164 καὶ
209 2100 368 2186 φροντίδος
396 2103 507 2186 μεστὴν
530 2099 680 2186 κέκτηται.
722 2104 913 2166 Gaisfordius
933 2105 1099 2186 invulgata
1116 2107 1248 2172 lectione

134 2210 307 2292 acquiescit.
356 2211 419 2272 Sed
445 2232 542 2294 neque
571 2211 721 2292 vulgatam
757 2214 938 2291 scripturam
971 2231 1069 2295 neque
1095 2233 1147 2276 eas
1173 2235 1248 2298 quos

134 2318 367 2380 memoravimus
396 2319 530 2382 virorum
559 2321 718 2384 doctorum
745 2321 936 2398 conjecturas
958 2320 1030 2382 ferri
1052 2339 1143 2400 posse
1164 2329 1247 2386 reete

129 2426 247 2504 judicat
266 2427 467 2490 Burehardns.
519 2429 571 2492 Sic
592 2429 671 2490 enim
697 2434 901 2506 comparatam
920 2446 987 2490 esse
1007 2429 1194 2506 sententiam,
1214 2438 1249 2494 ut

137 2533 168 2594 in
186 2535 349 2614 posteriori
371 2535 507 2600 membro
528 2537 612 2620 quod
634 2535 730 2616 priori
753 2540 934 2616 opponatur,
955 2536 1128 2598 necessario
1148 2537 1250 2600 dicen-

137 2642 209 2703 dum
230 2643 276 2720 sit,
297 2642 415 2706 labores
440 2642 548 2724 quitus
575 2645 652 2706 desit
680 2651 812 2720 euentus,
830 2644 1041 2705 molestiarum
1056 2644 1249 2722 panonicos

135 2770 204 2814 ease.
249 2752 341 2835 Quod
371 2752 531 2834 quominus
559 2753 686 2834 probem
714 2750 787 2813 nuit
816 2749 924 2812 obstat
977 2754 1048 2833 Quo
1079 2752 1174 2833 magis
1195 2753 1249 2814 mi-

134 2861 261 2924 randum
283 2867 336 2936 est,
355 2859 453 2924 virum
473 2861 679 2924 doctissimum
700 2879 761 2922 non
777 2857 884 2922 melius
903 2859 983 2920 hune
1001 2858 1102 2922 locum
1117 2879 1248 2924 sanasse.

134 2969 275 3051 Namque
303 2969 368 3048 ejus
399 2969 567 3032 emendatio
597 2967 646 3033 ἐπὶ
670 2967 705 3030 δὲ
739 2965 845 3050 ἀγαθῇ
872 2963 951 3050 τύχῃ
983 2966 1017 3028 τὸ
1043 2967 1103 3029 πᾶν
1135 2967 1251 3051 ὁμοίως

136 3075 259 3159 ἀνιηρὸν
288 3075 339 3138 καὶ
365 3073 560 3160 ταλαίπωρον
590 3078 684 3160 (corr.
714 3073 924 3158 ταλαίπωρον)
949 3093 1077 3154 prorsus
1099 3074 1249 3156 displicet

134 3184 219 3272 idem
240 3184 397 3264 fragmenti
429 3185 518 3264 liujus
539 3185 653 3248 initium
679 3189 858 3264 corruptum
880 3201 947 3246 esse
969 3188 1062 3259 ratae,
1083 3183 1177 3246 verba
1196 3187 1250 3268 nipe

134 3290 266 3375 ἡσυχίης
287 3299 427 3374 tanaquam
447 3294 567 3358 aliunde
587 3292 670 3356 illata
689 3300 741 3354 aut
758 3291 865 3354 saltem
884 3290 982 3353 minus
1001 3297 1083 3355 recte
1097 3291 1249 3373 principio

136 3399 300 3461 sententiae
322 3403 421 3481 posita
442 3401 528 3464 uncis
549 3401 678 3464 inclusit
722 3401 763 3464 At
783 3419 841 3480 ego
863 3399 893 3460 in
912 3398 971 3461 alia
992 3401 1093 3462 omnia
1115 3401 1248 3464 discedo.

136 3507 258 3589 Quippe
276 3527 374 3590 neque
401 3508 515 3571 initium
536 3516 715 3590 corruptum
735 3509 862 3584 videtin,
884 3525 982 3589 neque
1002 3507 1079 3570 male
1102 3508 1249 3588 genitivus

137 3617 373 3698 comparationis
393 3625 462 3680 ante
478 3617 715 3698 comparativum
737 3617 917 3692 collocatur,
938 3616 1026 3695 cujus
1046 3615 1092 3677 rei
1114 3615 1251 3696 exempla

136 3731 208 3788 sunt
230 3744 279 3806 ap.
299 3725 458 3788 Hermann.
480 3725 517 3786 ad
541 3724 643 3806 Viget.
665 3725 766 3788 adnot
787 3726 826 3788 53
848 3744 918 3805 pag.
941 3725 1003 3786 716
1021 3723 1067 3786 ed.
1088 3723 1116 3786 3.
1160 3723 1252 3804 Equi-

137 3832 206 3894 dem
228 3833 321 3894 verba
353 3831 385 3894 ἓν
415 3833 450 3896 δὲ
480 3831 553 3900 ἄκος
578 3837 617 3916 τῇ
635 3831 774 3916 inito-sip
806 3833 949 3896 mutanda
970 3851 1081 3894 censeo
1103 3829 1135 3892 iu
1158 3829 1191 3890 τὸ
1216 3827 1251 3892 δὲ

137 3937 215 4023 ἄχος
239 3943 292 4021 τῆς
315 3939 493 4025 ἀποτυχίας,
515 3947 586 4022 post
606 3939 774 4024 ἀποτυχίας
792 3940 940 4004 excidisse
963 3938 1104 4020 suspicor
1125 3936 1251 3999 verbum

137 4049 332 4128 praecedenti
353 4049 424 4112 voci
443 4069 504 4114 non
525 4049 669 4126 absimile,
685 4047 891 4124 ἀποδείκνυσι,
910 4069 987 4131 qnae
1002 4047 1068 4128 ipsa
1087 4043 1251 4106 similitudo

137 4155 264 4218 forsitan
292 4157 438 4236 effecerit,
463 4165 498 4221 ut
526 4157 724 4234 omitteretur,
753 4157 883 4239 denique
910 4158 969 4218 πᾶν
993 4175 1061 4218 enm
1083 4153 1200 4216 Orellio
1221 4151 1252 4213 iu

136 4261 258 4328 nove'eo
279 4271 435 4330 converto.
478 4267 582 4349 itaque
607 4285 714 4329 sensus
734 4264 807 4328 erit:
835 4271 872 4328 ot
891 4263 978 4328 dolor
1001 4285 1018 4325 c
1033 4261 1253 4345 frustratione
