2956 4860
402 315 486 373 Liber
506 315 528 376 Ι.
566 317 609 372 Do
628 315 778 374 Democriti
795 316 860 375 virs
1145 319 1188 385 25

90 491 212 565 poterat,
239 491 397 567 tantopere
420 485 567 548 flucbrant
593 484 778 566 scriptorum
808 481 890 548 illius
914 485 982 548 aevi
1014 489 1187 567 sententiae,

91 593 154 674 quid
174 593 278 657 salutis
300 592 477 656 Democrito
500 613 538 655 ex
559 593 596 656 iis
617 593 801 674 sperandum
820 599 875 670 est,
897 611 987 674 quem
1007 593 1093 658 nullo
1114 595 1186 661 loco

91 700 116 762 in
132 701 248 781 scriptis
264 701 328 764 suis
347 701 433 764 Plato
455 701 634 763 memoravit
660 721 696 764 ac
719 700 756 762 de
777 701 864 780 cujus
884 700 945 763 vita
965 701 1087 766 omnino
1106 705 1188 784 apud

90 808 262 890 antiquiores
294 809 447 872 rarissime
481 809 615 889 injicitur
645 807 779 871 mentio?
818 808 916 870 Multo
943 809 1042 872 minus
1070 811 1187 876 Gellius

90 922 225 994 meretur,
256 925 291 980 nt
328 917 411 979 illius
440 935 531 979 cansa
561 915 738 998 religionem
770 915 873 978 offerri
906 915 995 978 nobis
1030 918 1186 1000 patiamur,

89 1023 190 1104 quippe
214 1025 267 1107 qui
294 1023 369 1086 nibil
398 1024 531 1086 exactius
553 1023 672 1105 prodat,
702 1043 792 1106 quam
813 1025 979 1100 Socratem,
1001 1023 1188 1105 Hippocrate

90 1136 115 1190 et
133 1131 303 1195 Democrito
332 1130 518 1213 molarisque
553 1151 631 1214 quos
667 1133 802 1195 nominat
830 1137 903 1194 natu
937 1129 1058 1214 quidem
1087 1141 1189 1214 poste·

88 1237 189 1301 riorem
208 1240 313 1314 tuisse,
338 1238 393 1316 sed
419 1238 598 1320 quibusdam
626 1239 816 1320 temporibus
833 1237 944 1300 vixisse
963 1238 1077 1302 iisdem.
1120 1243 1189 1306 Hoc

89 1347 253 1427 quantillum
265 1346 314 1426 sit,
326 1364 390 1408 non
401 1353 448 1409 est
459 1345 543 1429 quod
553 1345 755 1410 ostendamus.
784 1345 863 1407 Nam
879 1345 961 1428 quod
973 1346 1189 1430 Hippocratem

89 1455 182 1517 attinet
213 1475 303 1538 quem
334 1452 533 1534 Soranus¹⁷)
569 1451 698 1515 ducibus
722 1452 775 1530 iis,
803 1453 855 1536 qui
882 1452 982 1516 Gellio
1006 1457 1188 1523 vetustiores

89 1561 205 1642 luerunt,
224 1563 427 1645 scriptoribus
442 1560 490 1622 01.
510 1561 561 1638 80,
583 1565 600 1623 1
630 1560 660 1622 in
682 1561 774 1622 vitam
797 1559 965 1641 ingressum
985 1581 1053 1626 esse
1075 1567 1187 1647 scribit,

89 1677 191 1734 certum
219 1679 274 1751 est,
302 1677 460 1735 auctorem
481 1667 627 1730 Noctium
654 1667 831 1745 Atticarum,
852 1688 945 1750 quum
968 1669 1027 1732 boc
1049 1670 1190 1736 lucubra-

89 1785 137 1856 ret,
155 1781 309 1860 paululum
329 1778 516 1842 dormitasse.
550 1775 668 1840 Deinde
682 1781 742 1838 tam
763 1793 840 1856 vega
861 1777 926 1854 ejus
945 1775 1090 1858 loquendi
1111 1781 1188 1845 ratio

90 1891 137 1962 est,
157 1895 189 1950 ut
216 1888 269 1970 qui
297 1907 337 1950 ex
364 1886 429 1965 ejus
455 1885 557 1949 verbis
584 1883 678 1946 multa
704 1883 775 1946 velit
797 1883 987 1961 concludere,
1013 1888 1189 1952 temerarius

90 1993 129 2054 sit
163 1994 280 2059 Aeliani
308 1994 512 2057 narrationem
537 1997 666 2074 propter
693 1991 838 2072 temporis
865 1992 1068 2055 diversitatem
1087 2014 1189 2058 veram

90 2118 148 2164 esse
168 2121 228 2165 non
245 2122 340 2184 posse
355 2103 419 2180 jam
436 2100 559 2164 Baclius
586 2098 669 2161 vidit
721 2097 760 2161 Et
780 2118 818 2161 ex
839 2106 943 2163 nostra
964 2083 1190 2180 computatione

91 2207 173 2272 ialam
193 2218 239 2273 est
256 2209 412 2273 Aelianus.
460 2210 523 2272 Sed
550 2227 613 2271 non
635 2206 753 2270 videtur
781 2206 913 2285 dubium,
947 2207 1020 2289 quin
1044 2207 1190 2274 Aelianus

91 2315 286 2381 Democritum
304 2336 362 2398 pro
384 2315 565 2380 Anaxarcho
586 2318 651 2395 ejus
681 2313 831 2395 discipulo
851 2315 1050 2379 nominaverit
1071 2316 1190 2400 dequo

92 2424 184 2486 eadem
212 2430 317 2488 narrat
347 2423 489 2488 Valerius
512 2423 660 2486 Maximus
675 2417 736 2503 ¹⁸),
770 2424 829 2486 hoc
858 2429 1000 2505 excepto,
1023 2423 1105 2512 quod
1129 2443 1191 2487 non

93 2528 155 2593 dicit
172 2531 377 2596 Alexandrum
406 2533 444 2596 ab
463 2532 517 2594 illo
539 2529 661 2594 irrisum
681 2528 822 2610 esse¹⁹).
874 2531 966 2615 Quod
988 2530 1191 2610 Hippocrates

92 2639 187 2702 eodem
206 2647 346 2724 tempore
375 2661 438 2724 quo
467 2641 583 2702 Noster
610 2639 672 2701 tato
703 2637 879 2717 perfunctus
899 2656 966 2700 esse
984 2638 1089 2714 fertur,
1116 2637 1148 2699 id
1165 2637 1192 2700 si

92 2753 164 2810 recte
181 2749 324 2830 conjicio,
343 2755 462 2811 veteres
483 2745 611 2828 impulit,
637 2749 672 2807 nt
692 2744 817 2808 eandem
836 2744 915 2808 vitae
937 2762 1084 2808 annorum
1114 2765 1191 2828 qnos

93 2855 278 2935 compleverit
296 2856 480 2932 varietatem,
509 2872 598 2935 qnam
620 2853 798 2916 Democrito
819 2851 941 2915 attribui
958 2851 1103 2929 viderant,
1123 2853 1192 2915 huic

93 2961 266 3043 effingerent,
310 2962 494 3046 Caeteroqui
522 2960 627 3024 nescio
649 2959 796 3041 originem
815 2959 934 3024 numeri
952 2961 1002 3024 85.
1043 2960 1105 3043 Qui
1123 2960 1194 3042 quia

94 3065 155 3131 idei
170 3072 302 3135 absonus
326 3077 380 3150 est,
409 3070 440 3131 in
469 3069 534 3148 ejus
559 3067 662 3130 locum
692 3086 783 3131 verus
809 3087 957 3132 annorum
983 3087 1124 3132 numerus
1154 3067 1194 3130 ad

95 3195 174 3256 quem
193 3181 398 3260 Hippocrates
418 3175 510 3240 vitam
528 3175 671 3257 perduxit
690 3175 917 3240 substituendus
946 3174 1074 3240 videtur.
1109 3180 1194 3256 Quo

95 3283 167 3348 cirea
189 3307 246 3368 pro
274 3283 321 3348 rre'
342 3285 410 3365 lege
440 3281 475 3367 ρ’.
522 3283 615 3365 Quod
643 3283 670 3346 si
696 3283 763 3365 quis
791 3282 984 3346 audacissimi
1011 3283 1193 3363 conjectoris
1220 3269 1223 3274 ¹

96 3409 155 3454 esse
174 3399 303 3470 censeat,
325 3409 388 3455 non
416 3391 574 3468 recusabo,
612 3389 685 3472 quin
706 3390 778 3452 licet
797 3391 928 3471 probato
949 3408 995 3469 eo,
1017 3391 1101 3474 quod
1122 3391 1195 3471 Hip

95 3507 239 3576 pocratem
258 3501 363 3566 eadem
395 3519 454 3582 qua
472 3498 681 3563 Democritum
701 3503 878 3580 tempestate
897 3498 989 3562 vitam
1009 3519 1078 3562 cum
1097 3505 1195 3562 morto

96 3661 286 3686 —-·-—.

161 3763 198 3828 ¹⁷)
219 3767 276 3817 Non
296 3767 331 3818 ab
350 3769 422 3818 omni
440 3770 518 3832 parte
532 3767 610 3818 flocci
628 3765 766 3818 lactandus
779 3767 821 3817 ost
838 3766 881 3818 bic
897 3770 992 3818 auctor
1009 3763 1196 3829 vitaelltppo-

100 3845 203 3908 crateae,
223 3851 318 3912 utpote
336 3849 380 3914 qui
400 3861 431 3898 ex
452 3848 624 3912 antiquorum
643 3847 758 3911 scriptis,
780 3860 813 3898 ox
825 3848 918 3898 Sorani
934 3847 980 3898 Coi
993 3857 1076 3908 opere
1089 3845 1123 3896 dc
1135 3846 1196 3896 vitis

100 3923 269 3988 medicorum,
291 3943 322 3980 ex
347 3928 510 3980 Histomachi
533 3925 638 3990 Ephesii
659 3927 839 3978 voluminibus
861 3925 920 3996 περὶ
941 3927 987 3994 τῆς
1008 3921 1197 3996 Ἱπποκράτους

102 3999 223 4070 ablatus.
250 4022 283 4060 ex
305 4009 426 4061 Andreae
452 4009 549 4061 modici
566 4007 639 4060 libris
660 4007 718 4078 περὶ
740 4009 786 4077 τῆς
805 4005 921 4078 ἰητρικῆς
943 4003 1107 4076 pcvrsioptac
1131 4019 1198 4074 quos

103 4084 166 4148 citat,
184 4087 294 4156 aliisquo
310 4089 425 4144 libellum
443 4103 523 4144 suum
540 4089 749 4141 concinnaverit

166 4185 201 4251 ¹⁸)
221 4189 338 4244 Valerius
356 4193 485 4244 blaximus
505 4191 630 4242 lib.v111.
649 4203 671 4242 c.
691 4185 731 4240 tt.
751 4187 807 4241 Ext.
825 4185 849 4240 2.

166 4279 204 4344 ¹¹)
225 4281 263 4333 Cl.
283 4282 432 4334 Schellerus
453 4281 488 4334 ad
508 4283 604 4334 Aetion.
618 4282 659 4344 lv,
676 4279 717 4333 ⁸29.
