2984 4876
366 305 451 362 Liber
464 304 514 361 lll.
548 304 700 362 Democriti
718 319 830 379 operum
849 307 1010 380 fragmenta.
1181 311 1246 378 209

128 474 209 544 τίνος
231 473 329 543 αίτίας
350 474 391 557 μὴ
415 470 512 554 λέγει)
532 469 630 536 ἔοικεν
652 469 714 535 ἀπὸ
733 469 926 556 ταύτομάτου
946 475 998 537 καὶ
1020 475 1115 560 τύχης
1135 475 1242 564 parneio

130 579 218 647 αὐτά.
260 582 435 664 Simplicius
456 579 495 642 ad
512 579 638 642 Aristot.
659 581 749 661 Phys.
772 580 824 644 tol.
849 581 899 644 73.
911 580 941 643 b.

214 693 245 755 7.
288 686 349 753 Kal
371 691 414 759 ὡς
426 683 615 771 Δημόκριτός
635 707 738 770 φησιν,
757 685 803 770 ἦν
823 686 921 770 ὁμοῦ
942 688 1064 752 πάντα
1084 691 1242 778 δυνάμι,

130 795 319 882 ἐναργείη
343 794 371 860 δ’
397 794 444 859 οὔ.
486 794 610 859 Aristot.
629 795 761 876 Metaph.
784 796 836 859 lib.
858 797 918 859 Xll
941 817 1005 876 cap.
1028 801 1048 859 2
1067 819 1135 880 pag.
1160 803 1242 866 1069

130 907 177 971 ed.
199 907 330 971 Bellen
1262 894 1266 902 ⁵

216 1017 245 1080 8.
290 1009 345 1082 Οἷς
365 1009 434 1076 οὐδ’
458 1008 532 1093 ὄναρ
555 1007 688 1095 ἐντυχὼν
711 1011 727 1074 ὁ
748 1006 907 1096 Κολώτης,
930 1011 1051 1096 ἐσφάλη
1074 1015 1143 1099 περὶ
1164 1016 1243 1088 λέξιν

129 1125 185 1186 τοῦ
209 1118 336 1206 ἄνδράς,
364 1117 395 1181 ἐν
424 1113 447 1202 ἡ
476 1116 654 1201 διορίζεται,
682 1117 723 1200 μὴ
753 1119 870 1200 μᾶλλον
898 1119 933 1183 τὸ
963 1118 1025 1198 δέν,
1052 1119 1127 1203 ipro
1149 1123 1243 1206 μηδὲν

132 1229 229 1294 εἶναι·
250 1228 300 1292 δὲν
324 1227 378 1310 μὲν
402 1225 563 1307 ὀνομάζων
583 1223 617 1286 τὸ
639 1229 740 1308 σῶμα,
770 1224 864 1310 μηδὲν
890 1225 979 1288 δὲτὸ
1002 1226 1101 1308 κενόν,
1129 1232 1172 1298 ὡς
1193 1231 1245 1295 καὶ

130 1336 241 1401 τούτου
261 1335 350 1420 φύσιν
373 1330 439 1396 τινὰ
460 1333 512 1395 καὶ
534 1329 697 1394 ὑπόστασιν
725 1331 801 1394 ἰδίαν
827 1329 961 1417 ἔχοντος.
1006 1335 1155 1402 Plutarch.
1175 1341 1240 1404 adr.

132 1445 236 1510 Colot.
258 1465 326 1526 pag.
348 1443 430 1506 1108
449 1441 525 1522 (vol.
545 1439 579 1501 X
608 1460 676 1521 pag.
698 1443 757 1502 561
781 1441 827 1504 el.
848 1441 967 1520 Reislr.)

216 1556 246 1617 9.
290 1547 480 1634 Δημόκριτος
502 1546 537 1609 δὲ
568 1547 584 1610 ὁ
617 1545 658 1630 τῇ
689 1545 761 1613 Διὸς
792 1548 884 1631 φωνῇ
908 1549 1169 1633 ααρεικαζάμενος
1194 1556 1245 1620 καὶ

132 1661 254 1746 λέγων
284 1659 380 1722 τάδε
405 1656 494 1740 περὶ
522 1659 597 1718 τῶν
628 1651 861 1736 ξυμπάντων
894 1653 1076 1742 ἐπεχείρησε
1106 1660 1160 1743 μὲν
1190 1663 1243 1746 τὴν

133 1769 267 1833 ἐπίνοιαν
290 1762 448 1842 ἐκθέσθαι,
470 1764 576 1826 πλεῖον
605 1760 641 1824 δὲ
670 1758 821 1843 ἰδιωτικῆς
840 1759 1030 1846 ἀποφάσεως
1050 1763 1140 1830 οὐδὲν
1161 1767 1243 1854 iope.

133 1895 195 1952 cer,
229 1872 334 1949 alceir,
372 1867 585 1955 ἄνθρωπός
615 1867 705 1944 ἐστι,
742 1865 931 1938 ὃπάντες
966 1869 1091 1955 ἴδμεν.
1130 1877 1242 1941 Sextus

132 1981 245 2064 Empir.
268 1981 334 2042 adv.
355 1979 445 2043 math.
465 1978 516 2041 lib.
535 1979 592 2041 Vll
613 1975 642 2060 §.
661 1981 723 2042 265
746 2000 776 2059 p.
798 1979 859 2042 423
879 1998 962 2064 seqq.
981 1981 1028 2044 ed.
1050 1982 1169 2046 Fabric.

215 2091 264 2154 10.
298 2081 339 2152 ‘O
361 2084 419 2169 γὰρ
451 2083 593 2170 ὀμφαλὸς
619 2088 739 2168 πρῶτον
761 2084 791 2148 ἐν
816 2087 957 2172 μήτρῃσι,
982 2089 1025 2157 ὥς
1046 2111 1121 2174 φησι
1141 2089 1241 2174 Δημά·

132 2218 242 2282 κριτος,
269 2191 491 2279 ἀγκυρηβόλιον
520 2194 617 2257 σάλου
646 2191 697 2256 καὶ
726 2195 844 2278 πλάνης
868 2193 1025 2280 ἐμφύεται,
1055 2201 1171 2281 πεῖσμα
1194 2200 1244 2262 καὶ

131 2306 235 2386 κλῆμα
254 2305 299 2388 τῷ
317 2299 469 2386 ηινομένυρ
498 2304 607 2386 καρπῷ
633 2300 684 2363 καὶ
713 2298 864 2382 μέλλοντι.
911 2305 1062 2370 Plutarch.
1086 2307 1125 2368 de
1142 2325 1244 2371 amore

1 2460 2 2522 η
131 2412 230 2496 prolis
250 2431 319 2494 pag.
343 2413 405 2476 495
429 2411 503 2492 (vol.
525 2411 581 2472 Vll
610 2429 679 2492 pag.
701 2410 764 2472 928
786 2408 833 2472 ed.
849 2411 966 2492 Reisk.)

1 2615 2 2650 ³
131 2633 296 2694 vanorum
318 2630 520 2692 enneminta
550 2631 724 2716 (quasdam)
747 2633 906 2709 segregare·
928 2631 1098 2712 (quomodo
1119 2651 1193 2695 vero
1215 2639 1245 2696 et

131 2760 192 2824 qua
212 2759 312 2818 causa,
334 2758 395 2801 non
419 2737 506 2820 dicit)
532 2739 652 2802 videtur
669 2741 748 2802 lortc
768 2747 798 2802 et
817 2759 890 2801 casu
912 2759 961 2802 res
984 2758 1156 2820 procreare.

216 2851 245 2912 7.
288 2847 387 2929 Atque
412 2853 446 2911 ut
467 2847 661 2911 Democritus
681 2847 730 2923 eit,
751 2847 847 2911 σίνται
865 2848 970 2909 omnio
982 2849 1126 2928 potentio
1144 2856 1245 2926 mant,

129 2965 206 3026 actu
223 2975 295 3018 vero
312 2958 448 3019 nrinimc.

216 3067 246 3128 8.
290 3067 377 3148 Quae
395 3084 487 3146 quum
514 3083 552 3127 ne
582 3083 639 3145 per
661 3083 801 3126 somnum
823 3063 943 3147 quidem
964 3064 1088 3128 vidisset
1110 3065 1247 3142 Colotes,

130 3173 238 3252 lapsus
259 3171 356 3234 estin
383 3173 485 3235 verbis
512 3173 588 3250 ejus,
617 3172 726 3255 quibus
755 3170 866 3248 delinit,
892 3191 954 3236 non
981 3173 1076 3256 magis
1106 3173 1156 3236 δὲν
1179 3195 1247 3238 esse

131 3299 223 3365 quam
247 3277 360 3361 μηδέν;
389 3279 440 3342 δὲν
469 3280 628 3344 nominans
658 3299 787 3360 corpure,
816 3279 911 3362 μηδὲν
940 3280 1042 3358 inane,
1070 3283 1155 3364 quasi
1186 3285 1245 3346 troc

131 3405 258 3470 quoque
277 3405 364 3448 suam
387 3387 535 3472 quandem
554 3397 692 3452 naturam
713 3396 743 3451 et
764 3387 961 3452 substantiam
983 3389 1099 3450 habent.

217 3496 247 3558 9.
289 3495 483 3559 Democritus
514 3502 622 3574 autem,
651 3497 704 3578 qui
724 3497 810 3560 Jovis
842 3497 912 3559 voci
942 3497 1121 3563 assimilatur
1157 3506 1247 3582 atque

131 3603 207 3666 Ιιασσ
226 3603 264 3664 dc
284 3605 436 3666 unicorni
459 3604 588 3682 dr'sserit,
611 3612 737 3668 conatus
763 3604 882 3686 quidem
906 3611 952 3666 est
974 3625 1128 3686 exponere
1150 3609 1249 3670 notio-

131 3689 288 3787 nem,'sed
310 3711 346 3772 de
366 3731 402 3774 en
423 3710 498 3773 nihil
517 3711 647 3792 amplius
665 3713 765 3792 potuit
782 3713 993 3793 pronunciare,
1014 3734 1103 3798 quam
1124 3715 1247 3795 imperi-

133 3827 196 3882 tum
215 3816 334 3901 vulgus,
356 3818 471 3896 dicens,
489 3817 578 3880 homo
598 3828 644 3880 'cst
663 3819 746 3899 quod
761 3839 863 3881 maner
882 3826 1002 3882 scimus.

222 3927 271 3990 10.
314 3925 448 3988 Primum
477 3925 556 3987 enim
587 3927 617 3987 in
655 3935 743 3990 utero
778 3927 938 3990 umbilicus
965 3928 1109 4001 uescitur,
1143 3937 1178 3989 ut
1209 3926 1251 3992 ait

133 4032 337 4110 Democritus,
360 4039 501 4116 tanquam
523 4052 638 4096 ancora
658 4055 718 4118 qua
748 4036 847 4098 foetus
871 4035 1017 4098 adversus
1039 4034 1250 4096 fluctuationes

133 4139 254 4218 nitatur,
280 4147 310 4202 ct
329 4147 470 4224 tanquam
492 4142 690 4207 retinaculum
714 4163 751 4206 ac
779 4143 989 4225 pedamentum
1013 4148 1180 4226 conceptae
1202 4163 1252 4208 so·

132 4243 221 4311 bolis.

964 4359 1001 4420 14
