2932 4862
293 317 358 383 398
626 315 822 380 Quaestionum
841 317 1072 372 ilementum

294 493 384 564 esset,
403 485 497 548 altera
516 485 608 548 bruta
636 501 692 564 per
716 489 812 546 totam
839 484 978 564 corporis
1000 486 1226 550 concretionem
1247 491 1324 549 esset
1341 485 1390 548 dit-

294 597 369 671 lusa,
389 594 472 676 quod
491 589 786 672 Pseudoplutarchus
811 587 975 670 tradit’³),
1007 591 1189 657 Aristoteles
1210 611 1272 656 uon
1291 613 1391 658 memo-

294 711 351 778 rat,
371 701 466 766 nolim
486 701 527 763 ad
550 699 691 762 amussim
721 699 853 761 delinire.
907 703 1096 782 Quamquam
1121 705 1222 764 autem
1242 703 1392 764 verisimile

294 816 349 886 est,
370 808 585 891 philosophum
604 811 742 870 nostrum
762 807 912 885 statuisse,
938 826 1044 870 omnes
1066 827 1143 890 qnae
1158 816 1350 872 moverentm
1367 817 1395 870 et

293 917 430 980 viverent
458 935 509 980 res
532 915 648 980 animae
676 922 817 998 tauquam
840 921 942 978 motare
965 915 1107 996 principii
1136 935 1204 980 esse
1231 917 1395 997 participes,

267 1018 324 1102 lid
347 1025 431 1108 qnod
450 1025 489 1086 de
509 1023 620 1106 plantis
643 1023 940 1106 affirmavitquibus
961 1022 1127 1086 Aristotele
1145 1031 1223 1087 teste
1243 1025 1298 1105 (de
1312 1025 1395 1106 plant

293 1135 316 1212 l,
341 1135 373 1214 l)
396 1138 525 1195 mentem
545 1137 577 1194 et
591 1129 794 1212 cognitionem
817 1130 968 1212 ascripsit,
997 1141 1096 1192 tamen
1116 1132 1199 1214 quod
1213 1131 1298 1212 apud
1314 1133 1398 1194 Psen-

294 1241 525 1323 doplntarchuru
543 1245 574 1301 et
594 1239 625 1303 in
647 1240 725 1304 Ood.
740 1239 823 1302 Flor.
844 1239 984 1302 Damaso.
1004 1238 1189 1320 legitur’·)‚
1209 1240 1397 1302 cadaveribus

294 1351 383 1414 etiam
416 1349 454 1410 de
483 1347 647 1410 Abderitae
680 1348 776 1410 nostri
807 1346 956 1410 sententia
988 1347 1087 1409 inesse
1120 1345 1258 1424 animam,
1292 1349 1397 1430 quippe

293 1467 371 1540 quae
391 1475 449 1520 nec
470 1455 573 1518 calore
599 1455 730 1536 quodam
759 1473 817 1516 uec
847 1471 940 1517 sensu
965 1461 1112 1532 carerent,
1139 1453 1196 1517 etsi
1218 1456 1317 1533 major
1336 1475 1397 1536 pars

294 1565 446 1641 evasisset,
464 1565 495 1626 id
510 1583 528 1625 a
541 1561 718 1626 Democrito
739 1561 777 1624 de
798 1561 898 1643 primo
921 1567 1058 1642 tempore
1074 1569 1145 1643 post
1165 1562 1284 1624 animae
1302 1581 1321 1624 e
1340 1583 1395 1624 cor·

292 1691 370 1753 pore
392 1662 568 1746 discessum,
595 1686 658 1732 nou
692 1676 793 1732 autern
820 1669 859 1730 de
887 1669 969 1731 omni
996 1677 1135 1750 tempore
1162 1687 1225 1750 quo
1249 1670 1398 1732 cadaveris

292 1781 420 1859 alicujus
449 1784 613 1858 supersunt
640 1776 787 1860 reliquiae
812 1757 923 1838 dictum
957 1778 1051 1840 credo
1084 1777 1174 1858 idque
1199 1797 1238 1838 cx
1270 1777 1309 1840 iis
1330 1797 1399 1860 quae

291 1907 363 1952 mox
384 1887 414 1948 in
440 1887 541 1948 medio
568 1905 697 1965 ponam,
723 1885 885 1965 perspicua
908 1885 976 1946 lore
1002 1883 1141 1946 arbitror.
1194 1883 1399 1986 Cypusculo

291 2013 370 2071 rum,
391 2013 409 2056 e
430 1993 540 2076 quibus
558 1993 656 2057 anima
677 1992 806 2056 conflata
826 1997 881 2069 est,
907 1999 1044 2066 naamam
1073 2011 1142 2054 cnm
1163 1988 1309 2056 ranieutis
1330 2013 1399 2076 qnae

292 2101 418 2166 insolis
443 2101 535 2164 radiis
554 2119 611 2182 per
635 2101 781 2162 leuestras
808 2091 1009 2164 incidentibus
1032 2107 1221 2180 apparerent,
1245 2101 1400 2164 Democri

292 2217 342 2272 tus
364 2209 559 2290 comparavit,
581 2215 634 2292 aut
654 2208 832 2290 parcitatem
853 2205 1068 2289 spectans⁹⁵),
1089 2214 1142 2270 ant
1163 2208 1189 2270 si
1210 2207 1399 2287 Stobaeo'⁶)

291 2317 367 2380 lides
389 2322 578 2392 est,motnm.
612 2317 758 2380 Servatur
770 2315 867 2378 anima
881 2321 911 2378 et
925 2321 1053 2395 augetur
1063 2315 1274 2394 respiratione.
1304 2323 1398 2400 Quum

291 2423 370 2486 euim
391 2427 444 2484 adr
463 2422 514 2505 qui
537 2440 594 2486 nos
613 2424 705 2485 ambit
718 2442 831 2504 corpus
852 2422 1054 2503 comprime
1065 2424 1272 2507 rotundasque
1285 2431 1397 2488 atomos

290 2529 442 2609 expellere
460 2531 566 2606 soleat,
589 2549 627 2592 nc
648 2537 712 2592 tota
733 2531 869 2592 animae
889 2548 1021 2612 corpore
1043 2531 1227 2609 extrudatur,
1247 2553 1312 2595 una
1334 2533 1397 2594 lacit

263 2637 449 2733 ¹respiratio
480 2638 583 2701 auxilii
609 2638 681 2700 loco
711 2637 800 2700 nobis
832 2639 910 2702 data.
958 2638 1075 2700 Etenim
1101 2659 1226 2719 magnus
1259 2659 1399 2702 numerus

288 2745 390 2810 tellum
412 2745 635 2826 particularum,
664 2745 814 2827 equibus
843 2746 941 2808 anima
970 2753 1096 2823 constat,
1126 2747 1156 2808 in
1175 2751 1248 2810 atine
1268 2756 1398 2828 vagetur,

288 2873 365 2936 quae
390 2853 590 2934 respiratione
614 2855 644 2915 iu
672 2872 786 2934 corpus
815 2853 960 2916 intrantes
990 2872 1085 2915 novas
1114 2853 1202 2916 simul
1235 2856 1398 2936 particulas

286 2962 418 3025 alleruut
437 2969 526 3043 alque
549 2961 715 3041 impediunt
736 2961 899 3042 quominus
919 2963 1059 3024 universa
1080 2961 1195 3023 animae
1216 2963 1399 3044 corpuscula

288 3069 487 3150 egrediantur.
519 3067 746 3152 ·Quamobrem
778 3069 916 3132 tamdiu
944 3068 1049 3132 vivunt
1068 3069 1215 3147 animalia,
1238 3089 1334 3153 qnam
1355 3071 1399 3130 diu

356 3349 396 3414 ⁹³)
415 3351 652 3416 Pseudoplutarch.
678 3353 713 3403 dc
739 3351 805 3417 plac.
827 3351 887 3414 pbil.
908 3351 949 3412 lv,
971 3347 1001 3401 l:
1042 3343 1221 3420 Δημόκριτος,
1244 3345 1400 3420 Ἐπίκουροι

284 3427 375 3501 θιμιρῆ
393 3430 439 3502 τὴν
461 3430 559 3502 ψυχήν,
582 3427 612 3482 τὸ
637 3431 684 3498 μιν
707 3428 810 3500 λογικὸν
840 3430 952 3501 Ιχονοαν
974 3429 1001 3482 ἐν
1020 3431 1059 3500 τῷ
1079 3427 1180 3500 θώρακι
1201 3427 1399 3520 subimplebat.

283 3507 313 3562 τὸ
331 3501 358 3562 δ’
380 3509 474 3580 ἄλογον
493 3504 557 3564 καθ’
579 3508 643 3582 ὅλην
661 3511 708 3583 τὴν
728 3509 858 3582 αἰγιιριοιν
874 3515 922 3562 τοῦ
939 3511 1060 3579 σώματος
1080 3507 1278 3580 διεσπαρμένον.

354 3604 395 3666 ”)
415 3604 652 3668 Pseudoplutnrch.
672 3605 686 3654 Ι.
706 3605 738 3654 l:
768 3600 782 3653 θ
803 3599 830 3654 δὲ
851 3597 1014 3673 Δαμόκριτος
1031 3602 1114 3654 πάντα
1135 3603 1253 3674 μετέχειν
1270 3605 1341 3676 μησὶ
1360 3603 1401 3672 ψι-

282 3683 331 3753 χῆς
351 3686 436 3744 ποιᾶς,
453 3683 499 3736 καὶ
525 3683 558 3734 τὰ
574 3683 654 3754 νεκρὰ
679 3689 732 3735 τῶν
754 3684 894 3751 σωμάτιον,
914 3680 978 3733 διότι
995 3683 1034 3734 ἀεὶ
1060 3681 1192 3753 διαφανῶς
1212 3701 1282 3742 τινος
1303 3683 1402 3754 θερμοῦ

282 3761 327 3814 καὶ
343 3759 495 3832 αἰσθητικοῦ
519 3763 620 3836 μιτέχιι
646 3769 693 3817 τοῦ
721 3761 839 3820 πλείονος
867 3761 1062 3830 διαπνεομένου.
1104 3763 1141 3813 Cl.
1168 3763 1231 3814 Cod.
1254 3764 1327 3814 Flor.
1347 3766 1402 3813 lle-

282 3855 364 3894 muso.
392 3859 434 3910 up.
460 3847 538 3896 Gaisl.
565 3846 639 3898 stob.
659 3847 700 3898 ed.
724 3847 798 3897 Tum.
817 3846 852 3894 lv
870 3859 930 3908 upp.
950 3859 975 3909 p.
993 3841 1033 3894 73.
1070 3843 1116 3894 Cui
1136 3845 1196 3896 loco
1214 3845 1333 3894 nimium
1354 3845 1402 3892 tri-

281 3921 368 3974 buens
384 3925 580 3991 Philippsonlus
599 3941 640 3991 ap.
659 3927 789 3992 Theopbr.
809 3926 843 3978 de
864 3939 935 3978 sens.
957 3927 979 3990 5.
994 3922 1026 3975 71
1045 3938 1094 3989 pro
1112 3927 1207 3995 μικροῦ
1228 3926 1347 3989 scripsit
1367 3939 1401 3972 νε·

281 4007 355 4074 spoia,
376 4009 450 4071 quod
467 4021 520 4059 nou
538 4007 693 4072 probamus.

351 4097 392 4160 ⁸⁵)
414 4099 451 4150 Cl.
472 4113 555 4164 supra
573 4097 673 4150 adnott.
695 4095 727 4148 17
748 4103 775 4149 et
791 4093 829 4148 18.

352 4186 390 4244 ”t
410 4190 543 4240 Stobaeus
562 4191 609 4242 ecl.
629 4190 705 4254 phys.
724 4203 749 4252 p.
769 4187 834 4240 ull:
853 4187 1020 4256 ἐμιινοομένη
1040 4186 1064 4258 (τ’,
1084 4185 1167 4256 ψυχὴ)
1187 4187 1214 4239 lv
1235 4186 1276 4258 rqi‘
1297 4185 1401 4254 σώματι

277 4255 363 4333 ὥσπερ
381 4263 413 4315 τὰ
430 4267 457 4318 ἐν
477 4269 519 4336 rqi
538 4267 593 4337 ἀέρι
612 4265 728 4334 Εὗοματα
747 4267 789 4320 διὰ
806 4271 858 4320 τῶν
875 4265 989 4339 θυρίδων
1008 4265 1160 4338 φαινόμενα.
