<?xml version="1.0" encoding="UTF-8"?>
<!DOCTYPE html PUBLIC "-//W3C//DTD XHTML 1.0 Transitional//EN"
    "http://www.w3.org/TR/xhtml1/DTD/xhtml1-transitional.dtd">
<html xmlns="http://www.w3.org/1999/xhtml" xml:lang="en" lang="en">
 <head>
  <title>
</title>
<meta http-equiv="Content-Type" content="text/html;charset=utf-8" />
  <meta name='ocr-system' content='tesseract 3.04.00' />
  <meta name='ocr-capabilities' content='ocr_page ocr_carea ocr_par ocr_line ocrx_word'/>
</head>
<body>
  <div class='ocr_page' id='page_1' title='image "./democritiabderi00mullgoog_0098.png"; bbox 0 0 2892 4872; ppageno 0'>
   <div class='ocr_carea' id='block_1_1' title="bbox 356 315 1148 380">
    <p class='ocr_par' dir='ltr' id='par_1_1' title="bbox 356 315 1148 380">
     <span class='ocr_line' id='line_1_1' title="bbox 356 315 1148 380; baseline -0.003 -10"><span class='ocrx_word' id='word_1_1' title='bbox 356 315 440 372; x_wconf 81' lang='lat' dir='ltr'>Liber</span> <span class='ocrx_word' id='word_1_2' title='bbox 458 315 480 375; x_wconf 89' lang='lat' dir='ltr'>l.</span> <span class='ocrx_word' id='word_1_3' title='bbox 527 315 572 372; x_wconf 80' lang='lat' dir='ltr'>lie</span> <span class='ocrx_word' id='word_1_4' title='bbox 589 315 740 370; x_wconf 74' lang='lat' dir='ltr'><strong>Democriti</strong></span> <span class='ocrx_word' id='word_1_5' title='bbox 760 315 827 370; x_wconf 79' lang='lat' dir='ltr'>sita.</span> <span class='ocrx_word' id='word_1_6' title='bbox 1106 315 1148 380; x_wconf 83' lang='lat'>77</span> 
     </span>
    </p>
   </div>
   <div class='ocr_carea' id='block_1_2' title="bbox 49 481 1153 4015">
    <p class='ocr_par' dir='ltr' id='par_1_2' title="bbox 49 481 1153 4015">
     <span class='ocr_line' id='line_1_2' title="bbox 65 481 1149 562; baseline 0.003 -20"><span class='ocrx_word' id='word_1_7' title='bbox 65 483 155 544; x_wconf 85' lang='lat' dir='ltr'>autin</span> <span class='ocrx_word' id='word_1_8' title='bbox 179 483 314 548; x_wconf 88' lang='lat' dir='ltr'>arborum</span> <span class='ocrx_word' id='word_1_9' title='bbox 340 483 522 547; x_wconf 75' lang='lat' dir='ltr'><strong>umbraculis</strong></span> <span class='ocrx_word' id='word_1_10' title='bbox 549 489 600 546; x_wconf 86' lang='lat' dir='ltr'>aul</span> <span class='ocrx_word' id='word_1_11' title='bbox 627 484 658 546; x_wconf 90' lang='lat' dir='ltr'>in</span> <span class='ocrx_word' id='word_1_12' title='bbox 684 482 827 546; x_wconf 87' lang='lat' dir='ltr'>mollibus</span> <span class='ocrx_word' id='word_1_13' title='bbox 853 481 955 545; x_wconf 84' lang='lat' dir='ltr'>herbis</span> <span class='ocrx_word' id='word_1_14' title='bbox 983 490 1035 545; x_wconf 88' lang='lat' dir='ltr'>aut</span> <span class='ocrx_word' id='word_1_15' title='bbox 1060 486 1149 562; x_wconf 88' lang='lat' dir='ltr'>juxta</span> 
     </span>
     <span class='ocr_line' id='line_1_3' title="bbox 64 589 1148 675; baseline 0.002 -25"><span class='ocrx_word' id='word_1_16' title='bbox 64 591 154 652; x_wconf 85' lang='lat' dir='ltr'>crebra</span> <span class='ocrx_word' id='word_1_17' title='bbox 175 613 314 675; x_wconf 81' lang='lat' dir='ltr'>equanam</span> <span class='ocrx_word' id='word_1_18' title='bbox 342 593 454 655; x_wconf 84' lang='lat' dir='ltr'>fluenta</span> <span class='ocrx_word' id='word_1_19' title='bbox 473 593 569 672; x_wconf 84' lang='lat' dir='ltr'>degat</span> <span class='ocrx_word' id='word_1_20' title='bbox 608 590 642 651; x_wconf 91' lang='lat' dir='ltr'>ld</span> <span class='ocrx_word' id='word_1_21' title='bbox 664 589 741 652; x_wconf 90' lang='lat' dir='ltr'>euim</span> <span class='ocrx_word' id='word_1_22' title='bbox 761 610 853 670; x_wconf 89' lang='lat' dir='ltr'>saepe</span> <span class='ocrx_word' id='word_1_23' title='bbox 872 590 1019 666; x_wconf 89' lang='lat' dir='ltr'>accidere,</span> <span class='ocrx_word' id='word_1_24' title='bbox 1041 597 1074 652; x_wconf 93' lang='lat' dir='ltr'>ut</span> <span class='ocrx_word' id='word_1_25' title='bbox 1096 589 1148 671; x_wconf 92' lang='lat' dir='ltr'>qni</span> 
     </span>
     <span class='ocr_line' id='line_1_4' title="bbox 64 697 1148 775; baseline 0.003 -18"><span class='ocrx_word' id='word_1_26' title='bbox 64 697 206 762; x_wconf 82' lang='lat' dir='ltr'>litterarum</span> <span class='ocrx_word' id='word_1_27' title='bbox 231 701 440 764; x_wconf 87' lang='lat' dir='ltr'>discendarum</span> <span class='ocrx_word' id='word_1_28' title='bbox 469 698 620 762; x_wconf 88' lang='lat' dir='ltr'>desiderio</span> <span class='ocrx_word' id='word_1_29' title='bbox 647 704 820 775; x_wconf 88' lang='lat' dir='ltr'>teneantur,</span> <span class='ocrx_word' id='word_1_30' title='bbox 851 699 882 761; x_wconf 91' lang='lat' dir='ltr'>in</span> <span class='ocrx_word' id='word_1_31' title='bbox 911 719 1017 760; x_wconf 88' lang='lat' dir='ltr'>eorum</span> <span class='ocrx_word' id='word_1_32' title='bbox 1042 697 1148 760; x_wconf 77' lang='lat' dir='ltr'>maioris</span> 
     </span>
     <span class='ocr_line' id='line_1_5' title="bbox 63 805 1146 888; baseline 0 -22"><span class='ocrx_word' id='word_1_33' title='bbox 63 805 174 888; x_wconf 85' lang='lat' dir='ltr'>reliquae</span> <span class='ocrx_word' id='word_1_34' title='bbox 205 827 308 872; x_wconf 91' lang='lat' dir='ltr'>omues</span> <span class='ocrx_word' id='word_1_35' title='bbox 338 828 428 870; x_wconf 88' lang='lat' dir='ltr'>curae</span> <span class='ocrx_word' id='word_1_36' title='bbox 462 828 536 888; x_wconf 88' lang='lat' dir='ltr'>prae</span> <span class='ocrx_word' id='word_1_37' title='bbox 565 826 627 869; x_wconf 90' lang='lat' dir='ltr'>uno</span> <span class='ocrx_word' id='word_1_38' title='bbox 659 807 823 886; x_wconf 77' lang='lat' dir='ltr'>sapientiae</span> <span class='ocrx_word' id='word_1_39' title='bbox 849 805 949 869; x_wconf 90' lang='lat' dir='ltr'>studio</span> <span class='ocrx_word' id='word_1_40' title='bbox 968 805 1052 867; x_wconf 87' lang='lat' dir='ltr'>velut</span> <span class='ocrx_word' id='word_1_41' title='bbox 1076 825 1146 866; x_wconf 91' lang='lat' dir='ltr'>con-</span> 
     </span>
     <span class='ocr_line' id='line_1_6' title="bbox 62 913 1149 996; baseline -0.002 -22"><span class='ocrx_word' id='word_1_42' title='bbox 62 915 160 994; x_wconf 85' lang='lat' dir='ltr'>sopitae</span> <span class='ocrx_word' id='word_1_43' title='bbox 181 917 306 994; x_wconf 79' lang='lat' dir='ltr'>jaceant</span> <span class='ocrx_word' id='word_1_44' title='bbox 351 914 612 996; x_wconf 78' lang='lat' dir='ltr'>Quemadmodum</span> <span class='ocrx_word' id='word_1_45' title='bbox 640 915 719 976; x_wconf 90' lang='lat' dir='ltr'>euim</span> <span class='ocrx_word' id='word_1_46' title='bbox 739 914 865 976; x_wconf 90' lang='lat' dir='ltr'>ministri</span> <span class='ocrx_word' id='word_1_47' title='bbox 886 933 922 976; x_wconf 89' lang='lat' dir='ltr'>ac</span> <span class='ocrx_word' id='word_1_48' title='bbox 944 913 1095 975; x_wconf 79' lang='lat' dir='ltr'>ministrae</span> <span class='ocrx_word' id='word_1_49' title='bbox 1118 913 1149 973; x_wconf 96' lang='lat' dir='ltr'>in</span> 
     </span>
     <span class='ocr_line' id='line_1_7' title="bbox 61 1020 1149 1104; baseline -0.001 -24"><span class='ocrx_word' id='word_1_50' title='bbox 61 1021 166 1084; x_wconf 89' lang='lat' dir='ltr'>aedibus</span> <span class='ocrx_word' id='word_1_51' title='bbox 187 1022 400 1086; x_wconf 81' lang='lat' dir='ltr'>tumultuantes</span> <span class='ocrx_word' id='word_1_52' title='bbox 426 1029 457 1083; x_wconf 91' lang='lat' dir='ltr'>et</span> <span class='ocrx_word' id='word_1_53' title='bbox 486 1029 712 1100; x_wconf 77' lang='lat' dir='ltr'>concertantes,</span> <span class='ocrx_word' id='word_1_54' title='bbox 739 1023 765 1084; x_wconf 85' lang='lat' dir='ltr'>si</span> <span class='ocrx_word' id='word_1_55' title='bbox 788 1022 908 1104; x_wconf 84' lang='lat' dir='ltr'>quando</span> <span class='ocrx_word' id='word_1_56' title='bbox 931 1027 1054 1100; x_wconf 87' lang='lat' dir='ltr'>repente</span> <span class='ocrx_word' id='word_1_57' title='bbox 1077 1020 1149 1080; x_wconf 84' lang='lat' dir='ltr'>hera</span> 
     </span>
     <span class='ocr_line' id='line_1_8' title="bbox 62 1127 1147 1212; baseline 0 -24"><span class='ocrx_word' id='word_1_58' title='bbox 62 1128 96 1189; x_wconf 87' lang='lat' dir='ltr'>eis</span> <span class='ocrx_word' id='word_1_59' title='bbox 113 1127 228 1207; x_wconf 80' lang='lat' dir='ltr'>alluerit,</span> <span class='ocrx_word' id='word_1_60' title='bbox 259 1129 377 1192; x_wconf 82' lang='lat' dir='ltr'>attoniti</span> <span class='ocrx_word' id='word_1_61' title='bbox 402 1129 626 1212; x_wconf 89' lang='lat' dir='ltr'>conquiescant,</span> <span class='ocrx_word' id='word_1_62' title='bbox 654 1130 698 1191; x_wconf 88' lang='lat' dir='ltr'>sic</span> <span class='ocrx_word' id='word_1_63' title='bbox 727 1131 815 1192; x_wconf 86' lang='lat' dir='ltr'>etiam</span> <span class='ocrx_word' id='word_1_64' title='bbox 838 1129 968 1212; x_wconf 88' lang='lat' dir='ltr'>reliquas</span> <span class='ocrx_word' id='word_1_65' title='bbox 986 1127 1078 1188; x_wconf 73' lang='lat' dir='ltr'>autimi</span> <span class='ocrx_word' id='word_1_66' title='bbox 1098 1147 1147 1188; x_wconf 87' lang='lat' dir='ltr'>cu·</span> 
     </span>
     <span class='ocr_line' id='line_1_9' title="bbox 61 1234 1151 1319; baseline 0.001 -24"><span class='ocrx_word' id='word_1_67' title='bbox 61 1235 180 1313; x_wconf 87' lang='lat' dir='ltr'>piditates</span> <span class='ocrx_word' id='word_1_68' title='bbox 200 1257 275 1319; x_wconf 86' lang='lat' dir='ltr'>quae</span> <span class='ocrx_word' id='word_1_69' title='bbox 294 1236 441 1298; x_wconf 89' lang='lat' dir='ltr'>malorum</span> <span class='ocrx_word' id='word_1_70' title='bbox 455 1236 625 1300; x_wconf 89' lang='lat' dir='ltr'>bominibus</span> <span class='ocrx_word' id='word_1_71' title='bbox 644 1237 836 1300; x_wconf 81' lang='lat' dir='ltr'>administrae</span> <span class='ocrx_word' id='word_1_72' title='bbox 856 1238 923 1314; x_wconf 88' lang='lat' dir='ltr'>siut,</span> <span class='ocrx_word' id='word_1_73' title='bbox 938 1235 991 1299; x_wconf 93' lang='lat' dir='ltr'>ubi</span> <span class='ocrx_word' id='word_1_74' title='bbox 1004 1234 1151 1315; x_wconf 88' lang='lat' dir='ltr'>sapientia</span> 
     </span>
     <span class='ocr_line' id='line_1_10' title="bbox 59 1343 1148 1427; baseline 0.001 -25"><span class='ocrx_word' id='word_1_75' title='bbox 59 1361 86 1403; x_wconf 89' lang='lat' dir='ltr'>sc</span> <span class='ocrx_word' id='word_1_76' title='bbox 103 1345 129 1406; x_wconf 89' lang='lat' dir='ltr'>in</span> <span class='ocrx_word' id='word_1_77' title='bbox 148 1351 341 1427; x_wconf 84' lang='lat' dir='ltr'>conspectum</span> <span class='ocrx_word' id='word_1_78' title='bbox 361 1343 486 1420; x_wconf 83' lang='lat' dir='ltr'>dederit,</span> <span class='ocrx_word' id='word_1_79' title='bbox 508 1351 648 1427; x_wconf 87' lang='lat' dir='ltr'>tauquam</span> <span class='ocrx_word' id='word_1_80' title='bbox 667 1345 816 1426; x_wconf 81' lang='lat' dir='ltr'>nrancipia</span> <span class='ocrx_word' id='word_1_81' title='bbox 834 1345 998 1408; x_wconf 86' lang='lat' dir='ltr'>discedere.</span> <span class='ocrx_word' id='word_1_82' title='bbox 1039 1343 1148 1425; x_wconf 89' lang='lat' dir='ltr'>Neque</span> 
     </span>
     <span class='ocr_line' id='line_1_11' title="bbox 59 1450 1149 1535; baseline 0.002 -25"><span class='ocrx_word' id='word_1_83' title='bbox 59 1468 118 1514; x_wconf 78' lang='lat' dir='ltr'>lero</span> <span class='ocrx_word' id='word_1_84' title='bbox 136 1453 292 1533; x_wconf 88' lang='lat' dir='ltr'>speluncas</span> <span class='ocrx_word' id='word_1_85' title='bbox 314 1460 345 1516; x_wconf 89' lang='lat' dir='ltr'>et</span> <span class='ocrx_word' id='word_1_86' title='bbox 367 1453 497 1535; x_wconf 82' lang='lat' dir='ltr'>quietem</span> <span class='ocrx_word' id='word_1_87' title='bbox 518 1473 537 1514; x_wconf 92' lang='lat' dir='ltr'>a</span> <span class='ocrx_word' id='word_1_88' title='bbox 558 1453 633 1516; x_wconf 92' lang='lat' dir='ltr'>solis</span> <span class='ocrx_word' id='word_1_89' title='bbox 655 1454 822 1516; x_wconf 87' lang='lat' dir='ltr'>amentibus</span> <span class='ocrx_word' id='word_1_90' title='bbox 845 1454 954 1534; x_wconf 90' lang='lat' dir='ltr'>expeti,</span> <span class='ocrx_word' id='word_1_91' title='bbox 976 1453 1031 1516; x_wconf 90' lang='lat' dir='ltr'>sed</span> <span class='ocrx_word' id='word_1_92' title='bbox 1051 1452 1089 1514; x_wconf 87' lang='lat' dir='ltr'>ab</span> <span class='ocrx_word' id='word_1_93' title='bbox 1112 1450 1149 1512; x_wconf 88' lang='lat' dir='ltr'>iis</span> 
     </span>
     <span class='ocr_line' id='line_1_12' title="bbox 58 1559 1150 1644; baseline 0.001 -25"><span class='ocrx_word' id='word_1_94' title='bbox 58 1577 160 1641; x_wconf 90' lang='lat' dir='ltr'>quoque</span> <span class='ocrx_word' id='word_1_95' title='bbox 182 1562 233 1644; x_wconf 93' lang='lat' dir='ltr'>qui</span> <span class='ocrx_word' id='word_1_96' title='bbox 265 1581 356 1643; x_wconf 90' lang='lat' dir='ltr'>quum</span> <span class='ocrx_word' id='word_1_97' title='bbox 385 1559 553 1641; x_wconf 86' lang='lat' dir='ltr'>despiciant</span> <span class='ocrx_word' id='word_1_98' title='bbox 571 1581 620 1623; x_wconf 90' lang='lat' dir='ltr'>res</span> <span class='ocrx_word' id='word_1_99' title='bbox 642 1562 785 1623; x_wconf 81' lang='lat' dir='ltr'>lumranas</span> <span class='ocrx_word' id='word_1_100' title='bbox 807 1561 1050 1642; x_wconf 87' lang='lat' dir='ltr'>tranquillitatem</span> <span class='ocrx_word' id='word_1_101' title='bbox 1072 1559 1150 1621; x_wconf 91' lang='lat' dir='ltr'>desi-</span> 
     </span>
     <span class='ocr_line' id='line_1_13' title="bbox 58 1665 1150 1750; baseline 0.003 -26"><span class='ocrx_word' id='word_1_102' title='bbox 58 1665 151 1729; x_wconf 85' lang='lat' dir='ltr'>derent.</span> <span class='ocrx_word' id='word_1_103' title='bbox 197 1673 301 1750; x_wconf 80' lang='lat' dir='ltr'>Quum</span> <span class='ocrx_word' id='word_1_104' title='bbox 330 1669 410 1730; x_wconf 91' lang='lat' dir='ltr'>euim</span> <span class='ocrx_word' id='word_1_105' title='bbox 439 1687 524 1730; x_wconf 84' lang='lat' dir='ltr'>urens</span> <span class='ocrx_word' id='word_1_106' title='bbox 553 1668 634 1730; x_wconf 85' lang='lat' dir='ltr'>curis</span> <span class='ocrx_word' id='word_1_107' title='bbox 666 1670 796 1730; x_wconf 88' lang='lat' dir='ltr'>externis</span> <span class='ocrx_word' id='word_1_108' title='bbox 825 1669 935 1748; x_wconf 86' lang='lat' dir='ltr'>agitata</span> <span class='ocrx_word' id='word_1_109' title='bbox 962 1687 1075 1748; x_wconf 87' lang='lat' dir='ltr'>corpus</span> <span class='ocrx_word' id='word_1_110' title='bbox 1104 1687 1150 1728; x_wconf 90' lang='lat' dir='ltr'>re-</span> 
     </span>
     <span class='ocr_line' id='line_1_14' title="bbox 57 1775 1149 1858; baseline 0.006 -26"><span class='ocrx_word' id='word_1_111' title='bbox 57 1793 143 1836; x_wconf 84' lang='lat' dir='ltr'>creare</span> <span class='ocrx_word' id='word_1_112' title='bbox 161 1776 353 1858; x_wconf 85' lang='lat' dir='ltr'>negotiisque</span> <span class='ocrx_word' id='word_1_113' title='bbox 375 1776 534 1838; x_wconf 89' lang='lat' dir='ltr'>exsolvere</span> <span class='ocrx_word' id='word_1_114' title='bbox 557 1777 663 1838; x_wconf 85' lang='lat' dir='ltr'>volens</span> <span class='ocrx_word' id='word_1_115' title='bbox 689 1776 783 1857; x_wconf 90' lang='lat' dir='ltr'>quieti</span> <span class='ocrx_word' id='word_1_116' title='bbox 804 1775 877 1838; x_wconf 92' lang='lat' dir='ltr'>illud</span> <span class='ocrx_word' id='word_1_117' title='bbox 900 1777 1062 1853; x_wconf 88' lang='lat' dir='ltr'>tradiderit,</span> <span class='ocrx_word' id='word_1_118' title='bbox 1086 1783 1149 1839; x_wconf 90' lang='lat' dir='ltr'>tum</span> 
     </span>
     <span class='ocr_line' id='line_1_15' title="bbox 57 1883 1149 1966; baseline 0.001 -23"><span class='ocrx_word' id='word_1_119' title='bbox 57 1899 109 1943; x_wconf 83' lang='lat' dir='ltr'>eam</span> <span class='ocrx_word' id='word_1_120' title='bbox 128 1891 258 1948; x_wconf 89' lang='lat' dir='ltr'>erectam</span> <span class='ocrx_word' id='word_1_121' title='bbox 286 1884 369 1946; x_wconf 89' lang='lat' dir='ltr'>circa</span> <span class='ocrx_word' id='word_1_122' title='bbox 401 1903 469 1946; x_wconf 91' lang='lat' dir='ltr'>seso</span> <span class='ocrx_word' id='word_1_123' title='bbox 497 1884 630 1946; x_wconf 83' lang='lat' dir='ltr'>veritatis</span> <span class='ocrx_word' id='word_1_124' title='bbox 655 1883 758 1945; x_wconf 89' lang='lat' dir='ltr'>locum</span> <span class='ocrx_word' id='word_1_125' title='bbox 783 1884 915 1966; x_wconf 90' lang='lat' dir='ltr'>undique</span> <span class='ocrx_word' id='word_1_126' title='bbox 944 1885 1149 1965; x_wconf 85' lang='lat' dir='ltr'>contemplari,</span> 
     </span>
     <span class='ocr_line' id='line_1_16' title="bbox 56 1988 1149 2074; baseline 0.005 -28"><span class='ocrx_word' id='word_1_127' title='bbox 56 1988 96 2049; x_wconf 91' lang='lat' dir='ltr'>nbi</span> <span class='ocrx_word' id='word_1_128' title='bbox 116 2011 173 2054; x_wconf 95' lang='lat' dir='ltr'>non</span> <span class='ocrx_word' id='word_1_129' title='bbox 200 2001 304 2074; x_wconf 89' lang='lat' dir='ltr'>pater,</span> <span class='ocrx_word' id='word_1_130' title='bbox 330 2011 393 2054; x_wconf 92' lang='lat' dir='ltr'>nou</span> <span class='ocrx_word' id='word_1_131' title='bbox 420 1999 530 2069; x_wconf 89' lang='lat' dir='ltr'>mater,</span> <span class='ocrx_word' id='word_1_132' title='bbox 555 2011 617 2054; x_wconf 94' lang='lat' dir='ltr'>nou</span> <span class='ocrx_word' id='word_1_133' title='bbox 636 2011 730 2068; x_wconf 89' lang='lat' dir='ltr'>uxor,</span> <span class='ocrx_word' id='word_1_134' title='bbox 751 2011 815 2053; x_wconf 91' lang='lat' dir='ltr'>nou</span> <span class='ocrx_word' id='word_1_135' title='bbox 834 1991 935 2069; x_wconf 91' lang='lat' dir='ltr'>liberi,</span> <span class='ocrx_word' id='word_1_136' title='bbox 959 2011 1021 2054; x_wconf 92' lang='lat' dir='ltr'>nou</span> <span class='ocrx_word' id='word_1_137' title='bbox 1048 1992 1149 2069; x_wconf 78' lang='lat' dir='ltr'>irater,</span> 
     </span>
     <span class='ocr_line' id='line_1_17' title="bbox 57 2099 1150 2184; baseline 0.006 -29"><span class='ocrx_word' id='word_1_138' title='bbox 57 2113 104 2158; x_wconf 91' lang='lat' dir='ltr'>nou</span> <span class='ocrx_word' id='word_1_139' title='bbox 118 2103 241 2180; x_wconf 79' lang='lat' dir='ltr'>cognati,</span> <span class='ocrx_word' id='word_1_140' title='bbox 259 2119 322 2162; x_wconf 91' lang='lat' dir='ltr'>non</span> <span class='ocrx_word' id='word_1_141' title='bbox 342 2099 479 2175; x_wconf 91' lang='lat' dir='ltr'>ministri,</span> <span class='ocrx_word' id='word_1_142' title='bbox 496 2119 558 2162; x_wconf 93' lang='lat' dir='ltr'>non</span> <span class='ocrx_word' id='word_1_143' title='bbox 579 2101 707 2178; x_wconf 88' lang='lat' dir='ltr'>fortuna,</span> <span class='ocrx_word' id='word_1_144' title='bbox 723 2119 820 2181; x_wconf 90' lang='lat' dir='ltr'>neque</span> <span class='ocrx_word' id='word_1_145' title='bbox 844 2099 967 2161; x_wconf 91' lang='lat' dir='ltr'>omnino</span> <span class='ocrx_word' id='word_1_146' title='bbox 988 2099 1150 2184; x_wconf 90' lang='lat' dir='ltr'>quidquam</span> 
     </span>
     <span class='ocr_line' id='line_1_18' title="bbox 56 2207 1151 2290; baseline 0.005 -28"><span class='ocrx_word' id='word_1_147' title='bbox 56 2207 197 2270; x_wconf 89' lang='lat' dir='ltr'>tumultum</span> <span class='ocrx_word' id='word_1_148' title='bbox 218 2210 299 2285; x_wconf 83' lang='lat' dir='ltr'>edat,</span> <span class='ocrx_word' id='word_1_149' title='bbox 321 2208 376 2272; x_wconf 90' lang='lat' dir='ltr'>sed</span> <span class='ocrx_word' id='word_1_150' title='bbox 400 2207 501 2270; x_wconf 91' lang='lat' dir='ltr'>omnia</span> <span class='ocrx_word' id='word_1_151' title='bbox 525 2228 603 2290; x_wconf 88' lang='lat' dir='ltr'>quae</span> <span class='ocrx_word' id='word_1_152' title='bbox 623 2209 746 2270; x_wconf 88' lang='lat' dir='ltr'>turbare</span> <span class='ocrx_word' id='word_1_153' title='bbox 766 2207 891 2286; x_wconf 88' lang='lat' dir='ltr'>soleant,</span> <span class='ocrx_word' id='word_1_154' title='bbox 902 2209 1009 2270; x_wconf 90' lang='lat' dir='ltr'>timore</span> <span class='ocrx_word' id='word_1_155' title='bbox 1028 2227 1151 2270; x_wconf 88' lang='lat' dir='ltr'>arcean-</span> 
     </span>
     <span class='ocr_line' id='line_1_19' title="bbox 56 2315 1152 2401; baseline 0.004 -30"><span class='ocrx_word' id='word_1_156' title='bbox 56 2317 94 2372; x_wconf 87' lang='lat' dir='ltr'>tur</span> <span class='ocrx_word' id='word_1_157' title='bbox 113 2322 141 2377; x_wconf 90' lang='lat' dir='ltr'>et</span> <span class='ocrx_word' id='word_1_158' title='bbox 159 2317 284 2379; x_wconf 85' lang='lat' dir='ltr'>exclusa</span> <span class='ocrx_word' id='word_1_159' title='bbox 310 2315 418 2397; x_wconf 85' lang='lat' dir='ltr'>procul</span> <span class='ocrx_word' id='word_1_160' title='bbox 441 2316 604 2378; x_wconf 85' lang='lat' dir='ltr'>subsistant</span> <span class='ocrx_word' id='word_1_161' title='bbox 628 2335 727 2399; x_wconf 91' lang='lat' dir='ltr'>neque</span> <span class='ocrx_word' id='word_1_162' title='bbox 757 2318 999 2401; x_wconf 85' lang='lat' dir='ltr'>appropinquare</span> <span class='ocrx_word' id='word_1_163' title='bbox 1022 2315 1152 2378; x_wconf 89' lang='lat' dir='ltr'>audeant</span> 
     </span>
     <span class='ocr_line' id='line_1_20' title="bbox 55 2423 1151 2507; baseline 0.005 -29"><span class='ocrx_word' id='word_1_164' title='bbox 55 2435 114 2494; x_wconf 89' lang='lat' dir='ltr'>prae</span> <span class='ocrx_word' id='word_1_165' title='bbox 134 2442 237 2487; x_wconf 90' lang='lat' dir='ltr'>eorum</span> <span class='ocrx_word' id='word_1_166' title='bbox 269 2426 321 2507; x_wconf 91' lang='lat' dir='ltr'>qui</span> <span class='ocrx_word' id='word_1_167' title='bbox 351 2423 414 2485; x_wconf 90' lang='lat' dir='ltr'>illic</span> <span class='ocrx_word' id='word_1_168' title='bbox 445 2423 578 2485; x_wconf 89' lang='lat' dir='ltr'>habitent</span> <span class='ocrx_word' id='word_1_169' title='bbox 604 2423 782 2486; x_wconf 83' lang='lat' dir='ltr'>reverentia.</span> <span class='ocrx_word' id='word_1_170' title='bbox 823 2425 909 2488; x_wconf 92' lang='lat' dir='ltr'>lllum</span> <span class='ocrx_word' id='word_1_171' title='bbox 930 2433 1029 2487; x_wconf 90' lang='lat' dir='ltr'>autem</span> <span class='ocrx_word' id='word_1_172' title='bbox 1047 2423 1151 2486; x_wconf 92' lang='lat' dir='ltr'>locum</span> 
     </span>
     <span class='ocr_line' id='line_1_21' title="bbox 55 2531 1153 2612; baseline 0.006 -27"><span class='ocrx_word' id='word_1_173' title='bbox 55 2533 142 2593; x_wconf 86' lang='lat' dir='ltr'>tenere</span> <span class='ocrx_word' id='word_1_174' title='bbox 161 2539 260 2610; x_wconf 87' lang='lat' dir='ltr'>artes,</span> <span class='ocrx_word' id='word_1_175' title='bbox 288 2551 377 2594; x_wconf 91' lang='lat' dir='ltr'>omue</span> <span class='ocrx_word' id='word_1_176' title='bbox 407 2531 551 2594; x_wconf 89' lang='lat' dir='ltr'>virtutum</span> <span class='ocrx_word' id='word_1_177' title='bbox 578 2551 688 2612; x_wconf 89' lang='lat' dir='ltr'>genus,</span> <span class='ocrx_word' id='word_1_178' title='bbox 716 2533 804 2609; x_wconf 91' lang='lat' dir='ltr'>deos,</span> <span class='ocrx_word' id='word_1_179' title='bbox 825 2533 1003 2609; x_wconf 84' lang='lat' dir='ltr'>daemones,</span> <span class='ocrx_word' id='word_1_180' title='bbox 1027 2531 1153 2593; x_wconf 89' lang='lat' dir='ltr'>consilia</span> 
     </span>
     <span class='ocr_line' id='line_1_22' title="bbox 55 2638 1152 2721; baseline 0.001 -21"><span class='ocrx_word' id='word_1_181' title='bbox 55 2645 197 2721; x_wconf 75' lang='lat' dir='ltr'>certasque</span> <span class='ocrx_word' id='word_1_182' title='bbox 218 2643 393 2705; x_wconf 89' lang='lat' dir='ltr'>sententias.</span> <span class='ocrx_word' id='word_1_183' title='bbox 434 2639 573 2721; x_wconf 89' lang='lat' dir='ltr'>Denique</span> <span class='ocrx_word' id='word_1_184' title='bbox 593 2659 733 2720; x_wconf 89' lang='lat' dir='ltr'>magnum</span> <span class='ocrx_word' id='word_1_185' title='bbox 754 2639 861 2720; x_wconf 91' lang='lat' dir='ltr'>polum</span> <span class='ocrx_word' id='word_1_186' title='bbox 880 2639 974 2702; x_wconf 84' lang='lat' dir='ltr'>stellis</span> <span class='ocrx_word' id='word_1_187' title='bbox 994 2638 1152 2720; x_wconf 90' lang='lat' dir='ltr'>multiplici</span> 
     </span>
     <span class='ocr_line' id='line_1_23' title="bbox 53 2746 1151 2830; baseline 0.002 -24"><span class='ocrx_word' id='word_1_188' title='bbox 53 2751 125 2806; x_wconf 81' lang='lat' dir='ltr'>notu</span> <span class='ocrx_word' id='word_1_189' title='bbox 149 2747 271 2828; x_wconf 86' lang='lat' dir='ltr'>agitatis</span> <span class='ocrx_word' id='word_1_190' title='bbox 300 2753 440 2830; x_wconf 86' lang='lat' dir='ltr'>tanquam</span> <span class='ocrx_word' id='word_1_191' title='bbox 463 2767 579 2812; x_wconf 87' lang='lat' dir='ltr'>corona</span> <span class='ocrx_word' id='word_1_192' title='bbox 603 2749 734 2810; x_wconf 88' lang='lat' dir='ltr'>cinctum</span> <span class='ocrx_word' id='word_1_193' title='bbox 756 2749 786 2808; x_wconf 94' lang='lat' dir='ltr'>in</span> <span class='ocrx_word' id='word_1_194' title='bbox 808 2746 860 2807; x_wconf 89' lang='lat' dir='ltr'>illa</span> <span class='ocrx_word' id='word_1_195' title='bbox 881 2766 948 2809; x_wconf 90' lang='lat' dir='ltr'>esse</span> <span class='ocrx_word' id='word_1_196' title='bbox 968 2747 1101 2828; x_wconf 81' lang='lat' dir='ltr'>regione,</span> <span class='ocrx_word' id='word_1_197' title='bbox 1121 2747 1151 2810; x_wconf 92' lang='lat' dir='ltr'>in</span> 
     </span>
     <span class='ocr_line' id='line_1_24' title="bbox 54 2854 1151 2944; baseline 0.008 -33"><span class='ocrx_word' id='word_1_198' title='bbox 54 2867 129 2928; x_wconf 82' lang='lat' dir='ltr'>quam</span> <span class='ocrx_word' id='word_1_199' title='bbox 150 2855 279 2918; x_wconf 80' lang='lat' dir='ltr'>forsitan</span> <span class='ocrx_word' id='word_1_200' title='bbox 302 2857 497 2920; x_wconf 87' lang='lat' dir='ltr'>Democritus</span> <span class='ocrx_word' id='word_1_201' title='bbox 525 2875 647 2939; x_wconf 91' lang='lat' dir='ltr'>quoque</span> <span class='ocrx_word' id='word_1_202' title='bbox 670 2856 720 2918; x_wconf 92' lang='lat' dir='ltr'>ob&#39;</span> <span class='ocrx_word' id='word_1_203' title='bbox 737 2854 915 2936; x_wconf 88' lang='lat' dir='ltr'>sapientiam</span> <span class='ocrx_word' id='word_1_204' title='bbox 932 2855 1151 2944; x_wconf 69' lang='lat' dir='ltr'>demigrarent.</span> 
     </span>
     <span class='ocr_line' id='line_1_25' title="bbox 51 2943 1151 3045; baseline 0.009 -26"><span class='ocrx_word' id='word_1_205' title='bbox 51 2957 103 3036; x_wconf 83' lang='lat' dir='ltr'>Qui</span> <span class='ocrx_word' id='word_1_206' title='bbox 130 2983 221 3043; x_wconf 90' lang='lat' dir='ltr'>quum</span> <span class='ocrx_word' id='word_1_207' title='bbox 255 2963 347 3044; x_wconf 88' lang='lat' dir='ltr'>longe</span> <span class='ocrx_word' id='word_1_208' title='bbox 383 2971 516 3028; x_wconf 89' lang='lat' dir='ltr'>remotus</span> <span class='ocrx_word' id='word_1_209' title='bbox 551 2963 760 3045; x_wconf 86' lang='lat' dir='ltr'>peregrinetur</span> <span class='ocrx_word' id='word_1_210' title='bbox 785 2983 884 3044; x_wconf 89' lang='lat' dir='ltr'>nequo</span> <span class='ocrx_word' id='word_1_211' title='bbox 913 2943 1045 3044; x_wconf 87' lang='lat' dir='ltr'>amplius</span> <span class='ocrx_word' id='word_1_212' title='bbox 1069 2965 1151 3029; x_wconf 88' lang='lat' dir='ltr'>cives</span> 
     </span>
     <span class='ocr_line' id='line_1_26' title="bbox 51 3069 1152 3148; baseline 0.011 -25"><span class='ocrx_word' id='word_1_213' title='bbox 51 3081 113 3126; x_wconf 86' lang='lat' dir='ltr'>suos</span> <span class='ocrx_word' id='word_1_214' title='bbox 131 3069 235 3148; x_wconf 78' lang='lat' dir='ltr'>rideat,</span> <span class='ocrx_word' id='word_1_215' title='bbox 262 3072 302 3133; x_wconf 93' lang='lat' dir='ltr'>ob</span> <span class='ocrx_word' id='word_1_216' title='bbox 326 3073 406 3134; x_wconf 91' lang='lat' dir='ltr'>buno</span> <span class='ocrx_word' id='word_1_217' title='bbox 434 3071 603 3134; x_wconf 90' lang='lat' dir='ltr'>solitudinis</span> <span class='ocrx_word' id='word_1_218' title='bbox 629 3091 763 3134; x_wconf 90' lang='lat' dir='ltr'>amorem</span> <span class='ocrx_word' id='word_1_219' title='bbox 791 3071 904 3133; x_wconf 83' lang='lat' dir='ltr'>facturn</span> <span class='ocrx_word' id='word_1_220' title='bbox 926 3091 1001 3147; x_wconf 87' lang='lat' dir='ltr'>esse,</span> <span class='ocrx_word' id='word_1_221' title='bbox 1023 3081 1056 3135; x_wconf 91' lang='lat' dir='ltr'>nt</span> <span class='ocrx_word' id='word_1_222' title='bbox 1079 3071 1152 3135; x_wconf 87' lang='lat' dir='ltr'>deli-</span> 
     </span>
     <span class='ocr_line' id='line_1_27' title="bbox 51 3177 1153 3260; baseline 0.015 -33"><span class='ocrx_word' id='word_1_223' title='bbox 51 3187 108 3234; x_wconf 90' lang='lat' dir='ltr'>rare</span> <span class='ocrx_word' id='word_1_224' title='bbox 128 3183 260 3254; x_wconf 86' lang='lat' dir='ltr'>putetur.</span> <span class='ocrx_word' id='word_1_225' title='bbox 299 3179 397 3260; x_wconf 86' lang='lat' dir='ltr'>Rogat</span> <span class='ocrx_word' id='word_1_226' title='bbox 418 3187 573 3260; x_wconf 89' lang='lat' dir='ltr'>postremo</span> <span class='ocrx_word' id='word_1_227' title='bbox 595 3179 796 3259; x_wconf 86' lang='lat' dir='ltr'>Hippocrates</span> <span class='ocrx_word' id='word_1_228' title='bbox 818 3177 1091 3258; x_wconf 87' lang='lat' dir='ltr'>Philopoemenem,</span> <span class='ocrx_word' id='word_1_229' title='bbox 1119 3188 1153 3244; x_wconf 88' lang='lat' dir='ltr'>ut</span> 
     </span>
     <span class='ocr_line' id='line_1_28' title="bbox 51 3281 1152 3366; baseline 0.013 -30"><span class='ocrx_word' id='word_1_230' title='bbox 51 3281 178 3356; x_wconf 66' lang='lat' dir='ltr'>(proauiam</span> <span class='ocrx_word' id='word_1_231' title='bbox 197 3286 394 3366; x_wconf 88' lang='lat' dir='ltr'>perturbatae</span> <span class='ocrx_word' id='word_1_232' title='bbox 415 3287 482 3349; x_wconf 93' lang='lat' dir='ltr'>urbi</span> <span class='ocrx_word' id='word_1_233' title='bbox 503 3287 648 3348; x_wconf 85' lang='lat' dir='ltr'>molestus</span> <span class='ocrx_word' id='word_1_234' title='bbox 670 3305 736 3348; x_wconf 89' lang='lat' dir='ltr'>esse</span> <span class='ocrx_word' id='word_1_235' title='bbox 758 3286 842 3363; x_wconf 90' lang='lat' dir='ltr'>nolit,</span> <span class='ocrx_word' id='word_1_236' title='bbox 862 3287 995 3366; x_wconf 91' lang='lat' dir='ltr'>bospitio</span> <span class='ocrx_word' id='word_1_237' title='bbox 1017 3308 1050 3350; x_wconf 91' lang='lat' dir='ltr'>se</span> <span class='ocrx_word' id='word_1_238' title='bbox 1071 3289 1152 3352; x_wconf 88' lang='lat' dir='ltr'>exei-</span> 
     </span>
     <span class='ocr_line' id='line_1_29' title="bbox 50 3384 1152 3475; baseline 0 -17"><span class='ocrx_word' id='word_1_239' title='bbox 50 3384 110 3458; x_wconf 84' lang='lat' dir='ltr'>piat.</span> <span class='ocrx_word' id='word_1_240' title='bbox 149 3397 268 3474; x_wconf 79' lang='lat' dir='ltr'>Quarta</span> <span class='ocrx_word' id='word_1_241' title='bbox 290 3391 482 3475; x_wconf 81' lang='lat' dir='ltr'>epistota³¹)</span> <span class='ocrx_word' id='word_1_242' title='bbox 506 3393 707 3474; x_wconf 86' lang='lat' dir='ltr'>llippocrates</span> <span class='ocrx_word' id='word_1_243' title='bbox 728 3394 877 3474; x_wconf 89' lang='lat' dir='ltr'>Dionysio</span> <span class='ocrx_word' id='word_1_244' title='bbox 896 3396 1152 3460; x_wconf 87' lang='lat' dir='ltr'>Halicarnassensi</span> 
     </span>
     <span class='ocr_line' id='line_1_30' title="bbox 51 3500 1150 3585; baseline 0.017 -38"><span class='ocrx_word' id='word_1_245' title='bbox 51 3505 149 3572; x_wconf 81' lang='lat' dir='ltr'>turrat,</span> <span class='ocrx_word' id='word_1_246' title='bbox 169 3501 338 3562; x_wconf 88' lang='lat' dir='ltr'>Democriti</span> <span class='ocrx_word' id='word_1_247' title='bbox 360 3501 455 3580; x_wconf 87' lang='lat' dir='ltr'>gratia</span> <span class='ocrx_word' id='word_1_248' title='bbox 476 3500 628 3564; x_wconf 79' lang='lat' dir='ltr'>Abderam</span> <span class='ocrx_word' id='word_1_249' title='bbox 653 3502 710 3565; x_wconf 92' lang='lat' dir='ltr'>sibi</span> <span class='ocrx_word' id='word_1_250' title='bbox 732 3503 901 3566; x_wconf 89' lang='lat' dir='ltr'>abeundum</span> <span class='ocrx_word' id='word_1_251' title='bbox 924 3523 999 3582; x_wconf 88' lang='lat' dir='ltr'>esse,</span> <span class='ocrx_word' id='word_1_252' title='bbox 1022 3523 1150 3585; x_wconf 86' lang='lat' dir='ltr'>eumque</span> 
     </span>
     <span class='ocr_line' id='line_1_31' title="bbox 51 3609 1153 3691; baseline 0.007 -26"><span class='ocrx_word' id='word_1_253' title='bbox 51 3613 135 3680; x_wconf 77' lang='lat' dir='ltr'>rogat,</span> <span class='ocrx_word' id='word_1_254' title='bbox 162 3615 196 3668; x_wconf 89' lang='lat' dir='ltr'>ut</span> <span class='ocrx_word' id='word_1_255' title='bbox 226 3609 381 3688; x_wconf 84' lang='lat' dir='ltr'>tantisper,</span> <span class='ocrx_word' id='word_1_256' title='bbox 404 3610 475 3672; x_wconf 89' lang='lat' dir='ltr'>dum</span> <span class='ocrx_word' id='word_1_257' title='bbox 494 3611 584 3672; x_wconf 91' lang='lat' dir='ltr'>domo</span> <span class='ocrx_word' id='word_1_258' title='bbox 615 3609 721 3672; x_wconf 89' lang='lat' dir='ltr'>abesse</span> <span class='ocrx_word' id='word_1_259' title='bbox 743 3620 878 3691; x_wconf 86' lang='lat' dir='ltr'>cogatur,</span> <span class='ocrx_word' id='word_1_260' title='bbox 899 3612 950 3674; x_wconf 91' lang='lat' dir='ltr'>ille</span> <span class='ocrx_word' id='word_1_261' title='bbox 974 3611 1063 3676; x_wconf 87' lang='lat' dir='ltr'>Coon</span> <span class='ocrx_word' id='word_1_262' title='bbox 1081 3630 1153 3691; x_wconf 89' lang='lat' dir='ltr'>pro-</span> 
     </span>
     <span class='ocr_line' id='line_1_32' title="bbox 50 3703 1151 3800; baseline 0.01 -31"><span class='ocrx_word' id='word_1_263' title='bbox 50 3703 136 3772; x_wconf 77' lang='lat' dir='ltr'>iectus</span> <span class='ocrx_word' id='word_1_264' title='bbox 157 3714 203 3774; x_wconf 91' lang='lat' dir='ltr'>rei</span> <span class='ocrx_word' id='word_1_265' title='bbox 227 3715 382 3779; x_wconf 83' lang='lat' dir='ltr'>familiaris</span> <span class='ocrx_word' id='word_1_266' title='bbox 406 3737 510 3780; x_wconf 86' lang='lat' dir='ltr'>euram</span> <span class='ocrx_word' id='word_1_267' title='bbox 531 3716 677 3797; x_wconf 87' lang='lat' dir='ltr'>suscipiat</span> <span class='ocrx_word' id='word_1_268' title='bbox 702 3725 732 3778; x_wconf 91' lang='lat' dir='ltr'>et</span> <span class='ocrx_word' id='word_1_269' title='bbox 756 3719 861 3781; x_wconf 82' lang='lat' dir='ltr'>uxoris</span> <span class='ocrx_word' id='word_1_270' title='bbox 885 3720 993 3797; x_wconf 86' lang='lat' dir='ltr'>vitam,</span> <span class='ocrx_word' id='word_1_271' title='bbox 1015 3718 1151 3800; x_wconf 86' lang='lat' dir='ltr'>quamvis</span> 
     </span>
     <span class='ocr_line' id='line_1_33' title="bbox 49 3809 1151 3908; baseline 0.009 -32"><span class='ocrx_word' id='word_1_272' title='bbox 49 3809 112 3876; x_wconf 80' lang='lat' dir='ltr'>haec</span> <span class='ocrx_word' id='word_1_273' title='bbox 141 3821 224 3898; x_wconf 89' lang='lat' dir='ltr'>apud</span> <span class='ocrx_word' id='word_1_274' title='bbox 248 3831 390 3901; x_wconf 88' lang='lat' dir='ltr'>parentes</span> <span class='ocrx_word' id='word_1_275' title='bbox 418 3827 532 3887; x_wconf 90' lang='lat' dir='ltr'>interea</span> <span class='ocrx_word' id='word_1_276' title='bbox 562 3841 704 3885; x_wconf 81' lang='lat' dir='ltr'>mansura</span> <span class='ocrx_word' id='word_1_277' title='bbox 724 3825 779 3902; x_wconf 90' lang='lat' dir='ltr'>sit,</span> <span class='ocrx_word' id='word_1_278' title='bbox 809 3826 969 3908; x_wconf 90' lang='lat' dir='ltr'>diligenter</span> <span class='ocrx_word' id='word_1_279' title='bbox 1002 3825 1151 3888; x_wconf 73' lang='lat' dir='ltr'>observet.</span> 
     </span>
     <span class='ocr_line' id='line_1_34' title="bbox 49 3919 1152 4015; baseline 0.007 -29"><span class='ocrx_word' id='word_1_280' title='bbox 49 3919 151 3998; x_wconf 76' lang='lat' dir='ltr'>Quinta</span> <span class='ocrx_word' id='word_1_281' title='bbox 168 3923 221 4008; x_wconf 78' lang='lat'>³²)</span> <span class='ocrx_word' id='word_1_282' title='bbox 254 3929 383 4010; x_wconf 87' lang='lat' dir='ltr'>epistola</span> <span class='ocrx_word' id='word_1_283' title='bbox 412 3931 613 4012; x_wconf 85' lang='lat' dir='ltr'>Hippocrates</span> <span class='ocrx_word' id='word_1_284' title='bbox 633 3933 812 4011; x_wconf 43' lang='lat' dir='ltr'>‚Damageto</span> <span class='ocrx_word' id='word_1_285' title='bbox 843 3935 960 4011; x_wconf 87' lang='lat' dir='ltr'>scribit,</span> <span class='ocrx_word' id='word_1_286' title='bbox 991 3953 1025 3996; x_wconf 90' lang='lat' dir='ltr'>se</span> <span class='ocrx_word' id='word_1_287' title='bbox 1060 3953 1152 4015; x_wconf 90' lang='lat' dir='ltr'>quum</span> 
     </span>
    </p>
   </div>
   <div class='ocr_carea' id='block_1_3' title="bbox 51 4070 244 4095">
    <p class='ocr_par' dir='ltr' id='par_1_3' title="bbox 51 4070 244 4095">
     <span class='ocr_line' id='line_1_35' title="bbox 51 4070 244 4095; baseline 0 -7"><span class='ocrx_word' id='word_1_288' title='bbox 51 4070 244 4095; x_wconf 42' lang='lat' dir='ltr'>Qu...-</span> 
     </span>
    </p>
   </div>
   <div class='ocr_carea' id='block_1_4' title="bbox 109 4175 1083 4344">
    <p class='ocr_par' dir='ltr' id='par_1_4' title="bbox 109 4175 1083 4344">
     <span class='ocr_line' id='line_1_36' title="bbox 109 4175 1083 4252; baseline 0.007 -21"><span class='ocrx_word' id='word_1_289' title='bbox 109 4175 148 4240; x_wconf 82' lang='lat'>³¹)</span> <span class='ocrx_word' id='word_1_290' title='bbox 168 4191 230 4245; x_wconf 84' lang='lat' dir='ltr'>pag.</span> <span class='ocrx_word' id='word_1_291' title='bbox 250 4179 316 4234; x_wconf 76' lang='lat'><strong>¹276</strong></span> <span class='ocrx_word' id='word_1_292' title='bbox 333 4177 445 4235; x_wconf 83' lang='lat' dir='ltr'>&#39;lomll</span> <span class='ocrx_word' id='word_1_293' title='bbox 467 4185 508 4235; x_wconf 89' lang='lat' dir='ltr'>ed.</span> <span class='ocrx_word' id='word_1_294' title='bbox 527 4187 601 4237; x_wconf 88' lang='lat' dir='ltr'>Foes.</span> <span class='ocrx_word' id='word_1_295' title='bbox 620 4187 688 4252; x_wconf 78' lang='lat' dir='ltr'>(pag.</span> <span class='ocrx_word' id='word_1_296' title='bbox 709 4185 760 4238; x_wconf 79' lang='lat'>783</span> <span class='ocrx_word' id='word_1_297' title='bbox 780 4189 852 4239; x_wconf 88' lang='lat' dir='ltr'>Tom.</span> <span class='ocrx_word' id='word_1_298' title='bbox 873 4184 906 4240; x_wconf 97' lang='lat' dir='ltr'>lll</span> <span class='ocrx_word' id='word_1_299' title='bbox 927 4190 969 4240; x_wconf 92' lang='lat' dir='ltr'>ed.</span> <span class='ocrx_word' id='word_1_300' title='bbox 991 4189 1083 4250; x_wconf 78' lang='lat' dir='ltr'>liuba.)</span> 
     </span>
     <span class='ocr_line' id='line_1_37' title="bbox 109 4267 1082 4344; baseline 0.01 -23"><span class='ocrx_word' id='word_1_301' title='bbox 109 4267 148 4332; x_wconf 76' lang='lat'>³¹)</span> <span class='ocrx_word' id='word_1_302' title='bbox 166 4285 228 4335; x_wconf 84' lang='lat' dir='ltr'>pag.</span> <span class='ocrx_word' id='word_1_303' title='bbox 247 4269 314 4324; x_wconf 73' lang='lat'><strong>1276</strong></span> <span class='ocrx_word' id='word_1_304' title='bbox 333 4275 407 4326; x_wconf 84' lang='lat' dir='ltr'>Tem.</span> <span class='ocrx_word' id='word_1_305' title='bbox 425 4270 447 4329; x_wconf 93' lang='lat' dir='ltr'>ll</span> <span class='ocrx_word' id='word_1_306' title='bbox 468 4276 509 4328; x_wconf 88' lang='lat' dir='ltr'>ed.</span> <span class='ocrx_word' id='word_1_307' title='bbox 529 4278 603 4330; x_wconf 82' lang='lat' dir='ltr'>Foos.</span> <span class='ocrx_word' id='word_1_308' title='bbox 624 4279 692 4344; x_wconf 81' lang='lat' dir='ltr'>(pag.</span> <span class='ocrx_word' id='word_1_309' title='bbox 711 4277 761 4331; x_wconf 78' lang='lat'>786</span> <span class='ocrx_word' id='word_1_310' title='bbox 777 4281 851 4332; x_wconf 83' lang='lat' dir='ltr'>Tam.</span> <span class='ocrx_word' id='word_1_311' title='bbox 872 4275 906 4333; x_wconf 94' lang='lat' dir='ltr'>lll</span> <span class='ocrx_word' id='word_1_312' title='bbox 927 4283 968 4334; x_wconf 84' lang='lat' dir='ltr'>ed</span> <span class='ocrx_word' id='word_1_313' title='bbox 988 4281 1082 4342; x_wconf 81' lang='lat' dir='ltr'>littbn.)</span> 
     </span>
    </p>
   </div>
   <div class='ocr_carea' id='block_1_5' title="bbox 0 0 1450 4872">
    <p class='ocr_par' dir='ltr' id='par_1_5' title="bbox 0 0 1450 4872">
     <span class='ocr_line' id='line_1_38' title="bbox 0 0 1450 4872; baseline 0 2"><span class='ocrx_word' id='word_1_314' title='bbox 0 0 1450 4872; x_wconf 95' lang='lat' dir='ltr'> </span> 
     </span>
    </p>
   </div>
  </div>
 </body>
</html>
