2892 4872
193 331 235 396 7⁰
524 329 719 400 Quaestionum
745 326 979 388 Democriteamm

192 517 323 583 quorum
347 497 572 580 antiquissimus
597 497 740 560 Horatius
769 503 823 574 est,
847 517 976 560 recensu
993 515 1055 561 non
1075 501 1231 581 temporis,
1255 501 1311 563 sed

194 607 336 668 materiae
367 604 504 668 ordinem
534 625 652 688 sequar.
708 606 826 668 Seneca
848 604 916 687 ¹²):
960 606 1170 684 ‚,Heraclitns,
1204 607 1311 691 inquit,

195 715 313 796 quoties
340 713 496 795 prodierat
521 721 551 776 et
583 720 696 776 tantum
732 713 813 774 circa
839 732 872 775 se
902 714 979 776 male
1005 715 1186 792 viventium,
1217 716 1312 777 immo

194 821 272 884 male
307 821 496 903 pereuntium
524 821 655 899 viderat,
678 821 782 898 flebat,
805 821 1003 885 miserebatur
1024 824 1155 886 omilium
1177 824 1231 906 qui
1255 823 1314 886 sibi

195 928 266 990 laeti
295 927 458 1010 felicesque
489 931 705 1006 occurrebant,
737 928 800 991 miti
822 929 941 1006 animo,
960 932 1015 992 sed
1040 932 1126 994 nimis
1147 931 1311 1009 imbecillo,

197 1035 311 1116 etipse
333 1036 412 1100 inter
432 1037 636 1118 deplorandos
661 1043 735 1099 erat
777 1037 984 1100 Democritum
1003 1045 1109 1102 contra
1130 1041 1216 1117 ajunt
1236 1060 1310 1102 nun-

198 1163 288 1225 quam
308 1144 373 1206 sine
394 1144 458 1207 risu
485 1145 515 1207 in
540 1145 665 1226 publico
684 1145 792 1208 fuisse:
821 1145 899 1208 adeo
926 1145 1001 1208 nihil
1023 1147 1065 1209 illi
1084 1148 1245 1210 ridebatur
1266 1167 1314 1210 se·

199 1251 278 1314 rium
300 1270 406 1314 eorum
429 1273 506 1334 quae
524 1254 606 1315 serio
627 1251 834 1334 gerebantur,”
859 1253 969 1316 etalio
994 1254 1066 1320 loco
1082 1253 1147 1335 ¹³):
1178 1256 1232 1332 „ln
1252 1255 1313 1316 hoc

199 1359 303 1454 itaque
323 1359 463 1422 flectendi
493 1381 612 1439 sumus,
637 1367 671 1423 ut
699 1360 799 1423 omnia
821 1361 904 1442 vrrlgi
924 1362 996 1426 vitia
1011 1363 1191 1432 norfinvisa
1213 1363 1315 1439 nobie,

198 1467 254 1529 sed
275 1466 403 1530 ridicula
420 1468 592 1532 videantur:
624 1477 655 1532 et
677 1470 885 1533 Democritum
913 1471 1016 1551 potins
1038 1471 1195 1548 imitemur,
1224 1491 1317 1552 quam

145 1603 149 1613 ·
198 1569 396 1638 Heraclitum.
437 1577 494 1638 iiic
519 1578 597 1639 enim
621 1575 742 1660 quoties
759 1577 791 1638 iu
808 1577 964 1658 publicum
985 1583 1185 1658 processerat,
1208 1578 1314 1642 flebat:

201 1679 262 1758 ille,
293 1682 418 1746 ridebat.
457 1685 534 1746 Huic
554 1684 655 1748 omnia
678 1705 754 1766 quae
783 1685 906 1764 agimus,
929 1685 1083 1760 miseriam
1110 1687 1153 1749 illi
1183 1688 1315 1768 ineptiae

199 1787 403 1852 videbantur.''
446 1790 656 1874 Aelianns'⁴)
681 1793 754 1854 haee
781 1793 890 1855 refert:
920 1791 1070 1874 κατεγέλα
1093 1793 1128 1855 δὲ
1150 1795 1273 1860 πάντων
1296 1797 1314 1859 ὁ

200 1892 390 1980 Δημόκριτος
410 1897 461 1960 καὶ
485 1895 589 1982 ἔλεγεν
614 1897 724 1968 αὐτοὺς
741 1899 912 1984 μαίνεσθαι,
929 1900 1000 1964 ὅθεν
1022 1901 1072 1963 καὶ
1088 1901 1270 1965 Ιέλαοῖνον1
1282 1903 1316 1986 ⁶)

200 1999 291 2064 αὐτὸν
321 2001 450 2067 trenna
480 2005 510 2068 οἱ
538 2009 669 2070 πολῖται.
721 2010 767 2070 De
796 2010 905 2072 eodem
927 2009 1033 2073 risoris
1064 2008 1113 2072 vel
1143 2008 1314 2075 Γελαοίνοο

200 2112 379 2190 cognomine
397 2113 508 2176 Suidas
522 2112 572 2195 ¹⁶)
600 2115 733 2198 loquitur
765 2117 810 2179 his
828 2117 946 2180 verbis:
976 2116 1131 2201 ἐπεκλήθη
1157 2119 1192 2180 δὲ
1213 2120 1316 2204 Δημό-

199 2237 299 2300 κριτος
329 2219 380 2282 καὶ
408 2217 575 2290 Γελααῖνος
598 2222 648 2286 διὰ
678 2225 711 2286 τὺ
741 2226 832 2307 γελᾷν
860 2225 936 2307 πρὸς
961 2225 995 2287 τὸ
1025 2223 1233 2289 κενόσπουδον
1254 2233 1315 2292 τῶν

200 2323 383 2410 ἀνθρώπων.
430 2329 542 2392 Facete
569 2330 739 2394 Ῑειιοίιιιιιιε1
753 2331 783 2413 7)
811 2331 887 2394 lianc
914 2333 952 2395 de
980 2334 1159 2397 Democrito
1181 2336 1316 2402 fabulam

198 2449 284 2494 auam
318 2434 349 2496 in
376 2455 440 2499 rem
468 2438 625 2502 convertit.
674 2440 728 2502 Sic
757 2440 836 2501 enim
863 2438 1072 2524 colloquentes
1103 2443 1174 2506 iacit
1196 2445 1315 2526 lovem,

120 2581 125 2590 ·
198 2537 393 2622 Mercurium,
408 2551 555 2608 emtorem
570 2553 600 2608 et
608 2547 832 2610 Democritum:
855 2541 968 2610 ΖΕΥΣ.
982 2547 1199 2635 Μετοίατγαον·
1218 2553 1315 2620 ἄλλον

198 2648 377 2733 παράγαγε·
400 2654 516 2736 μᾶλλον
541 2653 575 2716 δὲ
594 2657 636 2717 τὼ
659 2653 714 2717 δύο
735 2653 844 2733 τούτω,
861 2655 911 2717 τὸν
932 2658 1071 2738 γελῶντα
1091 2659 1142 2722 τδν
1161 2659 1315 2748 Ἀβδηρό-

197 2751 251 2816 θεν
272 2757 323 2819 καὶ
342 2759 394 2823 τὸν
412 2761 557 2824 κλαίοντα
576 2761 627 2825 τδν
652 2758 840 2847 ἐξἘφέαου.
862 2756 950 2846 “Apa
964 2762 1021 2849 γὰρ
1040 2765 1123 2829 αὐτὼ
1136 2769 1316 2853 πεπρᾶσθαι

199 2860 362 2947 βούλομαι.
408 2863 505 2932 ΕΡΜ.
535 2865 716 2955 Κατάβητον
746 2869 778 2940 ἐς
806 2871 839 2933 ri
869 2871 971 2955 μέσον.
1022 2869 1075 2936 Τὼ
1110 2875 1224 2960 ἀρίστω
1255 2879 1315 2965 βίω

196 2970 304 3048 πωλῶ,
332 2975 375 3036 τὼ
410 2977 582 3061 σοφωτάτω
608 2979 729 3044 πάντων
757 2977 1015 3064 ἀποκηρύττομαι.
1061 2979 1154 3046 ΑΓΟ.
1174 2981 1217 3048 Ὦ
1239 2983 1314 3066 Ζεῦ,

199 3079 254 3160 τῆς
276 3077 493 3167 ἐναντιότητος.
538 3081 578 3149 ‘O
603 3085 657 3169 μὲν
684 3085 720 3150 οδ
745 3085 895 3150 διαλείπει
914 3089 1022 3170 γελῶν,
1045 3090 1061 3152 ὁ
1086 3089 1121 3152 δέ
1143 3113 1209 3155 τινα
1230 3092 1315 3158 ἔοικε

196 3185 337 3249 πενθεῖν·
360 3189 485 3274 δακρύει
503 3193 560 3277 γὰρ
583 3195 774 3279 τοπαράπαν.
811 3191 850 3258 Τί
868 3194 966 3274 ταῦτ’,
990 3197 1015 3260 ὦ
1039 3195 1136 3276 οὗτος,
1158 3198 1187 3261 τί
1204 3200 1314 3283 γελᾷςς

196 3288 294 3354 aiiii.
313 3291 463 3382 Ἔρωτγῖςς
495 3301 540 3362 ὅτι
567 3324 619 3384 μοι
646 3304 755 3384 γελοῖα
782 3305 880 3367 πάντα
905 3301 1007 3366 δοκέει
1026 3304 1063 3367 τὰ
1081 3307 1265 3390 πρήγματα’
1277 3307 1313 3392 ⁵)

269 3493 307 3556 ¹²)
326 3495 429 3549 Seneca
448 3499 491 3551 tib.
512 3495 534 3552 li
555 3502 590 3555 de
606 3503 645 3552 ira
668 3517 726 3566 cup.
746 3501 784 3556 10.

268 3586 305 3648 ¹³]
326 3586 393 3638 libro
415 3589 449 3641 de
466 3593 657 3656 tranquillitate
677 3610 734 3659 οιιρ.
755 3594 794 3647 15.

268 3677 306 3741 ¹⁴)
326 3679 451 3731 aelianus
469 3681 571 3747 iib.1v,
591 3681 636 3748 205
656 3687 689 3738 ci.
710 3689 753 3738 lib.
775 3689 815 3751 iv,
835 3685 876 3740 29.

267 3768 306 3833 ¹⁵)
323 3771 367 3822 Sto
386 3772 560 3827 scribendum
581 3791 631 3840 pro
650 3779 758 3842 vulgato
777 3773 915 3830 Γελάσινον
942 3779 991 3840 vei,
1013 3783 1043 3829 nt
1059 3781 1101 3830 alii
1122 3781 1212 3844 legunt
1228 3775 1248 3832 Γ
1250 3776 1314 3832 ιλα-

195 3844 273 3901 οινόν.
311 3851 378 3904 Vide
403 3855 488 3920 Etym.
513 3857 545 3910 n.
567 3873 592 3923 p.
614 3855 672 3921 793,
691 3855 726 3910 48
750 3863 776 3909 ct
801 3861 974 3912 novissimam
1001 3861 1129 3912 Thesauri
1155 3861 1315 3925 stephanici

194 3941 338 3996 aditionem
355 3959 376 3997 s.
397 3946 421 3997 h.
441 3961 465 3997 v.

268 4037 306 4099 ¹⁶)
323 4039 419 4090 Suidus
437 4055 457 4092 s.
477 4055 501 4090 v.
520 4037 692 4114 Δημόκριτος.

268 4127 306 4190 ¹⁷)
319 4129 452 4184 Lucienus
471 4135 498 4184 in
516 4136 633 4185 vitarum
654 4135 777 4185 auctione
796 4147 854 4198 enp.
874 4133 906 4186 13
921 4137 994 4187 Tam.
1013 4132 1024 4188 l
1042 4149 1068 4200 p.
1086 4133 1138 4188 553
1156 4137 1196 4188 ed.
1211 4137 1294 4189 Reitz.

267 4216 306 4282 ¹⁸)
324 4221 368 4274 Sic
387 4225 484 4288 scripsi
503 4239 553 4289 pro
576 4227 682 4289 vulgato
703 4222 851 4295 πράγματα,
870 4229 996 4292 quoniam
1024 4229 1068 4280 hic
1095 4233 1122 4280 et
1144 4230 1222 4294 patilo
1244 4234 1314 4292 post

193 4297 221 4350 in
239 4299 384 4354 Democriti
402 4305 492 4356 verbis
513 4306 600 4356 ionica
620 4305 734 4356 dialecto
751 4308 836 4358 ntitnr
853 4309 992 4360 Liroianus.
