2938 4864
341 313 426 370 Liber
442 313 493 371 ΙΙΙ.
528 313 598 372 aaa.
619 313 653 369 ad
672 313 748 372 θεον.
768 331 810 386 op.
829 315 925 388 tragon.
1126 315 1191 385 313

77 482 270 548 librariorum
290 481 383 564 culpa
401 481 559 546 intercidit
587 485 689 564 Quare
708 481 784 544 hanc
802 481 987 546 locutionem
1007 485 1115 566 adjeci,
1133 487 1189 549 sed

78 611 117 656 eo
137 593 230 656 modo
251 611 313 675 quo
333 591 451 653 ionicae
470 589 588 652 dialecti
607 597 712 654 natura
730 591 850 672 flagitat,
870 598 1020 656 mutatam.
1049 595 1190 656 Extrema

77 701 168 778 hujus
197 697 411 764 enuntiationis
439 697 531 777 vulgo
561 698 605 760 sic
629 697 773 760 eduntur:
803 698 854 760 καὶ
883 699 1000 762 δεῖκαὶ
1021 701 1130 762 παθεῖν
1152 723 1191 780 τι,

80 808 136 870 sed
156 809 235 870 bene
259 808 429 871 emendavit
452 806 614 868 dacobsins
640 805 679 868 ad
706 806 792 868 Stob.
814 812 845 868 et
868 806 976 871 Athen.
998 809 1017 871 l.
1039 808 1059 872 l.
1080 809 1131 871 καὶ
1151 809 1188 892 δὴ

78 915 142 994 καλ,
164 937 253 998 qnam
272 915 509 979 emendationem
528 915 558 976 iu
580 919 693 976 textmn
714 915 828 994 recepit
850 915 991 978 Orellius.
1024 917 1123 980 Nobis
1146 917 1191 980 in-

79 1025 195 1087 tinitivo
218 1025 317 1100 etiam,
345 1043 436 1106 quem
465 1041 527 1084 non
549 1022 645 1102 attigit
671 1022 832 1086 dacobsius
850 1024 889 1086 ad
910 1023 1040 1087 ionicam
1063 1026 1190 1087 formam

80 1139 225 1196 revocato
249 1133 430 1194 exarandum
452 1129 572 1192 videtur
593 1129 644 1192 καλ
666 1129 703 1212 δὴ
725 1129 776 1192 καὶ
798 1129 925 1194 παθέειν
946 1153 983 1193 τι.
1022 1135 1069 1195 De
1091 1132 1191 1196 vorbis

82 1239 197 1323 ἀνάγκη
221 1239 256 1303 δὲ
277 1240 473 1324 ἁμαρτάνειν,
492 1259 550 1320 pro
571 1238 679 1320 quibus
699 1257 738 1299 ne
760 1239 861 1319 inepte
884 1239 1044 1302 iteraretur
1064 1239 1109 1317 δὲ,
1134 1261 1191 1302 nos

82 1347 197 1432 ἀνάγκη
219 1347 257 1432 δὴ
280 1348 463 1432 ἁμαρτάνειν
487 1345 643 1422 edidimus,
666 1345 799 1408 Orellius
818 1346 892 1408 haec
918 1347 1072 1410 observat:
1111 1350 1192 1424 „Ne-

81 1456 157 1534 seio,
178 1457 251 1539 quid
272 1457 409 1537 corrupti
428 1455 458 1517 in
478 1454 525 1516 his
544 1453 644 1516 verbiS
665 1454 816 1534 reperisse
845 1455 903 1517 sibi
922 1455 1005 1518 visus
1023 1454 1062 1518 sit
1081 1457 1192 1519 ducoh

81 1565 153 1628 sius.
189 1564 264 1626 Mihi
285 1565 386 1627 omnia
403 1564 544 1626 videntur
565 1561 729 1638 sanissima,
748 1563 840 1625 modo
863 1563 937 1625 haec
956 1562 995 1626 ab
1015 1565 1192 1646 anteceden-

81 1673 162 1735 tibus
186 1672 362 1734 dirimantur
387 1677 525 1754 tanquam
556 1690 636 1734 nova
662 1671 816 1734 sententia.
858 1669 940 1732 Dicit
958 1671 1022 1734 scil.
1043 1671 1193 1734 Eusebius

81 1781 112 1842 h.
133 1780 154 1844 l.
182 1780 288 1861 (immo
315 1781 523 1862 Democritus)
551 1781 631 1842 idem
667 1779 750 1857 iere,
783 1778 867 1862 quod
903 1778 1019 1852 divinus
1054 1780 1194 1844 Salvator

80 1887 184 1952 Matlh.
204 1885 318 1963 XVIII,
339 1891 380 1951 7:
399 1885 533 1971 Ἀνάγκη
556 1887 613 1970 γάρ
636 1884 715 1948 ἐστιν
738 1886 840 1950 ἐλθεῖν
862 1886 899 1951 τὰ
921 1887 1092 1950 σκάνδαλα·
1113 1888 1193 1970 πλὴν

82 1995 155 2060 οὐαὶ
171 1991 218 2082 aqi
237 1993 392 2080 άνθρώπιρ
414 1992 521 2080 ἐκεῖνιμ
548 1993 588 2058 δι’
622 1991 659 2057 οὔ
687 1995 721 2057 nd
746 1995 917 2059 σκάνδαλον
937 1992 1070 2078 ἔρχεται.
1114 1997 1195 2058 Eun-

82 2107 150 2168 dem
172 2103 383 2185 Evangelistae
403 2103 506 2167 locum
525 2103 635 2183 allegat
658 2105 862 2182 BuroharduS,
884 2103 936 2186 qui
954 2103 1087 2184 singulas
1106 2104 1194 2182 hujus

81 2213 241 2294 fragmenti
266 2217 369 2292 partes
399 2211 485 2275 nullo
516 2211 730 2274 sententiarum
757 2231 837 2272 nexu
867 2212 944 2273 Inter
971 2231 1005 2274 se
1031 2213 1195 2273 cohaerere

82 2323 134 2386 ait.
181 2321 223 2384 At
256 2319 337 2384 alind
364 2319 437 2384 dicit
469 2321 622 2397 Christus,
656 2318 738 2380 alind
769 2319 972 2382 Democritus.
1020 2318 1195 2380 Verborum

79 2427 213 2512 Ἀνάγκη
235 2428 292 2512 γάρ
316 2426 395 2490 ἐστιν
419 2427 519 2491 ἐλθεῖν
541 2425 578 2489 τὰ
595 2425 752 2488 σκάνδαλα
775 2447 883 2491 sensns
905 2447 923 2489 e
944 2425 1195 2508 praecedentibus

83 2543 217 2618 apparet,
244 2536 297 2599 ubi
317 2536 391 2599 haec
412 2529 643 2618 leguntur2⁰or
665 2530 699 2596 d'
720 2531 756 2594 ἂν
786 2534 971 2618 σκανδαλίσῃ
993 2534 1048 2597 ἕνα
1069 2537 1128 2596 τῶν
1151 2555 1195 2616 μι-

83 2647 165 2727 κριῖιν
181 2641 307 2723 τούτων,
327 2647 387 2706 τῶν
406 2643 610 2708 πιστευόντων
630 2640 674 2708 εἰς
692 2639 759 2723 ἐμέ,
777 2641 927 2726 συμφέρει
946 2637 1042 2726 αὐτῷ,
1064 2637 1113 2702 θνα
1130 2661 1198 2724 κρε-

85 2749 194 2836 μασθῇ
219 2749 315 2834 μύλος
346 2749 445 2820 ὀνικὸς
473 2749 523 2814 lul
543 2749 593 2812 τδν
611 2748 765 2832 τράχηλον
788 2747 882 2812 αὐτοῦ
902 2750 953 2812 καὶ
969 2742 1198 2830 καταποντισθῇ

86 2858 119 2922 ἐν
145 2861 190 2944 τῷ
210 2857 338 2942 πελάγει
359 2861 413 2942 τῆς
433 2857 603 2940 θαλάσσης.
648 2851 729 2918 Οὐαὶ
755 2859 800 2940 τῷ
818 2853 925 2942 κόσμιρ
945 2856 1006 2920 άπὸ
1029 2861 1089 2918 τῶν
1112 2875 1197 2916 σκαν-

85 2967 189 3030 δάλων
210 2989 238 3030 κ.
258 2989 284 3030 τ.
304 2968 332 3028 λ.
372 2969 487 3030 Contra
508 2963 702 3029 Democritus
723 2963 803 3026 idem
823 2965 913 3026 sentit
934 2965 1017 3046 quod
1035 2963 1116 3044 apud
1138 2965 1198 3024 De-

85 3075 195 3140 mosth.
214 3076 252 3138 de
274 3095 337 3138 cor.
359 3093 425 3155 pag.
438 3075 499 3137 322
518 3073 549 3134 in
567 3071 697 3154 pulchro
713 3071 928 3152 epigrammate
951 3073 997 3134 sic
1019 3089 1197 3151 expressum

85 3190 147 3246 est:
170 3181 265 3266 μηδὲν
297 3180 442 3264 ἁμαρτεῖν
466 3180 529 3242 ἐστι
558 3179 639 3242 θεῶν
662 3178 713 3241 καλ
735 3179 834 3240 πάντα
857 3179 1028 3264 κατορθοῦν
1049 3177 1080 3240 ἐν
1103 3178 1200 3263 βιοτῇ.

85 3291 122 3355 Si
150 3290 241 3372 igitur
263 3289 356 3352 totius
384 3288 541 3369 fragmenti
564 3307 687 3350 sensnm
714 3287 870 3350 declarare
896 3288 987 3370 idque
1015 3286 1104 3352 simul
1133 3306 1201 3349 cum

85 3417 266 3480 praegresso
292 3405 323 3460 et
355 3397 391 3458 lr.
414 3399 454 3459 92
483 3395 666 3459 contendere
695 3395 845 3474 volumus,
870 3415 907 3458 ea
934 3398 999 3460 lere
1028 3393 1203 3477 philosophi

83 3525 170 3568 mens
186 3523 254 3568 esse
274 3502 458 3585 perhibenda
473 3511 533 3566 est:
566 3503 712 3582 „Publica
737 3503 865 3566 civitatis
892 3503 1023 3586 negotia,
1042 3505 1072 3566 in
1093 3501 1203 3586 quibus

84 3613 145 3676 rite
163 3613 311 3674 obeundis
339 3615 473 3676 omnium
500 3612 582 3676 salus
610 3612 711 3694 posita
738 3617 792 3688 est,
821 3631 1019 3704 magnacum
1040 3630 1115 3674 cura
1137 3607 1204 3690 geri

86 3727 219 3801 oportet,
245 3739 344 3802 neque
373 3739 423 3782 res
451 3719 569 3800 privata
601 3721 740 3802 publicae
772 3721 817 3784 sic
847 3721 1055 3803 praeoptanda
1082 3725 1139 3793 est,
1171 3721 1204 3776 ut

88 3827 284 3910 respublica
313 3829 524 3892 detrimentum
556 3829 663 3910 capiat
715 3829 756 3894 At
778 3831 809 3892 in
830 3829 1031 3909 suscipiendis
1055 3824 1206 3889 declinan-

87 3937 173 4000 disve
194 3935 371 3998 muneribus
399 3936 440 3998 ita
466 3937 575 4000 virium
600 3945 771 4002 nostrarum
791 3937 937 4000 rationem
960 3937 1030 4000 duci
1051 3931 1207 4007 convenit,

86 4051 123 4108 nt
143 4063 205 4108 non
234 4043 324 4125 plura
353 4044 550 4124 recipiamus,
578 4066 667 4128 quam
696 4047 805 4128 quibus
836 4045 969 4108 ferendis
993 4063 1081 4125 paros
1103 4041 1206 4104 siruus.

87 4154 199 4236 Neque
225 4152 305 4216 enirn
327 4152 386 4214 viri
408 4154 480 4216 boni
501 4161 548 4216 est
572 4154 726 4236 negligere
756 4175 820 4216 rem
849 4153 1023 4216 familiarem
1050 4171 1088 4214 eo
1108 4147 1208 4212 eonsi-

87 4260 143 4338 lio,
168 4267 203 4324 nt
234 4261 354 4324 civibus
382 4261 445 4323 suis
474 4261 579 4341 prosit
630 4263 697 4324 darn
717 4281 791 4324 vcro
812 4263 864 4346 qni
883 4262 1069 4342 negligenter
1088 4256 1209 4340 publica
