2932 4862
321 341 407 398 Liber
424 341 473 397 tlt.
504 341 576 399 Aac.
595 341 630 397 ad
651 343 730 399 Dan.
747 357 791 413 op.
808 339 905 412 fragm.
1104 343 1167 408 367

54 508 133 572 Bibl.
153 527 229 573 sacr.
251 513 282 572 et
299 509 379 589 proi.
399 529 429 590 p.
451 509 502 588 98,
525 507 577 591 qni
597 515 697 570 tamen
720 507 832 592 λείριον
853 527 912 588 pro
931 510 1067 574 narcisso
1088 513 1168 576 acci-

54 617 108 698 pit,
126 615 256 698 deniquo
276 615 480 679 Noedhamius
503 622 534 678 et
554 614 717 680 Niolasius.
741 651 782 666 -
812 613 841 700 5.
865 616 916 678 99.
949 613 1167 702 [Ιεντοίρυλλον

54 724 166 786 eodem
194 723 288 786 modo
316 729 351 784 ut
378 722 426 784 irio
453 722 636 786 describitur
664 743 682 786 a
708 723 849 786 Dioscor.
875 725 905 799 ί,
930 725 979 787 tn.
1030 727 1168 789 Benene

54 831 146 894 habet
168 831 257 894 cont
277 831 370 894 lectio
393 829 514 914 ρίαχον,
540 850 576 893 sc
604 829 768 910 rejicienda
788 837 836 892 est
856 829 977 910 vulgata
991 833 1072 911 apud
1096 832 1168 894 Dio-

54 939 210 1002 scoridem
233 939 384 1020 scriptura
402 935 529 1021 μόσχον.
551 973 595 986 -
636 935 665 1022 5.
686 937 737 1000 30.
780 938 828 1000 De
850 937 1019 1000 ranunculo
1043 939 1168 1003 consule

54 1047 212 1108 Budaeum
239 1067 269 1127 p.
291 1047 362 1109 sut.
385 1081 424 1094 -
467 1041 496 1127 5.
518 1045 569 1108 31.
613 1041 852 1111 Mainomena<
870 1045 1000 1108 rorasse
1028 1063 1091 1108 nou
1112 1047 1168 1108 dit-

55 1155 115 1216 sert
142 1153 384 1229 aconvolvulo‚
417 1155 505 1232 cujus
530 1151 642 1216 mentio
670 1158 716 1215 est
742 1151 823 1232 apud
850 1151 994 1226 Pliniunn
1023 1163 1105 1217 certe
1128 1157 1169 1218 ita

55 1269 240 1324 censuerunt
257 1261 444 1324 Dodonaeus
472 1281 501 1341 p.
521 1259 583 1322 399
610 1266 640 1321 et
665 1259 807 1321 Budaeus
829 1279 859 1339 p.
882 1261 933 1337 64,
960 1277 1038 1341 quos
1059 1263 1085 1324 si
1103 1263 1168 1344 pla-

54 1377 105 1431 cet
124 1369 203 1430 vide.
224 1401 264 1416 -
308 1365 336 1451 5.
361 1369 412 1432 39.
454 1369 502 1430 De
524 1385 639 1447 cypero
659 1366 763 1448 plures
785 1373 919 1447 egemnt
962 1365 1022 1428 nu
1041 1370 1168 1435 Salmas.

54 1477 95 1538 ad
119 1475 216 1539 Soiiu.
238 1497 269 1557 p.
289 1477 361 1555 703,
377 1478 406 1552 4,
426 1475 627 1538 Dodonaeum
647 1495 677 1556 p.
693 1475 754 1538 336
777 1481 807 1536 et
829 1473 993 1554 praecipue
1012 1475 1169 1540 Bodaenm

54 1605 89 1664 p.
111 1585 183 1646 465.
231 1585 279 1646 De
308 1582 459 1646 vocabulo
487 1579 578 1664 ζίρνα
606 1581 748 1644 Budaeus
775 1601 806 1660 p.
832 1583 893 1644 464
930 1582 1003 1642 hoec
1038 1584 1168 1648 notavit:

55 1691 273 1767 „Contractum
315 1691 436 1753 videtur
470 1709 509 1751 ex
543 1688 698 1773 ζέρείίρον.
741 1687 779 1752 τὰ
817 1685 970 1771 ζίρείίρα,
1001 1689 1169 1770 Hesychius

56 1797 211 1884 βάραθρα,
231 1799 331 1874 κοῖλοι
353 1796 451 1860 τίτοι.
503 1799 586 1860 Loca
611 1817 744 1860 concava
764 1803 795 1860 et
812 1796 961 1878 paludosa
979 1803 1059 1858 eruat
1078 1817 1170 1878 cype-

55 1925 119 1982 rus,
150 1925 210 1988 qua
237 1905 276 1967 de
312 1924 405 1968 musa
433 1901 601 1988 ἑλειίριζον
635 1905 734 1968 dictus
765 1905 830 1968 ruia
884 1903 968 1966 Idem
1001 1905 1170 1986 Hesychius

56 2009 241 2095 ἑλιιίριζον·
272 2009 445 2095 concepus?
496 1997 623 2077 Salmas.
653 2014 691 2075 ad
720 2012 816 2076 Solin.
841 2033 871 2093 p.
893 2011 957 2077 703
984 2011 1076 2075 allato
1096 2014 1170 2076 Dio-

55 2117 188 2181 scoridis
210 2117 283 2182 loco
310 2119 362 2183 lib.
390 2123 417 2196 1,
444 2139 510 2201 oap.
533 2122 570 2182 t:
602 2120 705 2204 φύλλα
732 2119 767 2181 tt
793 2117 964 2203 (κὺτοιροτ)
988 2117 1054 2203 ἔχει
1077 2119 1171 2201 ὅμοια

54 2225 176 2310 πράσῳ,
196 2225 370 2310 μακρότεροι
397 2225 432 2288 at
454 2225 505 2289 aui
529 2224 700 2310 ίοχνότιρα,
720 2245 779 2306 pro
801 2225 932 2310 αἰρτιρυῆ
956 2227 1004 2288 irio
1027 2224 1087 2306 legi
1108 2227 1171 2289 vult

55 2333 209 2417 ἀρτιροεῖ.
252 2335 403 2397 inanest
424 2335 598 2398 Ossauboni
615 2333 765 2414 judicium
784 2333 823 2395 ad
844 2334 952 2396 Athen.
973 2333 1037 2410 9,3
1057 2353 1087 2413 ρ.
1099 2335 1171 2397 643.

55 2441 121 2504 Sed
142 2441 198 2504 hae
217 2442 382 2505 mutatione
400 2459 465 2504 nou
487 2450 534 2506 est
555 2461 642 2523 opus.
666 2479 704 2492 -
749 2440 778 2527 5.
792 2441 842 2504 33.
886 2441 1002 2504 Sensus
1019 2440 1172 2521 participii

56 2551 323 2632 καταφρονοῦντες
354 2549 432 2629 sugit
472 2549 660 2631 interpretes.
711 2548 877 2612 Carnarius
911 2548 1016 2610 vertit:
1046 2548 1173 2623 „harum

56 2655 266 2738 ..μοῖραι
294 2655 320 2718 si
346 2677 408 2720 uon
430 2658 689 2735 contemserimffl,
716 2675 870 2741 nunquam
897 2653 1075 2719 fodiemus?
1116 2655 1172 2717 Ni-

57 2763 188 2828 clcsius:
223 2764 361 2841 „horum
397 2766 498 2848 itaque
538 2764 735 2846 virgultorum
769 2773 799 2828 et
833 2763 992 2826 herborum
1026 2763 1171 2825 dictarum

57 2871 195 2934 omnium
216 2871 310 2952 signis
332 2873 519 2936 confidenter
529 2875 569 2952 (s.
583 2871 635 2936 nbi
648 2891 684 2934 ea
698 2871 975 2951 observaverimus)
987 2872 1033 2936 sic
1055 2880 1175 2936 utemur

57 2981 90 3042 iu
120 2979 198 3042 loeis
225 2999 325 3063 nequo
351 2981 540 3057 affluentem,
566 2998 664 3063 neque
692 2982 858 3056 fontanam,
887 2997 986 3060 neque
1014 2989 1174 3062 puteanam

58 3107 170 3169 nquam
195 3085 405 3150 habentibus.”
457 3093 559 3170 Quum
589 3087 626 3149 de
650 3107 727 3170 aqna
757 3088 939 3168 disputetur,
970 3087 1042 3149 nihii
1064 3087 1175 3150 suban-

58 3195 203 3258 diendum
230 3201 278 3258 est
305 3201 377 3276 post
404 3196 668 3278 καταφρονοῦντες
695 3195 753 3257 nisi
786 3193 869 3277 ὕδωρ
889 3194 938 3257 vel
961 3193 1068 3258 ὕδατα.
1109 3193 1176 3256 Erit

57 3307 161 3364 autern
190 3299 274 3385 ὕδωρ
302 3305 506 3386 καταφρονεῖν
541 3321 655 3381 aquom
685 3322 846 3384 ρααοναναι
876 3323 946 3366 nam
970 3304 1174 3387 καταφρονεῖν

58 3430 132 3474 cum
157 3409 238 3488 apud
258 3408 345 3487 aiios,
375 3415 439 3472 tum
458 3409 540 3490 apud
560 3410 749 3473 Herodotum
771 3410 921 3474 interdum
941 3411 1029 3473 reddi
1053 3415 1176 3490 oportet

58 3537 219 3600 pumero,
241 3525 355 3598 pctore,
385 3517 540 3593 meditari,
559 3517 722 3598 affectare,
749 3524 783 3580 ut
803 3517 855 3581 lib.
877 3519 899 3596 1,
922 3521 962 3582 59
984 3517 1174 3602 καταρρονή·

60 3645 118 3692 σοις
139 3623 192 3705 τὴν
212 3624 384 3708 τυραννίδα.
430 3623 634 3706 Οεείοεοιμιίιι
656 3626 715 3688 hoo
733 3625 858 3689 verbum
881 3646 900 3689 e
919 3625 1087 3688 Democriti
1107 3643 1175 3686 ora-

58 3733 145 3795 tione
167 3731 219 3815 qui
241 3730 371 3794 ionicam
391 3730 512 3793 dicendi
531 3733 781 3796 consuetudinem
798 3734 981 3817 sequebatur
997 3732 1174 3794 aCassiauo

60 3839 202 3901 relietum
230 3845 284 3902 est
327 3839 465 3920 Denique
497 3857 608 3902 moneo
637 3839 775 3924 σημείοις
803 3840 939 3925 χρῆσθαι
960 3847 1176 3920 praegnantem
1280 3833 1286 3840 ’

59 3945 249 4009 locutionem
279 3965 347 4010 esse
371 3965 431 4028 pro
457 3944 595 4029 σημείοις
623 3945 754 4010 ἕπεσθαι
785 3947 836 4010 καὶ
859 3944 1013 4032 χρῆσθαι,
1044 3965 1176 4028 quorum

61 4053 238 4116 alterutrum
260 4053 291 4116 in
313 4054 559 4135 interpretatione
584 4054 753 4134 exprimere
778 4055 851 4117 satis
877 4054 975 4118 habui.
996 4085 1034 4098 -
1070 4051 1099 4138 5.
1124 4054 1175 4119 33.

61 4161 237 4224 Verborum
263 4159 328 4244 ὅτιρ
356 4161 473 4243 μᾶλλον
497 4161 641 4246 βρίθοντα
670 4184 697 4224 ιι.
719 4185 744 4224 τ.
765 4164 793 4225 λ.
818 4181 926 4226 sertsus
948 4162 1117 4243 explicatur
1136 4163 1176 4226 si·

61 4267 126 4330 miii
146 4267 218 4332 loeo
240 4269 270 4332 in
293 4267 482 4352 Geopouiois
501 4269 554 4334 lib.
572 4271 608 4345 u,
630 4269 668 4350 V,
689 4271 724 4335 s:
752 4268 902 4335 πλειόνων
931 4269 966 4334 u
992 4266 1094 4334 αὐτῶν
1124 4269 1175 4332 aai
