2892 4872
349 332 433 388 Liber
447 329 483 390 ll.
520 333 564 388 Da
583 331 733 386 Democriti
748 331 869 404 scriptia.
1104 337 1163 402 ΙΙΙ

49 506 164 568 Sextus
182 500 355 582 Empiricos
375 499 477 564 denuo
489 499 663 581 philosophi
674 499 770 564 nostri
781 498 878 563 libros
888 500 1021 584 diligenti
1034 502 1165 567 lectione

49 612 201 675 contrivit.
244 612 341 689 Cujus
363 609 497 691 aequalis
517 609 658 673 Clemens
676 608 899 689 Alexandrinus
922 612 1020 690 attigit
1043 615 1164 696 quidem

48 729 79 782 et
104 721 171 802 ipse
190 717 379 780 Democritei
401 716 512 798 ingenii
542 723 744 793 monuments,
764 735 803 779 ex
824 716 921 799 iisque
943 720 1057 800 pariter
1074 727 1164 803 atque

48 829 162 892 Sextus
184 831 330 905 excerpta
350 826 497 908 quaedam
521 825 654 907 posteris
681 824 810 908 reliquit,
837 825 942 887 sedin
961 827 1006 890 bis
1024 829 1164 892 omuibus

48 937 147 1014 maior
168 933 263 1011 sexti,
291 953 382 1016 quam
402 934 567 998 Clementis
591 933 756 996 auctoritas
782 939 829 995 est
854 933 998 997 habenda
1036 935 1163 1000 Ultimus

48 1043 100 1126 qui
124 1041 295 1106 Democriti
325 1041 422 1106 libros
457 1042 587 1119 evolvit,
622 1041 679 1105 tuit
706 1043 859 1104 lohannes
889 1041 1041 1106 Stobaeus
1073 1065 1164 1127 quem

46 1150 216 1212 llesreuius
230 1147 282 1230 ³⁰)
302 1151 359 1213 sub
382 1151 471 1212 finem
489 1150 585 1232 quinti
606 1149 721 1212 saeculi
741 1148 853 1213 vixisse
877 1149 1032 1214 existimat.
1076 1153 1164 1218 llunc

46 1259 185 1321 ridemus
205 1257 300 1319 multa
320 1257 487 1321 Democriti
507 1264 537 1320 et
558 1257 639 1320 dicta
660 1265 690 1321 et
721 1257 868 1338 fragmina
894 1259 1084 1322 sermonibus
1111 1261 1165 1344 qui

45 1368 84 1428 ad
107 1365 258 1430 moralem
279 1365 503 1446 philosophiam
521 1364 704 1439 referuntur,
718 1365 824 1445 (vulgo
844 1364 1025 1446 florilegium
1039 1370 1165 1449 vocaut)

45 1474 221 1538 inseruisse.
261 1475 372 1558 Neque
394 1473 425 1536 in
446 1474 542 1537 altero
570 1474 634 1550 ejus
656 1491 751 1552 opere
776 1471 951 1553 eclogarum
972 1474 1094 1537 nomine
1120 1476 1165 1538 in-

45 1584 165 1665 scripto
184 1585 359 1667 infrequens
381 1581 549 1644 Democriti
571 1579 683 1642 mentio
704 1585 758 1656 est,
781 1581 836 1644 sed
856 1586 955 1642 umen
978 1582 1067 1662 hujus
1088 1603 1164 1667 ope-

46 1691 88 1754 ris
121 1691 229 1774 dispar
257 1692 377 1756 videtur
404 1707 472 1752 esse
504 1687 591 1750 ratio.
646 1692 852 1770 Quaecunque
884 1689 961 1750 enim
993 1688 1163 1762 admones

46 1799 254 1881 spectamine
276 1798 456 1862 Democrito
482 1795 524 1858 ibi
551 1795 757 1876 proferuntur,
781 1814 817 1858 ea
844 1813 883 1856 ex
902 1795 976 1875 ipsis
991 1797 1164 1863 fontibusa

45 1909 184 1972 Stobaeo
208 1909 316 1971 hausta
344 1925 412 1970 esse
434 1909 568 1986 apparet
616 1902 733 1966 Contra
754 1922 831 1985 quae
852 1905 890 1966 de
911 1905 979 1982 deo,
1002 1905 1040 1969 de
1059 1926 1166 1971 neces·

46 2016 148 2092 sitate,
170 2015 209 2077 de
231 2015 335 2078 muudi
364 2021 434 2077 ortu
456 2019 487 2076 et
505 2011 636 2088 interitu,
667 2011 705 2074 ds
731 2011 827 2074 stellis
854 2012 1038 2096 omninoque
1059 2014 1097 2077 de
1117 2035 1165 2078 re·

47 2145 116 2186 rum
147 2129 256 2186 natura
279 2108 422 2205 tanquam
445 2119 614 2184 Democriti
642 2119 782 2200 dogmata
802 2121 947 2202 proponit
971 2129 1093 2186 auctore
1128 2141 1166 2184 ea

47 2251 188 2313 maguam
209 2237 325 2312 partem
347 2228 537 2311 paucissimis
559 2226 709 2288 enuntiata
736 2227 837 2291 verbis
858 2228 899 2291 ob
919 2230 1014 2310 ipsam
1035 2228 1165 2293 brevita-

48 2351 110 2405 tem
132 2337 323 2402 subobscura
344 2343 422 2400 suunt,
460 2336 533 2398 inde
555 2333 644 2396 facile
658 2334 843 2414 conjicimus,
857 2337 983 2417 physica
1000 2335 1163 2399 Abderitae

48 2449 164 2527 scripta
185 2445 225 2507 ad
249 2444 383 2526 quintum
403 2443 558 2506 saeculum
580 2461 642 2506 uon
662 2461 729 2504 esse
750 2447 923 2523 propagato,
945 2450 976 2504 et
996 2463 1088 2525 quum
1100 2445 1164 2523 jam

47 2559 152 2618 sontes
172 2550 374 2628 exaruissent,
401 2551 568 2614 Stobaeurn
596 2549 635 2612 ed
661 2550 833 2628 hujusmodi
860 2569 910 2612 res
936 2551 1164 2632 cognoscendas

47 2661 190 2728 turbidos
210 2659 327 2723 rivulos
349 2658 433 2721 adire
455 2659 548 2722 fuisse
571 2663 719 2720 coactum.
765 2658 875 2738 Neque
902 2657 981 2720 enim
1001 2658 1164 2722 verisimile

47 2779 107 2846 est,
126 2771 224 2833 virum
245 2768 307 2830 otio
329 2767 500 2830 affluentem
514 2787 550 2828 ac
570 2765 780 2847 philosophiae
799 2771 829 2828 et
842 2765 1039 2846 ingenuarum
1056 2765 1165 2828 artium

48 2877 159 2942 studiis
180 2875 330 2950 deditum,
357 2874 408 2958 qui
433 2893 494 2936 uon
519 2873 559 2934 ad
586 2890 694 2935 vanam
714 2871 843 2936 nominis
864 2870 991 2953 gloriam
1013 2891 1166 2954 aucupan-

48 2989 137 3063 dam,
167 2983 223 3048 sed
255 2983 295 3044 ad
324 2983 501 3064 Septimium
533 2981 627 3042 tilium
658 2981 856 3044 erudiendum
889 2986 1049 3062 utrumque
1086 3001 1165 3061 opus

50 3089 287 3173 conscripserit,
315 3089 418 3170 ipsius'
437 3089 604 3152 Democriti
631 3089 669 3151 de
687 3109 789 3152 rerum
813 3095 920 3151 natura
948 3088 1166 3170 disputationes

49 3201 158 3264 litteris
195 3196 388 3278 consignatas
419 3198 637 3279 neglecturum,
670 3215 769 3278 usquc
797 3195 916 3277 planius
946 3204 977 3259 et
1010 3195 1166 3276 copiosius

51 3311 118 3388 ejus
138 3309 261 3371 decreta
280 3304 459 3368 traditurum
487 3307 595 3380 luisse,
625 3303 685 3367 nisi
705 3305 769 3382 jam
793 3304 911 3384 pridem
941 3304 992 3366 illa
1017 3303 1164 3366 librorum
1260 3320 1265 3332 ·

50 3414 316 3478 Democriteus-um
336 3431 407 3495 pars
429 3412 639 3475 intercidisset.
686 3412 832 3474 Caeteros
859 3419 930 3493 post
951 3413 1021 3476 chr.
1042 3431 1071 3475 u.
1092 3411 1166 3473 scri-

52 3531 158 3603 ptores
178 3523 331 3599 Graecos,
359 3521 457 3585 sicubi
482 3519 650 3583 Democriti
678 3520 891 3598 meminerunt,
919 3521 1045 3604 ejusque
1074 3518 1166 3580 verba

51 3789 94 3840 ed.
114 3789 209 3851 lieislc)
231 3814 260 3824 -
286 3783 371 3846 οὕτως
398 3785 447 3860 ἄρα
465 3786 510 3839 ael
537 3783 550 3838 b
572 3785 619 3858 τὴν
642 3781 753 3856 Ῥώμην
772 3783 967 3856 ὑποβαλόμενος
987 3783 1081 3859 χρόνος
1101 3784 1167 3855 μετὰ

49 3869 114 3918 liro-'a
144 3865 227 3938 τ’νχνγν
250 3867 294 3919 ael
314 3867 405 3940 ἀριτὴν
434 3865 541 3936 talpae:
566 3867 611 3919 aul
633 3865 789 3927 συνέζευξεν,
806 3865 864 3922 iva.
884 3866 1007 3938 iaaripac
1029 3865 1118 3936 λαβὼν
1136 3865 1166 3919 τὸ

49 3947 157 4000 elatius.
174 3948 348 4018 ἀπεργάσηται
366 3953 442 4000 πᾶσιν
461 3943 608 4018 ἀνθρώποις
625 3946 709 3999 lorias
726 3945 805 4018 ἱερόν,
823 3946 860 4005 ὡς
878 3943 994 4014 ἀληθῶς.
1009 3947 1053 4000 καὶ
1069 3951 1167 4017 πεῖσμα

49 4027 161 4096 μόνιμον
181 4029 228 4080 acl
248 4033 374 4100 στοιχεῖον
396 4027 488 4086 ἀΐδιον,
506 4026 709 4098 ὑποφορομόνοις
735 4031 790 4085 τοῖς
810 4027 955 4098 πράγμασιν
976 4025 1166 4099 ἀγκυρηβόλιον

51 4107 133 4160 σόλον
154 4109 200 4160 aul
218 4105 330 4176 τλόνης,
350 4105 386 4165 ὥς
407 4124 470 4180 φησι
490 4103 662 4178 Δημόκριτος.

122 4223 161 4287 ³⁰)
182 4226 360 4276 commentat.
377 4225 410 4277 de
430 4225 547 4277 tontibus
569 4225 655 4292 Eciog.
675 4225 731 4277 lob.
751 4221 825 4276 Stob.
842 4223 868 4274 in
888 4223 950 4276 edit.
970 4221 1023 4276 Ecl.
1041 4223 1117 4291 phys.
1138 4229 1166 4278 ot

51 4301 103 4354 eth.
121 4307 190 4368 part
210 4303 229 4353 ll
249 4303 322 4354 Tum.
343 4307 363 4356 ll
382 4319 441 4370 pag.
463 4303 520 4358 138.
