2956 4860
267 285 309 352 έίλ
589 283 786 347 emeritorum
814 281 1050 338 Democriteum

266 453 375 516 mentis
399 453 534 516 tomitem
562 449 702 514 Abderae
728 447 867 514 alumnus
895 449 926 512 in
950 449 1048 530 patria
1074 449 1151 512 urbe
1185 468 1263 531 quae
1290 449 1381 528 'l'ejo-

268 583 336 624 rum
357 561 536 625 colonorum
557 559 705 622 benelieio
720 555 771 638 Η)
798 557 879 620 haud
900 557 990 620 dubie
1009 557 1048 620 ad
1069 559 1213 636 majorem
1233 562 1381 620 mercam-

269 689 329 747 τοο,
357 669 524 733 litterarum
552 667 719 750 artiumque
749 665 856 729 liorem
883 675 1070 746 pervenerat
1108 667 1179 728 Sive
1200 665 1291 746 igitur
1308 665 1382 726 ade

269 777 390 841 lescens
417 778 568 841 bonorum
596 775 809 858 magistrorum
836 773 994 855 disciplina
1020 775 1129 838 fruitus
1157 781 1219 852 est,
1248 793 1327 856 quos
1355 774 1384 835 ei

272 883 434 964 contigisse
453 887 547 967 patris
575 885 695 948 divitiae
722 891 756 946 ut
776 884 934 946 credamus
957 883 1099 960 efficiunt,
1121 881 1185 945 sive
1205 888 1314 962 suopte
1341 881 1385 943 in-

273 992 363 1071 genio
386 990 593 1076 librorumque
621 992 753 1056 lectione
782 991 814 1053 iu
832 991 940 1054 litteris
958 991 1097 1071 proiecit,
1117 990 1148 1053 id
1170 996 1251 1052 certe
1273 990 1385 1051 Deme
1471 1053 1472 1074 γ

274 1099 350 1162 trius
378 1101 459 1182 apud
484 1099 717 1184 Diogenem¹⁶)
751 1106 891 1162 testatum
928 1099 1062 1181 reliquit,
1092 1101 1170 1162 adeo
1206 1097 1385 1162 Abderitam

273 1215 410 1272 nostrum
430 1211 523 1274 inisse
543 1209 720 1286 studiosum,
750 1216 784 1272 ut
804 1209 883 1272 horti
905 1208 1029 1270 domum
1048 1206 1194 1288 cingentis
1214 1206 1271 1269 sibi
1290 1205 1387 1268 cellu-

276 1314 336 1377 lam
359 1318 501 1398 seligeret
529 1307 630 1400 ibique
657 1337 691 1380 se
725 1317 826 1397 ipsum
852 1316 1036 1392 includeret,
1067 1325 1097 1378 et
1113 1337 1205 1398 quum
1224 1315 1387 1398 aliquando

277 1425 343 1502 ejus
363 1432 450 1504 pater
471 1426 581 1488 bovem
603 1423 810 1488 immolaturus
829 1424 860 1486 in
881 1445 951 1486 eum
970 1422 1073 1486 locum
1086 1423 1261 1487 adduxisset
1283 1423 1388 1506 ibique

276 1529 437 1612 alligasset,
459 1539 519 1596 tam
542 1533 594 1596 diu
615 1535 675 1596 lroc
697 1534 735 1596 ab
757 1533 812 1597 illo
833 1533 1001 1615 ignoratum
1023 1533 1132 1612 fuisse,
1165 1531 1265 1614 quoad
1287 1535 1389 1613 ipsum

277 1641 416 1702 sacrificii
435 1661 527 1704 causa
547 1647 634 1723 pater
659 1642 832 1706 excitaverit
852 1661 889 1704 ec
908 1641 997 1705 bovis
1016 1641 1213 1704 admonuerit

361 1749 499 1826 Mortuo,
527 1757 560 1812 ut
586 1751 719 1829 videtur,
745 1757 869 1831 parente
897 1751 1108 1832 patrimonium
1144 1769 1214 1812 cum
1244 1749 1389 1812 iratribus

278 1853 379 1917 divisit
398 1858 600 1936 Democritus,
623 1859 688 1938 ipse
709 1857 768 1921 sibi
794 1858 907 1922 itineris
931 1879 1023 1922 causa
1042 1858 1190 1921 minorem
1216 1858 1390 1939 portionem

278 1980 356 2042 quae
375 1969 529 2026 numerata
548 1967 677 2044 pecunia
698 1969 854 2030 coristabat
873 1968 1003 2048 eligens3
1033 1968 1065 2030 id
1087 1967 1170 2050 quod
1191 1985 1229 2028 ex
1250 1965 1390 2047 Diogene

278 2070 399 2133 Laertio
423 2069 474 2152 ¹⁷)
501 2074 687 2136 Demetrium
714 2076 744 2137 in
771 2077 971 2156 llomonymis
989 2073 1040 2158 ¹⁸)
1071 2083 1101 2138 et
1122 2073 1335 2138 Antistlrenem
1360 2075 1391 2135 in

276 2177 528 2260 philosophorum
554 2183 798 2246 successionibus
813 2184 820 2216 ¹
833 2183 865 2265 ⁹)
898 2191 1038 2248 auctores
1065 2183 1207 2246 laudante
1233 2189 1325 2264 atque
1355 2202 1392 2243 ex

278 2283 405 2349 Aeliano
420 2285 472 2369 ¹⁰)
499 2265 650 2354 discimus.
698 2291 791 2353 Addit
816 2291 980 2373 Diogenes,
1007 2293 1065 2355 hoe
1084 2295 1193 2355 iratres
1214 2291 1391 2373 philosophi

306 2495 309 2502 '
351 2499 389 2562 ¹⁵)
410 2500 444 2552 de
458 2501 509 2551 hac
529 2503 643 2558 materia,
660 2501 721 2552 vide
741 2514 810 2566 qrroe
827 2501 893 2550 inira
913 2501 1035 2553 diximus.

350 2593 388 2656 ¹⁸)
408 2593 559 2644 Demetrius
580 2594 651 2656 apud
671 2593 817 2656 Diogenem
837 2589 879 2653 lli,
900 2587 934 2642 36
954 2619 982 2628 -
1003 2589 1072 2660 λέγει
1096 2588 1124 2643 δέ
1149 2587 1188 2644 δτι
1213 2593 1341 2644 τοσοῦτον
1360 2589 1392 2664 ἦν

278 2669 433 2743 φιλόπονος,
458 2670 526 2729 ὥστε
549 2675 596 2724 τοῦ
622 2672 764 2744 περικήπου
784 2669 915 2740 δωμάτιόν
941 2689 965 2722 τι
986 2669 1178 2741 ἀπο-αμάμενος
1204 2671 1394 2732 κατάκλειστος

276 2751 324 2824 ip·
349 2751 394 2804 ιιαί
412 2769 475 2805 ποτε
497 2757 545 2804 τοῦ
568 2752 664 2825 πατρὸς
690 2752 771 2804 αὐτοῦ
796 2751 860 2824 πρὸς
885 2749 975 2804 θυσίαν
996 2751 1059 2820 βοῦν
1077 2751 1218 2823 ἀγαγόντος
1239 2754 1285 2805 καί
1301 2751 1394 2806 αὐτόθι

277 2831 482 2904 προςδήσαντος,
505 2831 594 2885 ίιιανδν
619 2833 713 2907 χρόνον
733 2834 769 2906 μέγ
791 2839 902 2903 γνῶναι,
926 2831 976 2890 έως
1002 2829 1081 2884 αὑτὸν
1104 2833 1202 2893 ἐκεῖνος
1221 2833 1395 2906 διαναστήσας

278 2912 405 2982 προφάσει
431 2916 477 2983 τῆς
495 2909 586 2973 Daciae
606 2915 651 2966 καί
671 2913 703 2966 τὰ
723 2913 781 2985 περὶ
802 2911 846 2964 τδν
874 2913 936 2981 βοῦν
962 2911 1111 2984 διηγήσατο.
1145 2916 1186 2968 Ad
1206 2929 1287 2982 quem
1303 2919 1396 2968 locum

280 2993 313 3043 ct
331 2992 511 3058 lluebnarum,
533 2997 578 3061 qui
594 2996 680 3047 Roscii
697 2998 868 3060 conjecturas
885 2999 1088 3048 commemorat

352 3083 389 3147 ¹⁷)
408 3085 482 3150 Diog.
502 3087 589 3160 Lauri„
602 3083 643 3150 lx,
660 3085 694 3139 35
709 3085 794 3158 τρίτον
814 3103 843 3139 τε
863 3083 926 3138 ὄντα
944 3083 1057 3158 ἀδελφὸν
1075 3082 1212 3156 νείμασθαι
1225 3086 1272 3160 τὴν
1293 3084 1396 3141 cirola-r.

281 3155 335 3214 Kal
361 3163 384 3216 oi
408 3164 455 3234 μέν
482 3165 585 3226 πλείους
610 3167 674 3240 φασὶ
692 3169 738 3240 τὴν
762 3165 862 3220 έλάττω
887 3169 980 3238 μοῖραν
1002 3163 1121 3228 ἑλέσθαι,
1146 3168 1193 3240 τὴν
1218 3168 1244 3220 έν
1272 3167 1397 3242 ἀργυρίῳ,

280 3241 367 3314 χρείαν
383 3241 478 3316 έχοντα
498 3247 560 3299 κατ’
578 3247 736 3319 ἀποδημίαν,
756 3253 833 3300 τοῦτο
851 3247 980 3299 κάκείνων
999 3245 1093 3305 δολίως
1113 3245 1343 3302 ὑποπτευσάντων.

353 3333 391 3400 ¹⁸)
411 3337 458 3388 llic
485 3341 527 3389 est
552 3341 704 3394 Demetrius
728 3343 849 3407 Magnas,
873 3341 953 3392 Attici
977 3347 1005 3392 et
1026 3342 1163 3394 Ciceronis
1192 3344 1320 3409 aequalis,
1350 3345 1396 3411 qui

280 3412 378 3464 librum
401 3419 548 3481 scripserat
575 3421 633 3492 περὶ
651 3419 801 3491 δμωνδμων
825 3424 940 3489 ποιητῶν
964 3420 1009 3472 ael
1033 3421 1210 3492 συγγραφέων.
1254 3425 1300 3474 Sic
1325 3426 1396 3476 enim

174 3520 177 3526 .
282 3495 385 3558 integra
404 3495 462 3546 libri
482 3499 619 3566 inscriptio
640 3518 670 3556 se
690 3504 814 3556 habehat.
850 3503 908 3554 Vid.
928 3503 1030 3567 ltlenag.
1047 3503 1082 3554 ad
1101 3502 1174 3568 Diog.
1195 3504 1239 3556 lib.
1261 3502 1281 3569 l,
1298 3501 1342 3557 38.

262 3645 265 3654 p
355 3587 391 3650 ¹⁸)
407 3586 455 3638 Hic
477 3585 657 3658 Antisthenes,
682 3597 805 3647 diversus
825 3609 840 3646 a
864 3595 982 3646 Socratis
1010 3595 1141 3658 discipulo
1167 3597 1285 3660 Cynicrm
1302 3601 1397 3649 sectas

282 3667 431 3730 conditore,
457 3683 556 3733 genere
581 3674 698 3728 lihodius
721 3677 776 3738 luit,
803 3690 835 3728 oc
856 3675 1141 3740 nobilissimum·opus
1161 3681 1323 3742 composuit,
1351 3681 1395 3729 cui

280 3749 384 3798 titulum
407 3748 507 3799 lecerat
527 3747 679 3824 φιλοσόφων
699 3755 827 3829 διοδοχαί.
859 3759 967 3807 Certum
985 3759 1034 3818 est,
1060 3769 1121 3808 eum
1141 3760 1203 3809 anta
1221 3758 1396 3812 Aristotelem

278 3829 409 3881 floruisse.
447 3831 502 3882 Vid.
530 3834 631 3899 llenng.
652 3839 686 3888 ad
707 3840 778 3902 Diog.
799 3839 885 3891 Lacrt.
903 3837 946 3888 lib.
967 3834 1008 3900 vl,
1030 3834 1069 3888 19.

352 3921 391 3984 ²⁰)
411 3915 511 3977 Aeliam.
536 3939 592 3979 var.
613 3929 672 3980 hist.
693 3927 725 3978 lv
745 3942 803 3994 cap.
821 3928 868 3980 20:
895 3927 942 4000 τὴν
967 3926 1038 3998 παρὰ
1064 3931 1129 3993 (τοῦ)
1157 3922 1331 3996 Δαμασίππου
1348 3934 1397 3981 τοῦ

281 3996 376 4076 πατρὸς
401 3999 490 4054 aiaton
517 4004 553 4066 είς
578 4008 635 4080 τρία
663 4009 729 4080 μέρη
755 4006 910 4078 νεμηθεῖσαν
937 4014 991 4066 τοῖς
1012 4007 1134 4081 ἀδελφοῖς
1160 4007 1204 4072 (δι’
1227 4007 1320 4076 αὐτοῦ)
1340 4014 1398 4068 τοῖς

281 4077 356 4150 τρισί,
374 4079 398 4130 τ’
421 4080 540 4156 cip-pipios
562 4087 641 4157 μόνον
663 4087 751 4158 λαβὼν
774 4087 877 4160 ἐφόδιον
895 4091 941 4160 τῆς
960 4087 1023 4142 idcir
1043 4090 1077 4142 τὰ
1103 4087 1182 4143 λοιπὰ
1198 4093 1253 4149 τοῖς
1273 4089 1398 4162 ἀδελφοῖς

284 4157 361 4211 cinca.
400 4163 552 4220 Perizonius
578 4172 662 4223 verba
691 4168 724 4221 δι’
743 4167 825 4223 αὐτοῦ
850 4186 920 4238 quae
943 4185 996 4223 uon
1022 4174 1048 4224 in
1076 4173 1200 4224 omnibus
1225 4173 1305 4225 codd.
1324 4177 1397 4235 eunt,

283 4241 366 4292 deleri
384 4243 448 4305 vult,
474 4252 502 4296 ut
529 4251 640 4302 dubium
664 4252 837 4316 relinquatur,
860 4255 953 4318 ipsene
977 4254 1160 4314 Democritus,
1185 4267 1218 4306 an
1241 4255 1299 4317 eius
1319 4257 1399 4318 pater
