2984 4876
329 307 414 365 Ltber
429 307 478 364 ΙΙΙ.
511 307 664 366 Democriti
682 321 792 380 ορεειιει
812 307 974 380 fragmenta.
1144 312 1209 378 239

179 478 209 540 9.
253 469 329 561 Περὶ
352 473 388 540 δὲ
412 477 466 558 τῆς
490 473 722 559 ὑδροραντικῆς,
750 474 810 538 ὑπδ
831 473 868 538 δέ
889 495 978 540 τινων
999 475 1271 566 ὑδρομαστευ-ρ,ι,

92 587 177 668 τικῆς
208 582 376 668 λεγομένης
399 586 451 646 νὺν
480 581 620 666 ἐροῦμεν.
667 579 909 666 Ἀποφαίνονται
945 582 1003 668 γὰρ
1039 585 1068 647 οἱ
1099 585 1204 674 [περὶ]

92 697 154 756 τῶν
176 692 406 778 ὑδροφαντικῶν
427 691 479 774 aba
509 689 665 774 ἐμπειρίαν
696 687 867 773 εἰληφότες,
887 690 926 754 τὰ
948 691 1002 775 μὲν
1024 693 1115 756 πεδία
1137 692 1205 758 άνυ·

93 801 154 884 δρα
189 799 336 885 ὑπάρχειν
367 802 410 869 ιὺς
444 797 494 861 ἐπὶ
524 798 558 860 rb
586 796 677 874 πολὺ,
704 796 756 860 καὶ
780 795 818 862 τὰ
843 795 969 879 μείζονα
999 802 1114 881 μᾶλλον
1144 805 1204 865 τῶν

93 904 283 970 ἐλασσόνων.
328 902 398 970 Τῶν
428 905 464 969 δέ
494 905 593 990 ὀρέων
623 901 735 990 ἔνυδρα
761 903 951 968 τὰπλεῖστα
979 907 1031 970 καὶ
1051 907 1105 976 τὰς
1124 909 1205 973 ὑπω-

94 1015 177 1098 ρείας
190 1013 417 1098 καδυγρυτέρας
429 1019 490 1078 τῶν
507 1013 684 1097 άκρωρειδιν
703 1012 861 1096 ὑπάρχειν,
871 1012 922 1075 καλ
937 1013 973 1076 τά
986 1013 1085 1078 δασέα
1099 1015 1150 1079 καλ
1165 1014 1204 1080 τὰ

91 1121 283 1206 κατάδενδρα
304 1125 364 1184 τῶν
387 1124 494 1206 ψιλῶν.
532 1118 578 1183 Τὰ
600 1119 634 1184 δὲ
658 1119 689 1182 έν
705 1123 767 1188 τοῖς
787 1119 902 1188 πεδίοις
921 1120 1122 1205 εὑρισκόμενα
1140 1127 1200 1187 τῶν
1212 1141 1269 1210 ρο,

93 1230 213 1293 ὑδάτων
236 1229 359 1314 ἁλμυρὰ
385 1232 428 1298 ὑς
448 1227 498 1292 tat
519 1228 552 1291 τδ
578 1225 669 1304 πολὺ,
696 1225 790 1290 τὰδὲ
813 1226 844 1290 έν
873 1233 937 1298 τοῖς
958 1228 1043 1316 ὄρεσι
1065 1232 1117 1295 καὶ
1137 1235 1204 1301 ταῖς

92 1335 260 1419 ὑπωρείαις
283 1337 415 1420 γλυκέα·
442 1335 495 1400 ἐὰν
523 1336 563 1420 μή
590 1354 678 1397 τινων
703 1334 722 1417 ἡ
749 1338 852 1416 γεὺσις
884 1335 1047 1421 ρίλείρηται
1071 1337 1122 1401 διὰ
1150 1339 1204 1422 τὴν

91 1449 154 1506 τῶν
179 1441 377 1528 ἐπικειμένων
401 1443 521 1507 ὑδάτων
544 1440 688 1524 ἰδιότητα,
718 1442 862 1526 oprimi,
887 1443 1033 1528 άλμυριῖιν
1055 1445 1222 1532 ὑπαρχόν--

90 1575 166 1628 των,
188 1551 209 1635 ἢ
230 1552 396 1635 νιτρωδιῖιν,
426 1551 446 1635 ἢ
477 1549 657 1634 στυπτηρίαν
686 1549 831 1637 ἑχὺντων,
859 1552 879 1634 ἢ
908 1550 1004 1629 deice,
1033 1551 1154 1638 ἢάλλυ
1177 1577 1205 1617 τι

89 1665 153 1724 τῶν
174 1657 331 1722 τοιοὺτων.
375 1657 513 1727 Φυσικὰς
535 1658 569 1720 δὲ
584 1663 647 1725 τοῖς
665 1656 835 1741 εἰρημένοις
856 1658 953 1728 αἰτίας
972 1661 1095 1724 τοιάσδε
1113 1683 1200 1746 προς·
1212 1679 1267 1748 ps,

90 1769 254 1844 άπτουσιν,
285 1765 346 1829 dab
379 1769 439 1828 τῶν
468 1765 587 1829 ὑδάτων
614 1767 648 1829 τδ
676 1763 955 1848 λεπτομερέστατον
986 1768 1034 1831 aial
1058 1771 1109 1832 καλ
1131 1770 1200 1834 έλα-

90 1873 243 1961 ιρρὺτατον
275 1875 372 1936 ἕλκειν
400 1872 452 1934 τδν
482 1871 579 1955 ἥλιον.
628 1869 675 1936 l'd
703 1873 757 1956 μὲν
785 1870 838 1936 οὑν
860 1875 951 1938 πεδία
973 1874 1015 1938 δι’
1042 1877 1116 1961 ὅλης
1135 1876 1267 1965 ἐπέ-μ,

87 2004 187 2068 χοντα
209 1986 263 2066 τῆς
283 1979 403 2066 ἡμέρας
422 1981 472 2043 τδν
496 1979 583 2062 ἥλιον
599 1979 774 2064 έξαμέλγειν
795 1982 829 2044 τδ
851 1979 941 2067 ὑγρὸν
954 1983 1006 2047 καὶ
1026 1983 1204 2068 ἐξατμίζειν,

90 2091 165 2153 illst
185 2089 222 2152 τὰ
246 2089 300 2172 μὲν
322 2088 437 2156 τελέως
465 2087 581 2172 άνυδρα
612 2089 753 2173 ὑπάρχει,
783 2086 814 2150 έν
851 2089 896 2158 οἷς
918 2090 953 2153 δὲ
973 2092 1207 2156 καταλείπτεταί

88 2219 157 2260 τινα
176 2199 236 2259 τῶν
260 2195 388 2272 ὑδάτων,
419 2193 542 2279 άλμυρδ
568 2195 738 2280 εὑρίσκεται
763 2197 893 2268 πάντως,
915 2199 969 2259 τοῦ
993 2196 1132 2282 ἐλαφροῦ
1152 2199 1204 2262 καλ

87 2302 220 2388 γλυκέος
242 2302 273 2373 ἐξ
294 2301 394 2365 αὑτῶν
416 2301 669 2386 άναλισκομένου,
690 2301 830 2386 καθάπερ
851 2304 902 2366 καὶ
922 2303 1070 2387 κατὺιτὴν
1089 2303 1203 2368 ὑάλασ·

177 2523 207 2582 9.
251 2523 299 2582 Da
319 2539 415 2601 aquae
436 2520 637 2604 inquisitione,
652 2519 700 2583 vel
721 2526 756 2581 ut
775 2519 826 2581 alii
846 2521 957 2598 dieunt,
976 2523 1203 2602 investigatione

88 2651 172 2692 nunc
195 2629 384 2690 disseremus.
429 2629 490 2710 Qui
511 2627 590 2690 enim
611 2646 756 2710 aquarum
775 2627 1045 2708 investigandarum
1066 2631 1203 2711 peritiam

88 2736 170 2798 nacti
191 2741 269 2811 sunt,
290 2736 486 2815 pronuntiant
504 2735 624 2816 quidem
644 2754 769 2814 campos
791 2735 969 2818 plerumque
983 2737 1070 2820 aquis
1090 2757 1205 2816 carere,

89 2852 121 2908 et
143 2845 273 2922 majores
298 2843 394 2923 magis
412 2841 589 2904 minoribus.
632 2842 678 2902 Ex
699 2842 853 2906 montibus
873 2863 947 2908 vero
968 2844 1116 2925 plurimos
1136 2863 1204 2906 esse

88 2970 223 3035 aquosos
232 2958 262 3013 et
269 2951 342 3012 imas
350 2950 485 3032 ipsorum
493 2955 593 3029 parics
604 2949 788 3012 tumidiores
802 2956 1205 3032 quamsummas,praeterea

90 3061 204 3122 densos
216 3065 334 3120 montes
352 3068 441 3139 atque
461 3057 621 3121 arboribus
640 3065 737 3120 tectos
756 3059 851 3139 magis
870 3060 1008 3122 bumidos
1023 3079 1090 3121 esse
1113 3079 1202 3141 quarn

88 3167 199 3230 nudos.
240 3168 346 3248 Aquae
364 3185 439 3228 vero
462 3185 538 3248 quae
559 3165 589 3227 in
611 3167 725 3246 campis
756 3167 962 3248 reperiuntur,
986 3173 1020 3229 nt
1040 3165 1202 3246 Plurimum

90 3275 188 3336 salsae
200 3281 279 3351 sunt,
288 3294 367 3356 quae
382 3273 519 3336 autemin
530 3274 682 3336 montibus
695 3281 725 3336 ct
739 3273 805 3335 imis
815 3273 1070 3354 corumpartibus‚
1083 3273 1201 3337 dulces:

89 3383 149 3444 nisi
168 3381 334 3464 aliquarum
355 3400 449 3462 sapor
473 3387 685 3461 corrumpatur
705 3380 937 3444 incumbentium
961 3400 1105 3463 aquarum
1130 3401 1203 3462 pro·

90 3489 228 3570 prietate,
247 3489 409 3551 emdarum
432 3495 483 3550 aut
504 3489 650 3552 salsarum
671 3497 723 3551 aut
745 3490 929 3564 mitratorum,
956 3497 1009 3551 aut
1029 3489 1202 3551 aluminata-

91 3617 169 3672 nrm,
198 3602 250 3657 aut
280 3596 408 3677 sulphur
438 3603 490 3658 aut
519 3597 602 3658 aliud
633 3597 782 3676 ejusmodi
811 3596 986 3677 gerentium.
1041 3596 1202 3658 Naturales

89 3711 191 3765 autem
217 3723 324 3766 causas
355 3723 459 3766 eorum
487 3722 565 3785 quae
599 3703 728 3766 diximus
764 3704 838 3766 tales
866 3703 1004 3764 afferunt:
1038 3703 1133 3766 solem
1163 3723 1201 3764 ex

88 3809 176 3892 aquis
199 3829 318 3891 semper
336 3812 368 3873 id
390 3811 473 3894 quod
493 3809 700 3873 tenuissimum
719 3831 755 3874 ao
767 3810 951 3873 levissimum
971 3815 1025 3884 est,
1044 3809 1201 3871 attrahere.

89 3923 194 4000 Quare
218 3938 310 4000 quum
338 3937 463 4000 campos
493 3938 550 3999 per
578 3925 673 3980 toturn
699 3920 778 3982 diem
806 3917 853 3980 sol
879 3923 1015 3996 occupet,
1044 3916 1201 3976 humorem

89 4045 128 4086 ex
150 4024 187 4086 iis
209 4024 362 4107 emulgere
384 4026 464 4089 etin
486 4045 630 4106 vaporem
648 4025 824 4102 dissolvere,
844 4025 913 4087 inde
933 4025 1007 4098 lieri,
1028 4029 1062 4085 ut
1081 4024 1201 4105 quidam

86 4133 209 4214 penitus
234 4134 319 4216 aquis
336 4141 465 4211 careant,
488 4133 588 4196 sedin
606 4133 714 4215 quibus
731 4134 844 4216 aliquid
864 4132 1002 4214 supersit,
1025 4129 1055 4191 id
1077 4132 1200 4194 omnino

86 4239 199 4304 salsum
220 4241 396 4322 reperiatur,
416 4239 476 4304 levi
502 4262 538 4306 ac
560 4239 643 4304 dulci
663 4261 701 4304 ex
722 4241 797 4325 ipsis
820 4246 988 4320 consumto,
1007 4239 1200 4324 quemadmo-
