2892 4872
288 335 352 404 m
619 330 815 394 (lunationum
831 328 1063 386 Democritcamm

286 504 410 570 omnino
433 519 581 582 nusqaram
605 515 623 560 a
647 496 825 562 Democrito
844 495 925 560 dicta
954 515 1022 561 esse
1039 501 1172 579 apparet
1212 497 1288 560 Vide
1307 496 1384 560 lihl

287 633 355 694 aas·
378 613 418 674 72
440 629 524 691 seua·
980 611 984 620 “

605 808 654 864 Β.
690 805 822 857 SCRIPTA
841 804 1080 878 uhrunnhrtch.

336 950 343 966 .
370 925 426 988 DL
468 922 524 1001 33)
544 916 620 1004 Περὶ
650 921 802 1004 διαφορῆς
826 921 958 1004 γνώμης,
981 921 1020 984 de
1043 919 1256 983 sententiarum
1284 917 1386 980 disere·

287 1035 397 1117 pautia
447 1029 650 1110 scriptionem
684 1029 778 1092 fuisse
804 1028 931 1110 opinor,
969 1049 1029 1112 qua
1053 1029 1243 1112 explanatum
1272 1033 1386 1089 esseta

287 1142 473 1217 Democrito,
493 1137 601 1220 quibus
624 1138 654 1199 in
678 1138 769 1200 rebus
790 1137 989 1200 mathematici
1010 1136 1089 1200 iuter
1110 1157 1144 1200 se
1167 1135 1358 1199 dissentirent

372 1252 428 1330 34)
452 1245 525 1328 Περὶ
548 1243 679 1330 ψαύσιος
699 1244 813 1308 κύκλου
833 1245 884 1307 καὶ
907 1243 1046 1329 σφαίρας,
1070 1247 1108 1309 de
1132 1251 1272 1308 contactu
1292 1239 1385 1304 circuli

288 1367 319 1424 et
339 1361 493 1440 sphaerae.
533 1355 622 1416 llunc
641 1354 760 1418 titulum
779 1375 850 1417 cum
871 1354 1072 1435 praecedente
1092 1355 1224 1435 jungunt
1243 1350 1385 1414 Fabricius

288 1477 319 1530 et
338 1465 503 1546 Menagius.

372 1577 433 1653 35)
452 1571 526 1656 ΙΙερί
547 1569 735 1654 γεωμετρίης
756 1569 775 1652 ἢ
797 1567 1013 1653 γεωμετρικόν.
1054 1571 1100 1633 lta
1120 1568 1308 1633 scribendum
1327 1581 1399 1626 esse*

288 1683 363 1746 vidit
387 1682 543 1762 Meuagins
572 1701 630 1762 pro
656 1679 781 1760 vulgato
811 1677 886 1762 Περὶ
908 1677 1096 1762 γεωμετρίας
1119 1673 1325 1760 γεωμετρικόν,
1345 1691 1386 1734 se-

289 1797 378 1854 cutus
397 1791 563 1870 analogiam
583 1787 758 1850 libellorum
779 1788 831 1870 qui
852 1783 930 1850 inira
958 1786 1130 1850 citabuntur
1150 1783 1225 1870 Περὶ
1245 1780 1382 1865 διαίτηςῆ

289 1895 468 1981 διαιτητικόν
489 1904 519 1959 et
540 1895 614 1982 Περὶ
632 1894 781 1980 γεωργίης
803 1895 823 1978 ἢ
846 1892 1022 1979 γεωργικόν.

372 2007 428 2087 36)
444 2001 598 2088 Ἀριθμοί.

371 2114 413 2177 X.
453 2113 509 2192 37)
535 2109 609 2195 Περὶ
632 2109 753 2194 ἀλόγων
775 2107 942 2194 γραμμέων
968 2109 1019 2174 καί
1044 2111 1164 2172 ναστῶν
1189 2105 1225 2195 β.
1266 2107 1384 2172 Ambro-

287 2220 360 2298 sius,
379 2221 527 2302 Diogenis
549 2220 707 2300 interpres,
727 2219 833 2282 vertit:
855 2218 892 2280 dc
911 2221 1003 2282 unct
1023 2221 1148 2282 ratium
1167 2216 1333 2281 ammerbac
1351 2231 1384 2274 ac

286 2329 392 2391 ιοίιὶίίι
411 2327 461 2392 nt.
480 2331 518 2392 Il.
559 2329 633 2391 Non
663 2329 749 2392 male.
797 2327 877 2389 Sunt
904 2327 983 2389 enim
1007 2327 1148 2412 γραμμαὶ
1175 2325 1383 2408 diarodinam

287 2456 365 2518 pana
382 2438 541 2500 communi
562 2438 667 2515 ala'qao
689 2435 812 2500 modiolo
838 2437 944 2498 metiri
971 2457 1035 2500 aon
1053 2437 1135 2500 labet.
1171 2435 1268 2498 llodie
1286 2448 1383 2494 vocan-

287 2551 338 2608 tur
369 2564 388 2607 a
422 2543 635 2607 mathematicis
668 2545 875 2607 irrationalem
937 2546 1096 2609 Praeterea
1132 2542 1170 2606 τὰ
1204 2540 1295 2604 ναστσί
1323 2541 1383 2602 sunt

287 2673 364 2736 quae
385 2652 459 2716 alias
483 2673 501 2714 a
520 2650 646 2716 Graecis
674 2653 881 2735 στερεώματα,
904 2673 923 2716 a
943 2653 1056 2717 Latinis
1078 2651 1381 2716 solidanominantur.

286 2763 390 2843 ltaque
424 2760 493 2822 libri
530 2761 620 2823 index
651 2759 723 2826 erit:
762 2761 799 2823 de
830 2763 921 2824 lincis
955 2759 1193 2824 abrationalibw
1226 2767 1257 2820 ct
1283 2755 1382 2818 solidis.
1417 2747 1418 2760 ¹

286 2871 383 2932 Porro
412 2869 555 2948 notabilis
577 2875 624 2932 est
645 2887 718 2932 usus
742 2870 883 2932 vocabuli
905 2867 1014 2937 ναστός
1036 2871 1120 2952 quod
1140 2869 1222 2951 apud
1242 2860 1383 2929 Democri-

286 2985 350 3042 tum
371 2977 549 3060 plerumque
578 2981 623 3062 τῷ
648 2981 729 3062 κενῷ
755 2978 932 3059 opponitur,
953 2984 986 3041 ut
1007 2979 1040 3042 τὸ
1064 2979 1115 3041 bia
1139 2983 1183 3063 τῷ
1206 2972 1340 3060 μηδενί(
1358 2965 1381 3030 l·

287 3084 365 3167 δενί)
386 3087 570 3150 contrarium
583 3087 745 3165 judicatur.
777 3086 895 3148 Etenim
913 3087 1107 3150 Democritus
1125 3085 1287 3167 praecipue
1308 3095 1382 3142 usur-

286 3194 379 3274 pabat
397 3195 579 3258 vocabulum
600 3193 708 3257 ναστίν
737 3194 820 3276 quod
847 3195 878 3256 in
900 3197 965 3273 eJus
987 3194 1025 3256 de
1047 3215 1147 3256 rerum
1169 3201 1273 3256 natura
1295 3185 1382 3270 operi-

286 3303 344 3364 bns
363 3302 442 3365 idern
462 3303 645 3384 designabat,
667 3303 750 3385 quod
772 3301 805 3365 τὸ
828 3303 952 3386 πλῆρες.
988 3303 1057 3365 viu.
1078 3303 1261 3365 Theodoret
1280 3320 1308 3379 p.
1328 3293 1380 3358 538

288 3415 318 3470 et
338 3409 423 3472 Stob.
444 3412 529 3492 phys
552 3414 623 3488 306,
643 3411 771 3490 llesych.
790 3429 818 3472 ν.
841 3409 949 3492 μεστός
968 3418 998 3474 et
1019 3406 1128 3475 ναστίς
1149 3417 1179 3472 et
1204 3406 1331 3488 Simplio.
1349 3401 1380 3460 de

288 3517 364 3580 coel.
388 3519 437 3582 68.
456 3519 482 3580 b.
502 3518 721 3603 προςαγσρείει
743 3518 777 3581 δὲ
796 3518 847 3581 τὸν
871 3519 924 3603 μὲν
945 3517 1037 3583 τόπον
1059 3517 1162 3580 coicis
1184 3510 1380 3593 corrompant

287 3627 331 3709 τῷ
353 3647 386 3688 τε
402 3630 482 3710 κενῷ
503 3627 616 3712 καὶτῷ
636 3625 738 3690 οὐδενὶ
760 3625 876 3712 καὶτῷ
899 3626 1031 3712 ἀπείρῳ·
1051 3631 1111 3688 τῶν
1135 3626 1170 3690 δὲ
1193 3623 1300 3688 οὐσιῶν
1322 3613 1378 3678 ἑκά·

288 3753 359 3814 στην
388 3734 468 3819 τῷδε
495 3737 629 3818 (corrige
647 3735 765 3816 τοῖσδε)
792 3734 842 3798 καί
868 3737 913 3821 τῷ
941 3737 1043 3819 ναστιρῖ
1067 3734 1117 3796 καὶ
1146 3737 1190 3818 rai
1215 3729 1283 3796 ὄντι.
1326 3719 1379 3786 Sed

287 3840 367 3902 idem
387 3843 519 3924 scriptor
544 3842 651 3911 ναστός
671 3863 729 3925 pro
752 3841 874 3927 στερεός
894 3844 983 3908 etiam
1005 3845 1181 3924 frequentat.

374 3950 430 4030 38)
448 3948 690 4034 Ἐκπετάσματα.
703 3951 882 4014 Ambrosius
902 3952 1129 4034 iuterpretatur:
1151 3957 1281 4012 artenao.
1307 3934 1379 4022 Quid

287 4055 345 4118 sibi
372 4059 444 4122 volit
463 4060 512 4122 hic
540 4061 652 4136 titulus,
672 4060 743 4124 satis
769 4060 953 4141 perspicitur
985 4079 1023 4122 ex
1047 4058 1178 4123 Vitruvii
1207 4051 1377 4138 praefatione

285 4165 415 4245 septimo
438 4167 518 4230 libro
538 4169 701 4248 praemissa
721 4185 788 4249 pag.
814 4170 873 4230 int
893 4167 940 4229 ed.
960 4166 1128 4242 Rode,·ubi
1146 4168 1218 4228 haec
1235 4162 1376 4242 tegunt:

283 4273 442 4358 „Namque
462 4273 591 4356 primum
616 4275 824 4357 Agatharchus
847 4275 990 4350 Athenis,
1011 4275 1165 4355 Aeschylo
1185 4274 1307 4336 docente
1327 4270 1376 4324 ira-
