2892 4872
210 325 272 390 150
535 325 731 390 Quaestionum
761 325 993 382 noscentem

559 493 603 550 Β.
642 491 776 546 sctum
796 491 965 546 TFCFNICA.

289 595 357 660 Hoc
378 596 499 660 nomine
517 593 665 676 appellari
689 592 830 656 videntur
851 611 888 656 ec
908 613 1011 674 opere,
1034 597 1143 678 quibus
1162 600 1321 663 Democri-

206 709 255 766 tus
278 702 316 764 de
336 703 451 766 artibus
472 703 621 766 advitam
642 721 832 764 communem
850 701 978 764 maxime
993 703 1210 783 pertinentibus
1232 727 1321 788 prae-

206 810 295 891 cepit,
318 811 476 888 medicine,
504 811 701 892 agriculture,
722 817 787 874 arte
812 809 941 874 militari.
983 812 1047 873 Una
1071 819 1193 876 nostrae
1213 815 1320 878 defini-

207 919 283 982 tioni
306 920 407 983 obstat
429 919 548 1002 pictura
578 940 655 1002 quae
678 920 709 982 in
729 919 838 983 eodem
856 917 1039 999 scriptorum
1062 939 1172 1000 genere
1192 929 1321 988 tractata

207 1034 262 1090 est
304 1027 368 1090 Sed
386 1047 468 1092 nunc
487 1033 569 1092 certe
590 1027 698 1092 melius
720 1027 794 1110 quid
810 1047 872 1090 non
894 1027 1053 1090 succurrit

290 1137 378 1200 xlv.
421 1137 477 1216 53)
508 1131 693 1219 Πρόγνωσις.
738 1135 905 1198 Democriti
933 1141 966 1197 ut
996 1135 1107 1198 medici
1135 1139 1320 1204 mentionem

205 1243 278 1306 iacit
297 1243 390 1308 Com.
411 1243 574 1307 Celsusin
606 1244 806 1324 praefatione:
838 1243 969 1322 „multos
995 1263 1034 1306 ex
1057 1245 1220 1325 sapientiae
1245 1269 1320 1329 pro-

206 1349 374 1414 fessoribus
396 1351 511 1432 peritos
532 1351 697 1416 medicinae
719 1352 812 1416 fuisse
832 1352 1015 1433 accepimns,
1037 1351 1220 1416 clarissimos
1241 1375 1320 1420 vero

206 1477 245 1520 ex
279 1459 326 1521 his
346 1461 548 1540 Pythagoram
580 1466 611 1523 et
638 1459 855 1542 Empedoclem
888 1467 918 1523 et
948 1457 1189 1522 Democritum.”
1237 1461 1320 1525 lnter

72 1633 81 1648 γ
205 1561 342 1630 medicos
361 1567 498 1630 celebres
517 1567 589 1631 item
599 1567 732 1631 retertur
747 1570 777 1632 in
790 1567 857 1631 cod.
879 1585 949 1630 mss.
971 1567 1009 1629 de
1028 1567 1136 1630 ardum
1155 1573 1186 1630 et
1206 1569 1321 1633 doctri-

204 1693 312 1736 nerum
333 1675 538 1738 inventoribus
561 1682 637 1740 teste
667 1675 904 1740 Montefaleonio
938 1674 970 1736 in
988 1675 1158 1738 bibliothec.
1193 1677 1320 1744 Goislin.

205 1803 235 1862 p.
259 1785 329 1848 598.
381 1783 539 1848 Oribasius
573 1785 604 1849 in
631 1783 792 1866 prooemio
826 1783 1032 1844 commentarii
1057 1784 1096 1845 ad
1123 1783 1320 1864 Hippocratis

204 1889 415 1971 Aphorismos,
438 1869 537 1976 quem·
545 1893 636 1956 latine
660 1901 773 1955 tantum
794 1891 862 1953 lob.
888 1890 1083 1954 Guintherius
1101 1891 1223 1954 Parisiis
1235 1894 1319 1957 1533

206 1999 315 2063 edidit:
340 2002 491 2064 Tentceit
501 2001 633 2080 quarem,
649 2000 752 2084 inquit,
764 1999 957 2062 Democritus
974 1999 1037 2062 talc
1050 1999 1321 2081 (Aphorismorum

205 2107 392 2172 medicorum
410 2111 502 2189 opus)
515 2111 609 2170 etiam
631 2106 825 2184 cmmcrilere
844 2105 898 2168 red
911 2125 976 2168 non
991 2109 1112 2186 poterim
1131 2107 1214 2188 qnod
1234 2108 1320 2188 equi-

205 2217 274 2277 dem
296 2217 491 2296 injudioatum
512 2216 660 2299 relinquo.
710 2215 868 2296 Menogins
892 2215 923 2276 in
950 2215 1090 2277 Gerberti
1108 2213 1238 2295 epistola
1258 2215 1319 2294 lX,

204 2324 257 2386 ubi
279 2325 491 2389 Demosthenis
513 2325 688 2405 philosophi
712 2323 941 2405 ophthalmicus
963 2328 1224 2402 commemoretur,
1244 2342 1321 2386 eon-

198 2432 319 2511 jectum
343 2433 463 2496 minime
485 2433 565 2494 felici
585 2433 810 2496 rescribendum
829 2432 1000 2513 suspicetur
1008 2431 1176 2494 Democriti
1195 2449 1321 2511 nomen,

203 2559 294 2622 quem
315 2559 451 2604 errorem
468 2542 532 2620 jam
554 2543 695 2606 refutavit
715 2541 874 2604 Fabricius
894 2539 973 2603 Bibl.
995 2539 1048 2602 Gr.
1069 2539 1128 2601 vol.
1153 2539 1179 2600 ll
1200 2561 1229 2624 p.
1252 2541 1321 2606 642

204 2647 251 2710 ed.
271 2647 353 2710 llarl.
1150 2669 1152 2674 ·

287 2758 343 2836 st)
363 2754 439 2842 Περὶ
462 2757 578 2843 διαίτης
599 2757 619 2842 ἢ
644 2756 835 2840 διαιτητικόν.

200 2920 203 2926 .
286 2864 343 2944 55)
367 2863 498 2949 Ἰητρικὴ
523 2869 640 2951 γνώμη.
695 2865 777 2928 Male
803 2865 959 2946 Mensgius
992 2871 1023 2926 et
1052 2863 1209 2926 Fabricius
1241 2883 1320 2928 con-

195 2973 325 3050 junctim
346 2974 532 3055 seripserunt
551 2972 627 3058 Περὶ
648 2972 763 3056 διαίτης
781 2972 802 3056 ἢ
819 2972 999 3056 διαιτητικὸν
1020 2969 1040 3054 ἦ
1060 2969 1174 3055 ἰητρικὴ
1197 2971 1320 3054 γνώμη.

286 3083 343 3160 56)
365 3077 466 3144 Αἰτίαι
484 3082 553 3166 περὶ
575 3080 740 3166 ἀκαιριέων
763 3080 813 3144 καὶ
836 3077 1029 3164 ἐπικαιριέων
1049 3079 1156 3158 (vulgo
1169 3077 1320 3161 ἀκαιριῶν

204 3195 235 3250 et
258 3186 458 3272 ἐπικαιριῶν).

286 3297 358 3358 XV.
403 3301 459 3378 57)
489 3293 564 3380 Περὶ
597 3296 746 3381 γεωργίης
771 3296 791 3379 ἦ
823 3293 999 3379 γεωργικόν.
1054 3296 1099 3357 lta
1129 3294 1206 3356 bene
1234 3292 1320 3356 bunc

199 3403 318 3466 titulum
339 3407 536 3469 emendarunt
556 3405 712 3484 Menapios
736 3412 767 3468 et
785 3411 854 3467 ente
874 3423 942 3466 eum
954 3403 1106 3466 Meursius
1122 3403 1154 3464 in
1172 3401 1318 3464 Biblioth.

202 3512 328 3574 Graeca.
371 3514 460 3577 Ferri
482 3515 561 3578 enim
583 3533 645 3576 non
667 3519 787 3594 poterat
814 3512 934 3594 volgato
964 3511 1115 3592 scripture
1133 3509 1205 3594 crept
1221 3529 1320 3594 γεωρ-

198 3618 308 3702 γίηςῆ
341 3619 561 3706 Γεωμετρικόν.
613 3619 781 3682 Democriti
810 3620 848 3681 de
881 3639 914 3680 re
941 3620 1054 3682 rustice
1076 3639 1156 3702 opus
1183 3616 1319 3679 lectione

201 3727 356 3806 cognitum
382 3728 477 3790 luisse
504 3729 651 3806 Varroni,
678 3726 877 3804 Columellas,
904 3725 1053 3803 Palladio,
1078 3725 1216 3806 plurimis
1236 3724 1318 3788 locis

200 3835 272 3898 lieet
294 3836 465 3900 ostendere.
513 3837 554 3900 At
580 3839 708 3900 fortasse
735 3836 861 3900 Palladii
885 3843 981 3898 aetate
1003 3854 1064 3896 non
1081 3835 1144 3912 jam
1167 3836 1320 3913 integrum

205 3965 286 4024 opus
307 3951 472 4026 snpererat,
494 3947 549 4008 sed
570 3952 712 4026 excerpta
733 3945 882 4028 quaedam
901 3944 1075 4038 terebantur
1094 3942 1321 4024 Georgicorum

203 4055 329 4134 corpori
351 4055 441 4119 alicui
461 4055 581 4118 inserta
627 4056 718 4138 Quod
740 4053 767 4118 si
788 4073 894 4116 verum
914 4058 975 4130 est,
1001 4052 1191 4134 singulorum
1224 4051 1262 4112 de
1286 4069 1320 4111 re

203 4161 316 4224 rustica
339 4163 522 4243 scriptorum
548 4160 628 4224 dicta
649 4168 679 4224 et
703 4168 867 4243 praecepta
891 4161 984 4243 peulo
1005 4160 1124 4242 plenius
1145 4159 1188 4221 ibi
1208 4156 1320 4220 tradite

202 4269 295 4332 luisse
316 4278 446 4351 oportet,
476 4289 565 4351 quam
596 4270 626 4331 in
646 4269 832 4350 Geoponicis
857 4287 934 4351 quse
955 4269 1074 4330 decimo
1093 4268 1216 4330 saeculo
1237 4267 1338 4330 Gon-⁴
