<?xml version="1.0" encoding="UTF-8"?>
<!DOCTYPE html PUBLIC "-//W3C//DTD XHTML 1.0 Transitional//EN"
    "http://www.w3.org/TR/xhtml1/DTD/xhtml1-transitional.dtd">
<html xmlns="http://www.w3.org/1999/xhtml" xml:lang="en" lang="en">
 <head>
  <title>
</title>
<meta http-equiv="Content-Type" content="text/html;charset=utf-8" />
  <meta name='ocr-system' content='tesseract 3.04.00' />
  <meta name='ocr-capabilities' content='ocr_page ocr_carea ocr_par ocr_line ocrx_word'/>
</head>
<body>
  <div class='ocr_page' id='page_1' title='image "./democritiabderi00mullgoog_0271.png"; bbox 0 0 2984 4876; ppageno 0'>
   <div class='ocr_carea' id='block_1_1' title="bbox 296 305 1074 372">
    <p class='ocr_par' dir='ltr' id='par_1_1' title="bbox 296 305 1074 372">
     <span class='ocr_line' id='line_1_1' title="bbox 296 305 1074 372; baseline 0.003 -12"><span class='ocrx_word' id='word_1_1' title='bbox 296 307 362 372; x_wconf 57' lang='lat' dir='ltr'>wo</span> <span class='ocrx_word' id='word_1_2' title='bbox 619 306 816 369; x_wconf 66' lang='lat' dir='ltr'>Quaestionum</span> <span class='ocrx_word' id='word_1_3' title='bbox 840 305 1074 362; x_wconf 74' lang='lat' dir='ltr'><strong>Democriteum</strong></span> 
     </span>
    </p>
   </div>
   <div class='ocr_carea' id='block_1_2' title="bbox 295 469 1398 1530">
    <p class='ocr_par' dir='ltr' id='par_1_2' title="bbox 295 469 1398 1530">
     <span class='ocr_line' id='line_1_2' title="bbox 297 469 1394 560; baseline -0.001 -21"><span class='ocrx_word' id='word_1_4' title='bbox 297 474 442 560; x_wconf 71' lang='grc' dir='ltr'>ίιηρασίαν</span> <span class='ocrx_word' id='word_1_5' title='bbox 464 469 693 557; x_wconf 83' lang='grc' dir='ltr'>ἀνατρέχουσαν</span> <span class='ocrx_word' id='word_1_6' title='bbox 717 470 752 535; x_wconf 76' lang='grc' dir='ltr'>ἐν</span> <span class='ocrx_word' id='word_1_7' title='bbox 771 473 825 554; x_wconf 79' lang='grc' dir='ltr'>τῆς</span> <span class='ocrx_word' id='word_1_8' title='bbox 846 469 1006 555; x_wconf 72' lang='grc' dir='ltr'>θαλάσσης</span> <span class='ocrx_word' id='word_1_9' title='bbox 1024 470 1146 558; x_wconf 78' lang='grc' dir='ltr'>τρέφειν</span> <span class='ocrx_word' id='word_1_10' title='bbox 1165 473 1203 538; x_wconf 78' lang='grc' dir='ltr'>τὰ</span> <span class='ocrx_word' id='word_1_11' title='bbox 1225 476 1314 559; x_wconf 76' lang='lat' dir='ltr'><strong>porci.</strong></span> <span class='ocrx_word' id='word_1_12' title='bbox 1340 473 1394 538; x_wconf 76' lang='grc' dir='ltr'>Καὶ</span> 
     </span>
     <span class='ocr_line' id='line_1_3' title="bbox 298 577 1394 666; baseline 0.001 -20"><span class='ocrx_word' id='word_1_13' title='bbox 298 584 328 646; x_wconf 89' lang='lat' dir='ltr'>oi</span> <span class='ocrx_word' id='word_1_14' title='bbox 347 583 512 646; x_wconf 75' lang='grc' dir='ltr'>θαλάσσιοι</span> <span class='ocrx_word' id='word_1_15' title='bbox 535 581 570 644; x_wconf 76' lang='grc' dir='ltr'>δὲ</span> <span class='ocrx_word' id='word_1_16' title='bbox 593 579 701 663; x_wconf 82' lang='grc' dir='ltr'>ἄνεμοι</span> <span class='ocrx_word' id='word_1_17' title='bbox 728 583 794 648; x_wconf 84' lang='grc' dir='ltr'>ταῖς</span> <span class='ocrx_word' id='word_1_18' title='bbox 816 577 966 663; x_wconf 80' lang='grc' dir='ltr'>ἀμπέλοις</span> <span class='ocrx_word' id='word_1_19' title='bbox 986 579 1044 643; x_wconf 77' lang='lat' dir='ltr'><strong>eici</strong></span> <span class='ocrx_word' id='word_1_20' title='bbox 1065 584 1304 666; x_wconf 81' lang='grc' dir='ltr'>χρησιμώτατοι.</span> <span class='ocrx_word' id='word_1_21' title='bbox 1347 583 1394 646; x_wconf 78' lang='grc' dir='ltr'>Λυ-</span> 
     </span>
     <span class='ocr_line' id='line_1_4' title="bbox 296 687 1394 776; baseline 0 -22"><span class='ocrx_word' id='word_1_22' title='bbox 296 693 347 754; x_wconf 86' lang='grc' dir='ltr'>ιιεῒ</span> <span class='ocrx_word' id='word_1_23' title='bbox 373 689 408 752; x_wconf 76' lang='grc' dir='ltr'>δὲ</span> <span class='ocrx_word' id='word_1_24' title='bbox 439 693 503 759; x_wconf 83' lang='grc' dir='ltr'>τοῖς</span> <span class='ocrx_word' id='word_1_25' title='bbox 530 690 659 756; x_wconf 87' lang='grc' dir='ltr'>πολλοῖς</span> <span class='ocrx_word' id='word_1_26' title='bbox 687 687 826 770; x_wconf 80' lang='grc' dir='ltr'>ποταμὸν</span> <span class='ocrx_word' id='word_1_27' title='bbox 852 687 972 769; x_wconf 73' lang='grc' dir='ltr'>γείτονα</span> <span class='ocrx_word' id='word_1_28' title='bbox 1000 689 1051 752; x_wconf 81' lang='grc' dir='ltr'>καί</span> <span class='ocrx_word' id='word_1_29' title='bbox 1081 691 1199 772; x_wconf 82' lang='grc' dir='ltr'>μᾶλλον</span> <span class='ocrx_word' id='word_1_30' title='bbox 1230 691 1331 776; x_wconf 81' lang='grc' dir='ltr'>ἑλώδη</span> <span class='ocrx_word' id='word_1_31' title='bbox 1361 691 1394 774; x_wconf 78' lang='grc' dir='ltr'>μὴ</span> 
     </span>
     <span class='ocr_line' id='line_1_5' title="bbox 297 793 1395 884; baseline 0 -22"><span class='ocrx_word' id='word_1_32' title='bbox 297 795 379 884; x_wconf 84' lang='grc' dir='ltr'>ἔχειν</span> <span class='ocrx_word' id='word_1_33' title='bbox 401 799 453 862; x_wconf 87' lang='grc' dir='ltr'>διά</span> <span class='ocrx_word' id='word_1_34' title='bbox 472 819 505 860; x_wconf 84' lang='grc' dir='ltr'>τε</span> <span class='ocrx_word' id='word_1_35' title='bbox 525 797 578 880; x_wconf 79' lang='grc' dir='ltr'>τὴν</span> <span class='ocrx_word' id='word_1_36' title='bbox 605 793 702 880; x_wconf 79' lang='grc' dir='ltr'>ἀχλὺν</span> <span class='ocrx_word' id='word_1_37' title='bbox 725 795 776 857; x_wconf 83' lang='grc' dir='ltr'>καί</span> <span class='ocrx_word' id='word_1_38' title='bbox 797 795 849 878; x_wconf 77' lang='grc' dir='ltr'>τὴν</span> <span class='ocrx_word' id='word_1_39' title='bbox 873 795 992 881; x_wconf 78' lang='grc' dir='ltr'>ψυχρὰν</span> <span class='ocrx_word' id='word_1_40' title='bbox 1016 794 1125 882; x_wconf 80' lang='grc' dir='ltr'>αὔραν,</span> <span class='ocrx_word' id='word_1_41' title='bbox 1146 798 1331 862; x_wconf 85' lang='grc' dir='ltr'>ἀναπνέοοσι</span> <span class='ocrx_word' id='word_1_42' title='bbox 1347 799 1395 881; x_wconf 80' lang='grc' dir='ltr'>ηάρ</span> 
     </span>
     <span class='ocr_line' id='line_1_6' title="bbox 297 901 1396 990; baseline 0 -22"><span class='ocrx_word' id='word_1_43' title='bbox 297 905 438 969; x_wconf 76' lang='grc' dir='ltr'>ἐντεῦθεν</span> <span class='ocrx_word' id='word_1_44' title='bbox 460 907 611 988; x_wconf 84' lang='grc' dir='ltr'>συνεχῶς·</span> <span class='ocrx_word' id='word_1_45' title='bbox 634 901 684 966; x_wconf 80' lang='grc' dir='ltr'>καί</span> <span class='ocrx_word' id='word_1_46' title='bbox 703 902 932 966; x_wconf 78' lang='grc' dir='ltr'>συνεπίστανται</span> <span class='ocrx_word' id='word_1_47' title='bbox 954 902 1103 990; x_wconf 78' lang='grc' dir='ltr'>ἐρυσίβαι,</span> <span class='ocrx_word' id='word_1_48' title='bbox 1123 906 1179 989; x_wconf 79' lang='grc' dir='ltr'>τὴν</span> <span class='ocrx_word' id='word_1_49' title='bbox 1203 904 1339 989; x_wconf 83' lang='grc' dir='ltr'>ἄμπελον</span> <span class='ocrx_word' id='word_1_50' title='bbox 1355 907 1396 969; x_wconf 80' lang='grc' dir='ltr'>καί</span> 
     </span>
     <span class='ocr_line' id='line_1_7' title="bbox 295 1010 1396 1100; baseline -0.002 -23"><span class='ocrx_word' id='word_1_51' title='bbox 295 1012 334 1078; x_wconf 87' lang='grc' dir='ltr'>τά</span> <span class='ocrx_word' id='word_1_52' title='bbox 357 1010 491 1097; x_wconf 84' lang='grc' dir='ltr'>σπάριμα</span> <span class='ocrx_word' id='word_1_53' title='bbox 516 1010 802 1094; x_wconf 82' lang='grc' dir='ltr'>καταβλάπτουσαι,</span> <span class='ocrx_word' id='word_1_54' title='bbox 829 1011 880 1074; x_wconf 85' lang='grc' dir='ltr'>καὶ</span> <span class='ocrx_word' id='word_1_55' title='bbox 903 1012 1054 1096; x_wconf 84' lang='grc' dir='ltr'>βλαβερὸν</span> <span class='ocrx_word' id='word_1_56' title='bbox 1079 1013 1131 1076; x_wconf 77' lang='grc' dir='ltr'>τον</span> <span class='ocrx_word' id='word_1_57' title='bbox 1153 1013 1233 1100; x_wconf 89' lang='grc' dir='ltr'>ἀέρα</span> <span class='ocrx_word' id='word_1_58' title='bbox 1253 1019 1396 1078; x_wconf 85' lang='grc' dir='ltr'>ποιοῦσαι.</span> 
     </span>
     <span class='ocr_line' id='line_1_8' title="bbox 297 1115 1398 1206; baseline -0.004 -20"><span class='ocrx_word' id='word_1_59' title='bbox 297 1121 352 1186; x_wconf 84' lang='grc' dir='ltr'>Διὸ</span> <span class='ocrx_word' id='word_1_60' title='bbox 376 1121 426 1184; x_wconf 79' lang='grc' dir='ltr'>δεῖ</span> <span class='ocrx_word' id='word_1_61' title='bbox 452 1119 605 1202; x_wconf 75' lang='grc' dir='ltr'>ἐπιμελῶς</span> <span class='ocrx_word' id='word_1_62' title='bbox 632 1115 668 1180; x_wconf 78' lang='grc' dir='ltr'>τὰ</span> <span class='ocrx_word' id='word_1_63' title='bbox 698 1118 754 1201; x_wconf 84' lang='grc' dir='ltr'>έλη</span> <span class='ocrx_word' id='word_1_64' title='bbox 780 1119 858 1182; x_wconf 79' lang='grc' dir='ltr'>κατὰ</span> <span class='ocrx_word' id='word_1_65' title='bbox 888 1120 922 1182; x_wconf 79' lang='grc' dir='ltr'>τὸ</span> <span class='ocrx_word' id='word_1_66' title='bbox 946 1119 1072 1182; x_wconf 80' lang='grc' dir='ltr'>δυνατὸν</span> <span class='ocrx_word' id='word_1_67' title='bbox 1092 1126 1274 1206; x_wconf 85' lang='grc' dir='ltr'>περιαιρεῖν,</span> <span class='ocrx_word' id='word_1_68' title='bbox 1296 1123 1398 1185; x_wconf 82' lang='grc' dir='ltr'>εἰδέναι</span> 
     </span>
     <span class='ocr_line' id='line_1_9' title="bbox 297 1226 1396 1315; baseline -0.004 -22"><span class='ocrx_word' id='word_1_69' title='bbox 297 1230 332 1293; x_wconf 77' lang='grc' dir='ltr'>δὲ</span> <span class='ocrx_word' id='word_1_70' title='bbox 360 1231 433 1315; x_wconf 80' lang='grc' dir='ltr'>χρη,</span> <span class='ocrx_word' id='word_1_71' title='bbox 461 1227 507 1291; x_wconf 84' lang='grc' dir='ltr'>ὅτι</span> <span class='ocrx_word' id='word_1_72' title='bbox 535 1226 606 1290; x_wconf 82' lang='grc' dir='ltr'>ὅσαι</span> <span class='ocrx_word' id='word_1_73' title='bbox 637 1227 825 1312; x_wconf 80' lang='grc' dir='ltr'>βλάπτεσθαι</span> <span class='ocrx_word' id='word_1_74' title='bbox 857 1227 1003 1290; x_wconf 79' lang='grc' dir='ltr'>εἰώθασιν</span> <span class='ocrx_word' id='word_1_75' title='bbox 1032 1226 1168 1310; x_wconf 86' lang='grc' dir='ltr'>ἀμπελοι</span> <span class='ocrx_word' id='word_1_76' title='bbox 1196 1230 1255 1293; x_wconf 83' lang='grc' dir='ltr'>ὑπὸ</span> <span class='ocrx_word' id='word_1_77' title='bbox 1286 1229 1396 1312; x_wconf 82' lang='grc' dir='ltr'>ἀνέρων</span> 
     </span>
     <span class='ocr_line' id='line_1_10' title="bbox 295 1333 1397 1422; baseline -0.004 -22"><span class='ocrx_word' id='word_1_78' title='bbox 295 1336 454 1415; x_wconf 82' lang='grc' dir='ltr'>τοιούτων,</span> <span class='ocrx_word' id='word_1_79' title='bbox 475 1335 495 1419; x_wconf 79' lang='grc' dir='ltr'>ἢ</span> <span class='ocrx_word' id='word_1_80' title='bbox 519 1335 658 1420; x_wconf 82' lang='grc' dir='ltr'>ὁμίχλης,</span> <span class='ocrx_word' id='word_1_81' title='bbox 690 1335 709 1418; x_wconf 80' lang='grc' dir='ltr'><strong>ἣ</strong></span> <span class='ocrx_word' id='word_1_82' title='bbox 737 1333 890 1418; x_wconf 74' lang='grc' dir='ltr'>ἐρυσίβης,</span> <span class='ocrx_word' id='word_1_83' title='bbox 919 1334 1037 1403; x_wconf 84' lang='grc' dir='ltr'>τούτοις</span> <span class='ocrx_word' id='word_1_84' title='bbox 1068 1334 1262 1400; x_wconf 79' lang='grc' dir='ltr'>έπιταῦιῖσαι</span> <span class='ocrx_word' id='word_1_85' title='bbox 1282 1335 1317 1400; x_wconf 86' lang='grc' dir='ltr'>οὐ</span> <span class='ocrx_word' id='word_1_86' title='bbox 1337 1339 1397 1422; x_wconf 85' lang='grc' dir='ltr'>βλα-</span> 
     </span>
     <span class='ocr_line' id='line_1_11' title="bbox 296 1439 1396 1530; baseline -0.002 -24"><span class='ocrx_word' id='word_1_87' title='bbox 296 1445 451 1530; x_wconf 83' lang='grc' dir='ltr'>βήσονται,</span> <span class='ocrx_word' id='word_1_88' title='bbox 474 1441 610 1506; x_wconf 81' lang='grc' dir='ltr'>τουτέστι</span> <span class='ocrx_word' id='word_1_89' title='bbox 631 1442 811 1527; x_wconf 78' lang='grc' dir='ltr'>δενδρίτιδες</span> <span class='ocrx_word' id='word_1_90' title='bbox 831 1439 1002 1524; x_wconf 73' lang='grc' dir='ltr'>γινόμεναι.</span> <span class='ocrx_word' id='word_1_91' title='bbox 1026 1445 1167 1526; x_wconf 85' lang='lat' dir='ltr'><strong>Geopou.</strong></span> <span class='ocrx_word' id='word_1_92' title='bbox 1186 1446 1240 1509; x_wconf 91' lang='lat' dir='ltr'><strong>lib.</strong></span> <span class='ocrx_word' id='word_1_93' title='bbox 1254 1447 1282 1508; x_wconf 94' lang='lat' dir='ltr'>V</span> <span class='ocrx_word' id='word_1_94' title='bbox 1294 1467 1355 1526; x_wconf 88' lang='lat' dir='ltr'><strong>cap.</strong></span> <span class='ocrx_word' id='word_1_95' title='bbox 1366 1446 1396 1504; x_wconf 87' lang='lat' dir='ltr'>V.</span> 
     </span>
    </p>
   </div>
   <div class='ocr_carea' id='block_1_3' title="bbox 295 1572 1397 1874">
    <p class='ocr_par' dir='ltr' id='par_1_3' title="bbox 295 1572 1397 1874">
     <span class='ocr_line' id='line_1_12' title="bbox 380 1572 1396 1662; baseline -0.002 -24"><span class='ocrx_word' id='word_1_96' title='bbox 380 1579 409 1639; x_wconf 90' lang='grc'>6.</span> <span class='ocrx_word' id='word_1_97' title='bbox 453 1573 537 1638; x_wconf 82' lang='grc' dir='ltr'>Φασὶ</span> <span class='ocrx_word' id='word_1_98' title='bbox 558 1573 615 1658; x_wconf 78' lang='grc' dir='ltr'>γὰρ</span> <span class='ocrx_word' id='word_1_99' title='bbox 638 1573 756 1658; x_wconf 82' lang='grc' dir='ltr'>οἱπερὶ</span> <span class='ocrx_word' id='word_1_100' title='bbox 777 1572 967 1657; x_wconf 81' lang='grc' dir='ltr'>Δημόκριτον</span> <span class='ocrx_word' id='word_1_101' title='bbox 997 1575 1048 1638; x_wconf 85' lang='grc' dir='ltr'>καὶ</span> <span class='ocrx_word' id='word_1_102' title='bbox 1066 1573 1268 1662; x_wconf 78' lang='grc' dir='ltr'>Ἀφρικανόν,</span> <span class='ocrx_word' id='word_1_103' title='bbox 1298 1577 1329 1648; x_wconf 77' lang='grc' dir='ltr'>ἓξ</span> <span class='ocrx_word' id='word_1_104' title='bbox 1352 1575 1396 1659; x_wconf 81' lang='grc' dir='ltr'>μί·</span> 
     </span>
     <span class='ocr_line' id='line_1_13' title="bbox 295 1680 1397 1766; baseline -0.003 -21"><span class='ocrx_word' id='word_1_105' title='bbox 295 1704 350 1752; x_wconf 89' lang='grc' dir='ltr'>νας</span> <span class='ocrx_word' id='word_1_106' title='bbox 369 1680 489 1766; x_wconf 76' lang='grc' dir='ltr'>ἡμέρας</span> <span class='ocrx_word' id='word_1_107' title='bbox 520 1682 571 1744; x_wconf 78' lang='grc' dir='ltr'>καί</span> <span class='ocrx_word' id='word_1_108' title='bbox 599 1680 635 1744; x_wconf 83' lang='grc' dir='ltr'>οὐ</span> <span class='ocrx_word' id='word_1_109' title='bbox 656 1682 782 1750; x_wconf 84' lang='grc' dir='ltr'>πλείους</span> <span class='ocrx_word' id='word_1_110' title='bbox 811 1684 915 1750; x_wconf 83' lang='grc' dir='ltr'>καλῶς</span> <span class='ocrx_word' id='word_1_111' title='bbox 942 1682 1095 1766; x_wconf 84' lang='grc' dir='ltr'>διαμένειν</span> <span class='ocrx_word' id='word_1_112' title='bbox 1126 1686 1334 1750; x_wconf 78' lang='grc' dir='ltr'>πεπανθεῖσαν</span> <span class='ocrx_word' id='word_1_113' title='bbox 1353 1684 1397 1766; x_wconf 76' lang='grc' dir='ltr'>τἠν</span> 
     </span>
     <span class='ocr_line' id='line_1_14' title="bbox 296 1790 1021 1874; baseline 0.004 -22"><span class='ocrx_word' id='word_1_114' title='bbox 296 1790 463 1874; x_wconf 77' lang='grc' dir='ltr'>σταφυλήν.</span> <span class='ocrx_word' id='word_1_115' title='bbox 506 1790 645 1870; x_wconf 86' lang='lat' dir='ltr'><strong>Geopon.</strong></span> <span class='ocrx_word' id='word_1_116' title='bbox 664 1790 715 1854; x_wconf 87' lang='lat' dir='ltr'><strong>lib.</strong></span> <span class='ocrx_word' id='word_1_117' title='bbox 735 1793 764 1854; x_wconf 92' lang='lat' dir='ltr'>V</span> <span class='ocrx_word' id='word_1_118' title='bbox 786 1811 851 1872; x_wconf 89' lang='lat' dir='ltr'><strong>cap.</strong></span> <span class='ocrx_word' id='word_1_119' title='bbox 873 1793 971 1868; x_wconf 82' lang='lat' dir='ltr'><strong>XLV,</strong></span> <span class='ocrx_word' id='word_1_120' title='bbox 991 1794 1021 1855; x_wconf 73' lang='lat'>2.</span> 
     </span>
    </p>
   </div>
   <div class='ocr_carea' id='block_1_4' title="bbox 295 1918 1397 2329">
    <p class='ocr_par' dir='ltr' id='par_1_4' title="bbox 295 1918 1397 2329">
     <span class='ocr_line' id='line_1_15' title="bbox 379 1918 1395 2008; baseline -0.001 -24"><span class='ocrx_word' id='word_1_121' title='bbox 379 1925 408 1986; x_wconf 89' lang='grc'>7.</span> <span class='ocrx_word' id='word_1_122' title='bbox 453 1918 641 2004; x_wconf 83' lang='grc' dir='ltr'>Δημόκριτος</span> <span class='ocrx_word' id='word_1_123' title='bbox 661 1921 696 1984; x_wconf 82' lang='grc' dir='ltr'>δέ</span> <span class='ocrx_word' id='word_1_124' title='bbox 718 1946 803 2008; x_wconf 83' lang='grc' dir='ltr'>φησι,</span> <span class='ocrx_word' id='word_1_125' title='bbox 824 1921 909 2008; x_wconf 72' lang='lat' dir='ltr'><strong>potia</strong></span> <span class='ocrx_word' id='word_1_126' title='bbox 932 1923 982 1986; x_wconf 84' lang='grc' dir='ltr'>καὶ</span> <span class='ocrx_word' id='word_1_127' title='bbox 1008 1924 1150 2008; x_wconf 84' lang='grc' dir='ltr'>μυρσίνην</span> <span class='ocrx_word' id='word_1_128' title='bbox 1175 1925 1324 2008; x_wconf 76' lang='grc' dir='ltr'>ἀλλήλαις</span> <span class='ocrx_word' id='word_1_129' title='bbox 1341 1922 1395 2008; x_wconf 81' lang='grc' dir='ltr'>χαί-</span> 
     </span>
     <span class='ocr_line' id='line_1_16' title="bbox 297 2027 1397 2119; baseline -0.002 -29"><span class='ocrx_word' id='word_1_130' title='bbox 297 2050 370 2113; x_wconf 90' lang='grc' dir='ltr'>ρειν,</span> <span class='ocrx_word' id='word_1_131' title='bbox 400 2029 450 2092; x_wconf 84' lang='grc' dir='ltr'>καλ</span> <span class='ocrx_word' id='word_1_132' title='bbox 476 2027 605 2111; x_wconf 84' lang='grc' dir='ltr'>πλησίον</span> <span class='ocrx_word' id='word_1_133' title='bbox 634 2028 778 2115; x_wconf 80' lang='grc' dir='ltr'>ἀλλήλων</span> <span class='ocrx_word' id='word_1_134' title='bbox 806 2030 1123 2114; x_wconf 77' lang='grc' dir='ltr'>παραπερυτευμένας</span> <span class='ocrx_word' id='word_1_135' title='bbox 1151 2033 1334 2119; x_wconf 76' lang='grc' dir='ltr'>εὐφορήσειν</span> <span class='ocrx_word' id='word_1_136' title='bbox 1355 2029 1397 2091; x_wconf 82' lang='grc' dir='ltr'>καὶ</span> 
     </span>
     <span class='ocr_line' id='line_1_17' title="bbox 295 2133 1396 2224; baseline -0.002 -26"><span class='ocrx_word' id='word_1_137' title='bbox 295 2135 349 2204; x_wconf 87' lang='grc' dir='ltr'>τάς</span> <span class='ocrx_word' id='word_1_138' title='bbox 378 2134 462 2220; x_wconf 73' lang='grc' dir='ltr'>ῥίζας</span> <span class='ocrx_word' id='word_1_139' title='bbox 489 2133 637 2219; x_wconf 73' lang='grc' dir='ltr'>ἀλλήλαις</span> <span class='ocrx_word' id='word_1_140' title='bbox 666 2137 866 2220; x_wconf 85' lang='grc' dir='ltr'>συμπλέκειν,</span> <span class='ocrx_word' id='word_1_141' title='bbox 892 2136 946 2222; x_wconf 76' lang='grc' dir='ltr'>κᾷν</span> <span class='ocrx_word' id='word_1_142' title='bbox 978 2139 1018 2222; x_wconf 83' lang='grc' dir='ltr'>μὴ</span> <span class='ocrx_word' id='word_1_143' title='bbox 1049 2138 1172 2224; x_wconf 78' lang='grc' dir='ltr'>σφόδρα</span> <span class='ocrx_word' id='word_1_144' title='bbox 1204 2140 1291 2224; x_wconf 70' lang='grc' dir='ltr'>ἐγγὺς</span> <span class='ocrx_word' id='word_1_145' title='bbox 1317 2135 1396 2201; x_wconf 80' lang='grc' dir='ltr'>οὖσαι</span> 
     </span>
     <span class='ocr_line' id='line_1_18' title="bbox 295 2244 1084 2329; baseline 0.004 -23"><span class='ocrx_word' id='word_1_146' title='bbox 295 2245 478 2329; x_wconf 69' lang='grc' dir='ltr'>τυγχάνωσι.</span> <span class='ocrx_word' id='word_1_147' title='bbox 522 2244 661 2326; x_wconf 87' lang='lat' dir='ltr'><strong>Geopou.</strong></span> <span class='ocrx_word' id='word_1_148' title='bbox 686 2245 736 2308; x_wconf 88' lang='lat' dir='ltr'><strong>lib.</strong></span> <span class='ocrx_word' id='word_1_149' title='bbox 758 2248 792 2307; x_wconf 94' lang='lat' dir='ltr'><em>X</em></span> <span class='ocrx_word' id='word_1_150' title='bbox 821 2267 886 2327; x_wconf 88' lang='lat' dir='ltr'><strong>cap.</strong></span> <span class='ocrx_word' id='word_1_151' title='bbox 908 2249 1034 2323; x_wconf 73' lang='lat' dir='ltr'><strong>XXIX,</strong></span> <span class='ocrx_word' id='word_1_152' title='bbox 1056 2249 1084 2309; x_wconf 82' lang='lat'>5.</span> 
     </span>
    </p>
   </div>
   <div class='ocr_carea' id='block_1_5' title="bbox 379 2374 1396 2463">
    <p class='ocr_par' dir='ltr' id='par_1_5' title="bbox 379 2374 1396 2463">
     <span class='ocr_line' id='line_1_19' title="bbox 379 2374 1396 2463; baseline -0.005 -22"><span class='ocrx_word' id='word_1_153' title='bbox 379 2379 409 2441; x_wconf 87' lang='grc'>8.</span> <span class='ocrx_word' id='word_1_154' title='bbox 451 2374 641 2461; x_wconf 80' lang='grc' dir='ltr'>Δημόκριτος</span> <span class='ocrx_word' id='word_1_155' title='bbox 667 2375 703 2440; x_wconf 88' lang='grc' dir='ltr'>δέ</span> <span class='ocrx_word' id='word_1_156' title='bbox 724 2399 825 2463; x_wconf 84' lang='grc' dir='ltr'>φησιν,</span> <span class='ocrx_word' id='word_1_157' title='bbox 854 2382 897 2448; x_wconf 82' lang='grc' dir='ltr'>ὡς</span> <span class='ocrx_word' id='word_1_158' title='bbox 916 2377 1041 2442; x_wconf 72' lang='grc' dir='ltr'>ἔνδοθεν</span> <span class='ocrx_word' id='word_1_159' title='bbox 1065 2381 1119 2442; x_wconf 83' lang='grc' dir='ltr'>τοῦ</span> <span class='ocrx_word' id='word_1_160' title='bbox 1142 2377 1269 2463; x_wconf 78' lang='grc' dir='ltr'>ὓριηιιοῠ</span> <span class='ocrx_word' id='word_1_161' title='bbox 1286 2379 1336 2462; x_wconf 79' lang='grc' dir='ltr'>την</span> <span class='ocrx_word' id='word_1_162' title='bbox 1356 2397 1396 2438; x_wconf 81' lang='lat' dir='ltr'>ao·</span> 
     </span>
    </p>
   </div>
   <div class='ocr_carea' id='block_1_6' title="bbox 296 2667 1396 3593">
    <p class='ocr_par' dir='ltr' id='par_1_6' title="bbox 296 2667 1396 3593">
     <span class='ocr_line' id='line_1_20' title="bbox 296 2667 1395 2751; baseline -0.005 -20"><span class='ocrx_word' id='word_1_163' title='bbox 296 2669 397 2731; x_wconf 78' lang='lat' dir='ltr'><strong>nutrit</strong></span> <span class='ocrx_word' id='word_1_164' title='bbox 441 2669 502 2732; x_wconf 80' lang='lat' dir='ltr'><strong>Sed</strong></span> <span class='ocrx_word' id='word_1_165' title='bbox 533 2675 563 2730; x_wconf 81' lang='lat' dir='ltr'><strong>et</strong></span> <span class='ocrx_word' id='word_1_166' title='bbox 591 2669 673 2731; x_wconf 74' lang='lat' dir='ltr'><strong>venti</strong></span> <span class='ocrx_word' id='word_1_167' title='bbox 703 2668 810 2731; x_wconf 88' lang='lat' dir='ltr'><strong>marini</strong></span> <span class='ocrx_word' id='word_1_168' title='bbox 836 2668 946 2732; x_wconf 88' lang='lat' dir='ltr'><strong>vitibus</strong></span> <span class='ocrx_word' id='word_1_169' title='bbox 979 2676 1049 2733; x_wconf 84' lang='lat' dir='ltr'><strong>sunt</strong></span> <span class='ocrx_word' id='word_1_170' title='bbox 1076 2671 1224 2751; x_wconf 80' lang='lat' dir='ltr'><strong>imprimis</strong></span> <span class='ocrx_word' id='word_1_171' title='bbox 1249 2667 1395 2733; x_wconf 87' lang='lat' dir='ltr'><strong>commodi.</strong></span> 
     </span>
     <span class='ocr_line' id='line_1_21' title="bbox 296 2775 1396 2858; baseline -0.002 -20"><span class='ocrx_word' id='word_1_172' title='bbox 296 2775 452 2858; x_wconf 87' lang='lat' dir='ltr'><strong>Plerisque</strong></span> <span class='ocrx_word' id='word_1_173' title='bbox 468 2775 568 2857; x_wconf 85' lang='lat' dir='ltr'><strong>plecct</strong></span> <span class='ocrx_word' id='word_1_174' title='bbox 588 2776 711 2840; x_wconf 83' lang='lat' dir='ltr'><strong>fluvium</strong></span> <span class='ocrx_word' id='word_1_175' title='bbox 731 2776 863 2839; x_wconf 87' lang='lat' dir='ltr'><strong>vicinum</strong></span> <span class='ocrx_word' id='word_1_176' title='bbox 884 2797 946 2840; x_wconf 88' lang='lat' dir='ltr'>non</span> <span class='ocrx_word' id='word_1_177' title='bbox 973 2798 1040 2841; x_wconf 89' lang='lat' dir='ltr'><strong>esse</strong></span> <span class='ocrx_word' id='word_1_178' title='bbox 1062 2779 1235 2858; x_wconf 86' lang='lat' dir='ltr'><strong>habendum</strong></span> <span class='ocrx_word' id='word_1_179' title='bbox 1255 2779 1396 2858; x_wconf 87' lang='lat' dir='ltr'><strong>multoque</strong></span> 
     </span>
     <span class='ocr_line' id='line_1_22' title="bbox 296 2883 1395 2967; baseline -0.003 -21"><span class='ocrx_word' id='word_1_180' title='bbox 296 2885 394 2947; x_wconf 88' lang='lat' dir='ltr'><strong>minus</strong></span> <span class='ocrx_word' id='word_1_181' title='bbox 416 2884 565 2966; x_wconf 76' lang='lat' dir='ltr'>paludem,</span> <span class='ocrx_word' id='word_1_182' title='bbox 586 2891 616 2946; x_wconf 88' lang='lat' dir='ltr'><strong>et</strong></span> <span class='ocrx_word' id='word_1_183' title='bbox 646 2884 686 2947; x_wconf 92' lang='lat' dir='ltr'>ob</span> <span class='ocrx_word' id='word_1_184' title='bbox 707 2883 833 2946; x_wconf 75' lang='lat' dir='ltr'><strong>nebulas</strong></span> <span class='ocrx_word' id='word_1_185' title='bbox 861 2889 891 2946; x_wconf 87' lang='lat' dir='ltr'><strong>et</strong></span> <span class='ocrx_word' id='word_1_186' title='bbox 911 2885 951 2946; x_wconf 93' lang='lat' dir='ltr'>ob</span> <span class='ocrx_word' id='word_1_187' title='bbox 974 2885 1097 2966; x_wconf 82' lang='lat' dir='ltr'><strong>frigidas</strong></span> <span class='ocrx_word' id='word_1_188' title='bbox 1117 2906 1217 2967; x_wconf 86' lang='lat' dir='ltr'><strong>auras,</strong></span> <span class='ocrx_word' id='word_1_189' title='bbox 1240 2887 1309 2950; x_wconf 88' lang='lat' dir='ltr'><strong>inde</strong></span> <span class='ocrx_word' id='word_1_190' title='bbox 1327 2884 1395 2947; x_wconf 89' lang='lat' dir='ltr'><strong>enim</strong></span> 
     </span>
     <span class='ocr_line' id='line_1_23' title="bbox 296 2991 1395 3075; baseline -0.003 -21"><span class='ocrx_word' id='word_1_191' title='bbox 296 2993 417 3055; x_wconf 81' lang='lat' dir='ltr'>assidue</span> <span class='ocrx_word' id='word_1_192' title='bbox 437 2991 566 3073; x_wconf 79' lang='lat' dir='ltr'><strong>spirant:</strong></span> <span class='ocrx_word' id='word_1_193' title='bbox 597 2991 746 3075; x_wconf 89' lang='lat' dir='ltr'><strong>simulque</strong></span> <span class='ocrx_word' id='word_1_194' title='bbox 775 2991 910 3072; x_wconf 77' lang='lat' dir='ltr'>exsurgit</span> <span class='ocrx_word' id='word_1_195' title='bbox 939 2995 1049 3074; x_wconf 82' lang='lat' dir='ltr'>robigo</span> <span class='ocrx_word' id='word_1_196' title='bbox 1076 2995 1167 3058; x_wconf 88' lang='lat' dir='ltr'><strong>vitem</strong></span> <span class='ocrx_word' id='word_1_197' title='bbox 1196 3005 1229 3060; x_wconf 88' lang='lat' dir='ltr'><strong>et</strong></span> <span class='ocrx_word' id='word_1_198' title='bbox 1254 3003 1317 3060; x_wconf 81' lang='lat' dir='ltr'><strong>sata</strong></span> <span class='ocrx_word' id='word_1_199' title='bbox 1343 2993 1395 3054; x_wconf 86' lang='lat' dir='ltr'><strong>lae·</strong></span> 
     </span>
     <span class='ocr_line' id='line_1_24' title="bbox 297 3099 1395 3186; baseline -0.004 -24"><span class='ocrx_word' id='word_1_200' title='bbox 297 3100 371 3162; x_wconf 90' lang='lat' dir='ltr'><strong>dens</strong></span> <span class='ocrx_word' id='word_1_201' title='bbox 392 3106 422 3161; x_wconf 88' lang='lat' dir='ltr'><strong>et</strong></span> <span class='ocrx_word' id='word_1_202' title='bbox 441 3099 564 3162; x_wconf 86' lang='lat' dir='ltr'><strong>noxium</strong></span> <span class='ocrx_word' id='word_1_203' title='bbox 591 3103 691 3162; x_wconf 85' lang='lat' dir='ltr'><strong>a&#39;e&#39;rem</strong></span> <span class='ocrx_word' id='word_1_204' title='bbox 720 3100 859 3162; x_wconf 89' lang='lat' dir='ltr'><strong>reddens.</strong></span> <span class='ocrx_word' id='word_1_205' title='bbox 911 3104 1108 3183; x_wconf 79' lang='lat' dir='ltr'><strong>Quapropter</strong></span> <span class='ocrx_word' id='word_1_206' title='bbox 1128 3113 1252 3183; x_wconf 82' lang='lat' dir='ltr'><strong>oportet</strong></span> <span class='ocrx_word' id='word_1_207' title='bbox 1272 3099 1395 3186; x_wconf 80' lang='lat' dir='ltr'><strong>paludes,</strong></span> 
     </span>
     <span class='ocr_line' id='line_1_25' title="bbox 296 3207 1394 3290; baseline 0.001 -22"><span class='ocrx_word' id='word_1_208' title='bbox 296 3211 439 3289; x_wconf 79' lang='lat' dir='ltr'><strong>quantum</strong></span> <span class='ocrx_word' id='word_1_209' title='bbox 458 3207 522 3268; x_wconf 86' lang='lat' dir='ltr'><strong>fieri</strong></span> <span class='ocrx_word' id='word_1_210' title='bbox 540 3213 649 3286; x_wconf 88' lang='lat' dir='ltr'><strong>potest,</strong></span> <span class='ocrx_word' id='word_1_211' title='bbox 671 3207 829 3287; x_wconf 83' lang='lat' dir='ltr'><strong>diligenter</strong></span> <span class='ocrx_word' id='word_1_212' title='bbox 841 3209 1036 3272; x_wconf 77' lang='lat' dir='ltr'><strong>circumcirca</strong></span> <span class='ocrx_word' id='word_1_213' title='bbox 1057 3209 1131 3287; x_wconf 86' lang='lat' dir='ltr'><strong>tolli,</strong></span> <span class='ocrx_word' id='word_1_214' title='bbox 1150 3221 1308 3290; x_wconf 90' lang='lat' dir='ltr'><strong>praeterea</strong></span> <span class='ocrx_word' id='word_1_215' title='bbox 1326 3207 1394 3272; x_wconf 82' lang='lat' dir='ltr'><strong>scire</strong></span> 
     </span>
     <span class='ocr_line' id='line_1_26' title="bbox 297 3313 1394 3396; baseline 0 -23"><span class='ocrx_word' id='word_1_216' title='bbox 297 3313 425 3392; x_wconf 76' lang='lat' dir='ltr'><strong>expedit,</strong></span> <span class='ocrx_word' id='word_1_217' title='bbox 447 3333 643 3396; x_wconf 90' lang='lat' dir='ltr'><strong>quaecunque</strong></span> <span class='ocrx_word' id='word_1_218' title='bbox 670 3313 747 3376; x_wconf 86' lang='lat' dir='ltr'><strong>vites</strong></span> <span class='ocrx_word' id='word_1_219' title='bbox 776 3316 873 3379; x_wconf 86' lang='lat' dir='ltr'><strong>ventis</strong></span> <span class='ocrx_word' id='word_1_220' title='bbox 894 3317 1053 3394; x_wconf 89' lang='lat' dir='ltr'><strong>ejusmodi,</strong></span> <span class='ocrx_word' id='word_1_221' title='bbox 1074 3324 1126 3380; x_wconf 90' lang='lat' dir='ltr'>aut</span> <span class='ocrx_word' id='word_1_222' title='bbox 1145 3319 1265 3396; x_wconf 85' lang='lat' dir='ltr'><strong>nebula,</strong></span> <span class='ocrx_word' id='word_1_223' title='bbox 1286 3324 1336 3380; x_wconf 85' lang='lat' dir='ltr'>aot</span> <span class='ocrx_word' id='word_1_224' title='bbox 1353 3333 1394 3374; x_wconf 92' lang='lat' dir='ltr'>ro-</span> 
     </span>
     <span class='ocr_line' id='line_1_27' title="bbox 296 3419 1394 3505; baseline 0 -25"><span class='ocrx_word' id='word_1_225' title='bbox 296 3419 396 3500; x_wconf 78' lang='lat' dir='ltr'><strong>bigine</strong></span> <span class='ocrx_word' id='word_1_226' title='bbox 416 3420 495 3483; x_wconf 86' lang='lat' dir='ltr'><strong>iaedi</strong></span> <span class='ocrx_word' id='word_1_227' title='bbox 515 3422 733 3499; x_wconf 81' lang='lat' dir='ltr'><strong>consueverint,</strong></span> <span class='ocrx_word' id='word_1_228' title='bbox 753 3423 898 3486; x_wconf 87' lang='lat' dir='ltr'><strong>adversus</strong></span> <span class='ocrx_word' id='word_1_229' title='bbox 919 3425 976 3488; x_wconf 87' lang='lat' dir='ltr'><strong>ista</strong></span> <span class='ocrx_word' id='word_1_230' title='bbox 997 3433 1140 3505; x_wconf 84' lang='lat' dir='ltr'><strong>extentas,</strong></span> <span class='ocrx_word' id='word_1_231' title='bbox 1163 3427 1194 3489; x_wconf 92' lang='lat' dir='ltr'>id</span> <span class='ocrx_word' id='word_1_232' title='bbox 1217 3435 1271 3505; x_wconf 89' lang='lat' dir='ltr'><strong>est,</strong></span> <span class='ocrx_word' id='word_1_233' title='bbox 1292 3421 1394 3488; x_wconf 88' lang='lat' dir='ltr'><strong>arbori·</strong></span> 
     </span>
     <span class='ocr_line' id='line_1_28' title="bbox 296 3526 711 3593; baseline 0.014 -6"><span class='ocrx_word' id='word_1_234' title='bbox 296 3526 354 3588; x_wconf 90' lang='lat' dir='ltr'><strong>bus</strong></span> <span class='ocrx_word' id='word_1_235' title='bbox 372 3529 522 3591; x_wconf 86' lang='lat' dir='ltr'><strong>maritatas</strong></span> <span class='ocrx_word' id='word_1_236' title='bbox 540 3547 603 3591; x_wconf 90' lang='lat' dir='ltr'>non</span> <span class='ocrx_word' id='word_1_237' title='bbox 623 3529 711 3593; x_wconf 87' lang='lat' dir='ltr'><strong>iaedi.</strong></span> 
     </span>
    </p>
   </div>
   <div class='ocr_carea' id='block_1_7' title="bbox 296 3660 1393 3853">
    <p class='ocr_par' dir='ltr' id='par_1_7' title="bbox 296 3660 1393 3853">
     <span class='ocr_line' id='line_1_29' title="bbox 379 3660 1393 3745; baseline 0 -22"><span class='ocrx_word' id='word_1_238' title='bbox 379 3662 408 3723; x_wconf 84' lang='lat'>6.</span> <span class='ocrx_word' id='word_1_239' title='bbox 450 3660 543 3738; x_wconf 81' lang='lat' dir='ltr'><strong>Ajuut</strong></span> <span class='ocrx_word' id='word_1_240' title='bbox 568 3663 647 3725; x_wconf 88' lang='lat' dir='ltr'><strong>euim</strong></span> <span class='ocrx_word' id='word_1_241' title='bbox 666 3664 859 3730; x_wconf 79' lang='lat' dir='ltr'><strong>Democritus</strong></span> <span class='ocrx_word' id='word_1_242' title='bbox 881 3673 912 3729; x_wconf 89' lang='lat' dir='ltr'><strong>et</strong></span> <span class='ocrx_word' id='word_1_243' title='bbox 932 3665 1104 3745; x_wconf 76' lang='lat' dir='ltr'><strong>Africanus,</strong></span> <span class='ocrx_word' id='word_1_244' title='bbox 1127 3687 1182 3730; x_wconf 87' lang='lat' dir='ltr'>sex</span> <span class='ocrx_word' id='word_1_245' title='bbox 1203 3673 1315 3730; x_wconf 81' lang='lat' dir='ltr'><strong>tantum</strong></span> <span class='ocrx_word' id='word_1_246' title='bbox 1338 3661 1393 3723; x_wconf 80' lang='lat' dir='ltr'><strong>dies</strong></span> 
     </span>
     <span class='ocr_line' id='line_1_30' title="bbox 296 3767 1126 3853; baseline 0.01 -22"><span class='ocrx_word' id='word_1_247' title='bbox 296 3789 332 3831; x_wconf 87' lang='lat' dir='ltr'>ac</span> <span class='ocrx_word' id='word_1_248' title='bbox 353 3789 414 3830; x_wconf 89' lang='lat' dir='ltr'>nou</span> <span class='ocrx_word' id='word_1_249' title='bbox 432 3767 536 3852; x_wconf 89' lang='lat' dir='ltr'><strong>plures</strong></span> <span class='ocrx_word' id='word_1_250' title='bbox 558 3770 704 3853; x_wconf 78' lang='lat' dir='ltr'><strong>integram</strong></span> <span class='ocrx_word' id='word_1_251' title='bbox 725 3793 847 3837; x_wconf 86' lang='lat' dir='ltr'><strong>manere</strong></span> <span class='ocrx_word' id='word_1_252' title='bbox 863 3793 951 3838; x_wconf 88' lang='lat' dir='ltr'><strong>uvam</strong></span> <span class='ocrx_word' id='word_1_253' title='bbox 971 3779 1126 3839; x_wconf 83' lang='lat' dir='ltr'><strong>maturam.</strong></span> 
     </span>
    </p>
   </div>
   <div class='ocr_carea' id='block_1_8' title="bbox 295 3903 1392 4194">
    <p class='ocr_par' dir='ltr' id='par_1_8' title="bbox 295 3903 1392 4194">
     <span class='ocr_line' id='line_1_31' title="bbox 380 3903 1392 3989; baseline -0.005 -23"><span class='ocrx_word' id='word_1_254' title='bbox 380 3905 409 3966; x_wconf 88' lang='grc'>7.</span> <span class='ocrx_word' id='word_1_255' title='bbox 449 3903 643 3966; x_wconf 89' lang='lat' dir='ltr'><strong>Democritus</strong></span> <span class='ocrx_word' id='word_1_256' title='bbox 663 3905 713 3983; x_wconf 87' lang='lat' dir='ltr'><strong>eit,</strong></span> <span class='ocrx_word' id='word_1_257' title='bbox 738 3907 879 3970; x_wconf 88' lang='lat' dir='ltr'><strong>arborem</strong></span> <span class='ocrx_word' id='word_1_258' title='bbox 908 3905 1048 3988; x_wconf 88' lang='lat' dir='ltr'><strong>punicam</strong></span> <span class='ocrx_word' id='word_1_259' title='bbox 1071 3914 1101 3971; x_wconf 91' lang='lat' dir='ltr'>ct</span> <span class='ocrx_word' id='word_1_260' title='bbox 1121 3914 1253 3989; x_wconf 88' lang='lat' dir='ltr'><strong>myrtum</strong></span> <span class='ocrx_word' id='word_1_261' title='bbox 1276 3903 1392 3967; x_wconf 86' lang='lat' dir='ltr'><strong>invicem</strong></span> 
     </span>
     <span class='ocr_line' id='line_1_32' title="bbox 295 4009 1392 4091; baseline -0.002 -23"><span class='ocrx_word' id='word_1_262' title='bbox 295 4009 428 4087; x_wconf 78' lang='lat' dir='ltr'><strong>gaudere</strong></span> <span class='ocrx_word' id='word_1_263' title='bbox 452 4016 484 4071; x_wconf 89' lang='lat' dir='ltr'><strong>et</strong></span> <span class='ocrx_word' id='word_1_264' title='bbox 506 4011 594 4088; x_wconf 85' lang='lat' dir='ltr'><strong>juxta</strong></span> <span class='ocrx_word' id='word_1_265' title='bbox 619 4013 768 4091; x_wconf 71' lang='lat' dir='ltr'><strong>plantatas</strong></span> <span class='ocrx_word' id='word_1_266' title='bbox 798 4015 899 4078; x_wconf 79' lang='lat' dir='ltr'><strong>fructu</strong></span> <span class='ocrx_word' id='word_1_267' title='bbox 926 4015 1078 4079; x_wconf 82' lang='lat' dir='ltr'><strong>abundare</strong></span> <span class='ocrx_word' id='word_1_268' title='bbox 1103 4036 1139 4079; x_wconf 86' lang='lat' dir='ltr'>ac</span> <span class='ocrx_word' id='word_1_269' title='bbox 1162 4017 1278 4078; x_wconf 87' lang='lat' dir='ltr'><strong>radices</strong></span> <span class='ocrx_word' id='word_1_270' title='bbox 1297 4015 1392 4074; x_wconf 88' lang='lat' dir='ltr'><strong>mutuo</strong></span> 
     </span>
     <span class='ocr_line' id='line_1_33' title="bbox 296 4113 1009 4194; baseline 0.018 -20"><span class='ocrx_word' id='word_1_271' title='bbox 296 4113 459 4194; x_wconf 86' lang='lat' dir='ltr'><strong>implicare,</strong></span> <span class='ocrx_word' id='word_1_272' title='bbox 481 4117 596 4181; x_wconf 88' lang='lat' dir='ltr'><strong>etiamsi</strong></span> <span class='ocrx_word' id='word_1_273' title='bbox 614 4139 677 4184; x_wconf 89' lang='lat' dir='ltr'>non</span> <span class='ocrx_word' id='word_1_274' title='bbox 695 4121 783 4184; x_wconf 86' lang='lat' dir='ltr'><strong>valde</strong></span> <span class='ocrx_word' id='word_1_275' title='bbox 801 4121 918 4186; x_wconf 81' lang='lat' dir='ltr'><strong>vicinae</strong></span> <span class='ocrx_word' id='word_1_276' title='bbox 940 4121 1009 4188; x_wconf 87' lang='lat' dir='ltr'><strong>siut.</strong></span> 
     </span>
    </p>
   </div>
   <div class='ocr_carea' id='block_1_9' title="bbox 377 4248 1391 4337">
    <p class='ocr_par' dir='ltr' id='par_1_9' title="bbox 377 4248 1391 4337">
     <span class='ocr_line' id='line_1_34' title="bbox 377 4248 1391 4337; baseline 0.007 -28"><span class='ocrx_word' id='word_1_277' title='bbox 377 4248 407 4310; x_wconf 88' lang='grc'>8.</span> <span class='ocrx_word' id='word_1_278' title='bbox 448 4249 641 4316; x_wconf 87' lang='lat' dir='ltr'><strong>Democritus</strong></span> <span class='ocrx_word' id='word_1_279' title='bbox 674 4253 752 4318; x_wconf 84' lang='lat' dir='ltr'><strong>intra</strong></span> <span class='ocrx_word' id='word_1_280' title='bbox 777 4274 881 4336; x_wconf 87' lang='lat' dir='ltr'><strong>sepem</strong></span> <span class='ocrx_word' id='word_1_281' title='bbox 908 4253 1102 4335; x_wconf 79' lang='lat' dir='ltr'><strong>plantandam</strong></span> <span class='ocrx_word' id='word_1_282' title='bbox 1126 4273 1194 4320; x_wconf 89' lang='lat' dir='ltr'><strong>esse</strong></span> <span class='ocrx_word' id='word_1_283' title='bbox 1226 4263 1391 4337; x_wconf 75' lang='lat' dir='ltr'><strong>cupressum</strong></span> 
     </span>
    </p>
   </div>
   <div class='ocr_carea' id='block_1_10' title="bbox 0 0 1496 4876">
    <p class='ocr_par' dir='ltr' id='par_1_10' title="bbox 0 0 1496 4876">
     <span class='ocr_line' id='line_1_35' title="bbox 0 0 1496 4876; baseline 0 0"><span class='ocrx_word' id='word_1_284' title='bbox 0 0 1496 4876; x_wconf 95' lang='lat' dir='ltr'> </span> 
     </span>
    </p>
   </div>
  </div>
 </body>
</html>
