2932 4862
314 299 379 366 382
648 303 843 366 Quutlomm
867 299 1099 359 hemeritam!

315 489 405 552 quem
423 467 605 550 singularem
618 467 844 550 appellabimus.
886 470 935 530 De
956 475 1065 532 neutro
1083 471 1153 534 satis
1171 471 1392 549 amaramegissa

316 576 524 640 Democritum
540 577 639 658 arguit
656 575 782 640 Aristot
804 579 875 642 lllet
897 597 926 658 p.
951 579 988 640 15
1008 578 1200 643 enarratis
1238 576 1395 642 Universalis

315 693 486 748 atomorum
507 691 607 748 motus
628 685 811 766 principium
833 691 879 748 est
895 687 1060 748 necessitas
1079 685 1222 768 (ἀνάγκη)
1240 687 1300 748 sive
1319 686 1396 745 lauru

316 790 527 876 (είμαρμίνη),
547 811 609 855 uon
639 791 691 854 illa
717 791 904 856 Heracliteae
933 793 1145 874 philosophiae
1166 793 1229 870 dea,
1250 793 1301 854 sed
1319 792 1359 854 vis
1375 801 1398 851 et

316 901 451 982 potantia
471 899 624 976 naturalis,
648 918 725 982 quae
747 908 887 983 tauquam
915 901 1119 963 instrumentis
1143 901 1305 963 vibratione
1324 899 1398 981 (aal-

315 1010 381 1092 μηδ)
403 1014 434 1071 et
452 1009 599 1088 vertigiue
619 1007 719 1088 (δίνη)
740 1007 842 1072 utitur.
884 1009 973 1070 lianc
992 1013 1162 1070 atomorum
1180 1017 1292 1071 motum
1312 1027 1346 1070 au
1362 1027 1400 1067 ae

314 1123 402 1180 terno
421 1123 559 1197 tempore
588 1117 737 1180 exstitisse
762 1113 947 1196 philosopho
969 1113 1144 1196 plaeet⁸⁶).
1186 1117 1288 1197 ltaque
1307 1114 1401 1176 lallitar

314 1223 426 1286 Cicero
443 1223 482 1285 de
502 1224 553 1286 ίὶιι.
574 1225 596 1299 1,
618 1225 638 1286 6
663 1229 832 1286 atomorum
859 1229 975 1285 motum
1001 1223 1086 1286 nullo
1113 1243 1132 1285 a
1154 1223 1303 1305 principio
1326 1223 1401 1304 proi-

316 1330 391 1394 cisci
410 1347 548 1392 censens.
586 1331 641 1394 Est
670 1331 749 1394 euim
779 1336 880 1393 motus
901 1331 1084 1411 principium
1109 1331 1282 1408 necessitas,
1304 1330 1353 1393 sed
1370 1327 1400 1388 al-

313 1439 374 1502 tius
391 1437 579 1501 desideratur
599 1439 792 1519 principium,
819 1438 901 1521 quod
926 1439 1092 1502 neutralem
1115 1440 1194 1502 banc
1215 1439 1399 1502 necessitatem

314 1553 398 1627 regat
418 1551 449 1608 at
477 1544 595 1626 legibus
626 1545 860 1610 circumscribat.
914 1546 1025 1628 Neque
1056 1548 1225 1612 mirandum
1253 1554 1307 1620 cst,
1337 1543 1400 1626 quod

312 1653 419 1716 scribit
447 1652 628 1718 Aristoteles
660 1654 777 1734 physic.
806 1651 856 1716 lib.
888 1657 965 1733 tte
999 1654 1209 1718 Democritum
1236 1653 1399 1736 significans:

312 1759 371 1822 eici
390 1757 426 1822 et
446 1779 523 1826 τινας
546 1759 576 1824 οἳ
601 1760 653 1824 καί
677 1757 828 1844 τούρανοῦ
857 1762 948 1824 τοῦδε
974 1763 1103 1825 καὶτῶν
1123 1769 1280 1846 κοσμικῶν
1300 1759 1398 1821 πάντων

312 1867 465 1930 αἰτιῶνται
484 1865 518 1928 τὸ
543 1864 734 1951 αὐτόματον·
757 1869 817 1932 tat
837 1867 1029 1952 ταύτομάτου
1050 1868 1108 1952 γὰρ
1128 1870 1287 1952 γίγνεσθαι
1306 1867 1353 1950 τὴν
1371 1862 1399 1924 δί-

310 1995 363 2058 νην
385 1973 437 2035 καὶ
460 1972 513 2055 τὴν
535 1973 649 2057 κίνησιν
672 1975 725 2057 τὴν
751 1976 946 2060 διακρίναααν
966 1977 1018 2040 καί
1033 1979 1270 2061 καταστήσαααν
1289 1976 1329 2042 εἰς
1346 1969 1398 2034 ταί·

309 2103 363 2165 την
384 2081 438 2163 την
462 2080 542 2150 τάξιν
573 2082 607 2144 rb
634 2084 704 2145 πᾶν.
747 2082 827 2146 Nem
852 2105 926 2148 casu
948 2085 1024 2164 (ἀπὸ
1050 2083 1261 2168 ταύτομάτου)
1281 2084 1399 2146 videmu

310 2189 375 2253 tisri
397 2207 474 2271 quae
493 2189 621 2252 naturali
647 2191 774 2272 quedam
797 2192 984 2269 necessitate,
1007 2194 1093 2271 cujus
1121 2193 1209 2273 leges
1239 2195 1398 2273 ignoramus

310 2297 430 2360 evenire
464 2296 613 2359 dicuntur.
664 2298 772 2380 Neque
802 2300 881 2362 enim
910 2299 1113 2375 dubitandum,
1147 2301 1223 2380 quin
1245 2297 1397 2363 Democrito

310 2405 390 2468 idem
411 2405 500 2466 luerit
525 2403 641 2480 vitium,
671 2405 754 2486 quod
781 2406 937 2486 Leucippo
962 2413 1080 2470 veteres
1106 2408 1305 2486 exprobrant,
1329 2423 1397 2488 quen

309 2512 411 2576 omnia
433 2511 503 2574 item
525 2512 704 2576 necessitate
726 2514 792 2576 lieri
814 2513 999 2591 arbitratum,
1021 2513 1139 2596 qualern
1158 2515 1238 2578 hauc
1261 2513 1396 2579 necessita·

309 2679 510 2694 ffl-

378 2793 417 2854 Ι“)
431 2793 504 2845 stat.
523 2793 575 2846 eet.
591 2795 667 2860 phys.
684 2809 711 2859 p.
731 2791 793 2844 160:
821 2789 968 2851 Λιίνκιππος
994 2793 1078 2846 πάντα
1095 2792 1154 2845 κατ’
1173 2792 1298 2865 ἀνάγκην,
1322 2794 1362 2864 τἠν
1377 2787 1394 2840 δ’

307 2867 387 2943 uba-ipa
408 2869 531 2945 ὑπάρχειν
552 2872 718 2944 εἱμαρμένην.
754 2877 825 2925 Sext
845 2875 942 2939 Empir.
963 2889 1024 2939 pag.
1042 2873 1107 2926 599:
1130 2873 1198 2926 ὥοττ
1217 2875 1280 2927 κατ’
1301 2873 1395 2940 ἀνάγκην

306 2951 353 3020 μίν
371 2951 416 3004 καὶ
436 2949 485 3003 bat
509 2953 587 3024 δίνης,
614 2953 651 3014 be
676 2951 763 3022 ίλτγον
786 2951 810 3006 ol
827 2953 884 3024 rapi
904 2949 1074 3024 Δημόκριτον,
1101 2954 1150 3007 οὐκ
1170 2954 1202 3006 άν
1222 2959 1318 3008 κινοῐτο
1335 2951 1347 3004 δ
1364 2949 1396 3002 κδ

307 3047 381 3099 epac.
416 3033 498 3085 Recte
518 3037 622 3098 Sextus,
642 3039 685 3102 qul
706 3037 764 3099 ipss
783 3035 928 3086 Democriti
952 3035 1086 3086 salsamina
1105 3038 1268 3100 inspexerat
1286 3038 1335 3087 hoc
1351 3037 1396 3084 loco

306 3115 356 3162 ait:
377 3110 439 3164 κατ’
461 3112 575 3184 ἀνάγκην
596 3108 689 3168 albai
712 3113 791 3184 δίνης,
811 3115 883 3166 unde
904 3119 986 3178 patet,
1008 3127 1109 3167 motum
1129 3117 1291 3169 conformari
1308 3117 1339 3166 ad
1355 3127 1396 3164 ne-

305 3195 467 3258 cessitatem,
486 3197 544 3247 lieri
562 3201 653 3248 eutem
671 3198 810 3259 vertigine,
831 3199 958 3260 tanquam
976 3196 1161 3248 instrumento.
1191 3201 1246 3250 Sed
1261 3213 1340 3264 quum
1352 3197 1396 3244 tte-

304 3276 434 3325 mocrttus
454 3277 523 3328 hanc
540 3291 598 3328 rem
618 3279 705 3328 minus
723 3277 866 3341 perspicue
885 3279 1035 3336 tractasset,
1052 3275 1152 3328 lactum
1172 3283 1221 3340 est,
1243 3281 1274 3330 ut
1296 3275 1395 3327 nonnuli

303 3351 426 3422 άνάηκην,
449 3351 530 3423 δίνην,
559 3355 714 3418 ἀντιτυπίαν,
741 3353 840 3425 πληηην
867 3357 913 3423 τῆς
938 3351 1002 3424 ὕλης
1026 3359 1051 3406 iu
1074 3359 1132 3420 ejus
1155 3359 1321 3423 philosophis
1338 3357 1394 3406 idem

319 3449 364 3486 ssa
383 3439 515 3498 putarant.
556 3437 599 3486 Sic
620 3437 693 3500 Diog.
717 3439 802 3488 Lecrt.
824 3427 929 3498 1x34t:
962 3437 1046 3487 πάντα
1071 3453 1098 3487 τι
1116 3436 1177 3488 κατ’
1198 3436 1312 3506 ἀνάγκην
1330 3433 1393 3503 pipa-

266 3433 369 3646 Qilut,
394 3517 439 3584 τῆς
464 3513 534 3584 δίνης
561 3513 642 3574 αίτίας
666 3511 745 3585 οὔσης
772 3519 818 3586 τῆς
842 3515 966 3584 pretereo:
993 3517 1112 3579 πάντων,
1140 3515 1172 3588 ἣν
1195 3516 1309 3587 ἀνάγκην
1332 3513 1393 3580 λίγα.

323 3595 540 3658 sendoplutsrcb.
560 3599 594 3648 de
619 3598 687 3662 plac.
712 3598 773 3662 phil.
791 3599 808 3659 l,
827 3595 872 3647 bi:
895 3593 1056 3665 Ιίαρμινίδης
1079 3595 1124 3647 καὶ
1143 3591 1304 3668 Δημόκριτος
1324 3595 1393 3646 πάντα

301 3673 364 3727 κατ’
394 3675 523 3746 ἀνάγκην·
549 3677 596 3748 την
618 3675 699 3748 αὐτην
717 3675 740 3729 δ’
765 3675 830 3729 εἶναι
855 3677 900 3728 καὶ
925 3675 1088 3746 ιίμαρμίνην,
1116 3677 1160 3728 ταί
1183 3675 1256 3745 δίκην
1282 3679 1321 3738 (al.
1338 3674 1393 3725 male

302 3759 371 3820 conj.
398 3753 486 3824 δίνην),
511 3757 554 3808 καὶ
575 3755 706 3827 πρόνοιαν,
732 3757 776 3808 καὶ
796 3754 964 3824 κοσμοποιόν.
1001 3759 1073 3809 Idem
1094 3771 1153 3822 cap.
1172 3755 1219 3808 26:
1247 3753 1392 3826 Δημόκριτος

300 3835 347 3908 τὴν
368 3834 577 3890 &enutrierant
601 3837 683 3910 φοράν
703 3838 748 3888 καὶ
769 3835 869 3907 πληγὴν
887 3839 932 3907 τῆς
955 3833 1019 3906 ὕλης
1039 3835 1163 3904 (ἀνάγκην
1180 3834 1263 3906 λέγει).
1297 3839 1329 3886 nt
1344 3834 1393 3897 plus

301 3918 374 3982 epod
395 3931 437 3968 me
468 3921 539 3971 valet
561 3923 665 3972 Sextus.
703 3917 742 3969 De
770 3918 921 3970 vibratione
947 3921 1060 3970 testetur
1079 3917 1213 3968 stobaeus
1231 3919 1311 3980 eclog.
1328 3915 1391 3978 phys

300 4011 324 4060 p.
345 3995 396 4048 394
417 3999 458 4050 ed.
480 3999 568 4053 licen:
593 3996 755 4069 Δημόκριτος
779 3996 805 4048 δν
833 3998 1060 4070 planetariorum,
1082 3995 1112 4047 τὸ
1131 3995 1198 4048 κατὰ
1217 3993 1325 4062 παλμόν,
1343 3991 1390 4041 ἀπε·

299 4075 413 4145 φαίνετο.
462 4080 535 4131 δάιοι
562 4083 620 4132 sine
637 4080 719 4132 dnbio
744 4081 892 4142 scripserat
918 4079 1087 4142 Pseudoplut.
1113 4077 1147 4130 de
1171 4078 1238 4141 plac.
1256 4079 1273 4138 l,
1293 4073 1332 4134 23,
1355 4069 1389 4120 un

297 4169 369 4208 nunc
385 4157 553 4213 librariorum
573 4163 651 4226 culpa
672 4160 769 4224 legitor
790 4158 816 4210 tv
835 4158 909 4227 ηίνος
926 4161 972 4230 τῆς
996 4151 1123 4229 κινηοτιοξ
1150 4154 1180 4208 τὸ
1207 4155 1273 4207 κατὰ
1287 4151 1389 4220 πλάγιον·

296 4235 372 4286 Αιίιίο
390 4239 499 4288 aristot.
522 4243 556 4292 de
575 4242 650 4292 coelo
671 4243 713 4304 lll,
731 4239 748 4290 δ
766 4244 793 4293 et
812 4241 864 4293 Cic.
887 4242 903 4290 l.
925 4241 938 4290 t.
