2932 4862
344 321 429 379 nster
444 322 493 378 tlt
528 321 600 378 Ata.
617 322 651 376 ad
673 321 751 378 Iloua
771 339 814 394 op.
834 323 928 394 Iragm.
1129 327 1192 392 357

75 492 206 574 μᾶλλον.
252 489 302 553 Ad
324 487 418 552 verba
446 486 483 550 τὰ
514 483 627 570 ἔντομα
655 487 753 550 πάντα
775 485 833 550 ὑπὸ
857 489 912 549 τοῦ
936 485 1042 552 ἐλαίου
1066 491 1188 577 βαρύνε-

73 621 125 661 ται
148 599 352 662 Schneiderus
376 602 477 660 notat:
505 601 659 673 „constat
689 595 920 675 respirationem
950 596 1021 660 oleo
1041 601 1189 680 impediri

72 707 240 770 obstructis
262 706 446 767 iuseetomm
467 701 628 783 spiraculis
644 700 847 766 lateralibus.’'
889 703 1069 770 Aristoteles
1090 715 1190 772 auteur

74 815 168 876 tradit
186 815 253 876 hist.
276 813 364 875 anim.
384 811 435 874 lib.
456 813 533 888 VIII,
547 813 587 872 27
610 811 712 874 omnia
729 811 844 873 insecta
865 811 936 875 oleo
959 819 1037 876 tacta
1059 815 1189 894 interire,

76 923 169 1004 idque
189 920 357 997 celerrime,
379 918 406 980 si
428 918 526 1000 eapite
549 919 626 981 illito
647 921 706 982 soli
726 925 924 1000 exponantur.
958 922 1062 986 Verba
1081 943 1190 1004 graeca

76 1037 164 1093 sunt:
186 1029 285 1092 πάντα
306 1028 341 1090 δὲ
360 1025 397 1090 τὰ
419 1024 532 1108 ἔντομα
554 1025 743 1109 ἀποθνήσκει
764 1024 969 1108 ἑλαιούμενα·
990 1031 1119 1114 τάχιοτα
1142 1031 1187 1110 δέ,

76 1137 114 1200 ἄν
135 1158 178 1205 τις
202 1136 255 1217 τὴν
281 1135 418 1220 κεφαλὴν
447 1134 578 1219 ἀλείψας
606 1133 638 1196 ἐν
668 1139 713 1220 τῷ
732 1135 812 1219 ἡλίῳ
833 1133 887 1217 lli.
931 1137 1189 1219 Insequentibus
1307 1220 1310 1228 ,

75 1245 210 1329 quaeda
230 1243 334 1324 pingui
355 1264 392 1305 ac
413 1243 452 1305 de
472 1241 555 1305 dulci
573 1262 683 1323 sapore
705 1241 848 1304 dicuntur
867 1241 913 1304 ὅτι
938 1243 954 1304 ὁ
977 1245 1106 1328 λιπαρὸς
1123 1245 1189 1331 ἔχει

76 1352 159 1419 εἶδος
177 1355 231 1415 τοῦ
250 1348 378 1432 γλυκέος
395 1352 510 1433 χυμοῦ,
532 1369 569 1413 ea
587 1351 706 1412 abunde
727 1349 914 1414 illustrantur
936 1353 996 1416 alio
1015 1353 1190 1433 Theophra-

75 1462 116 1525 sti
136 1461 207 1523 loco
236 1477 330 1540 supra
356 1457 486 1538 allegato
518 1458 572 1538 (el.
597 1460 701 1539 fragm.
720 1459 786 1538 25),
811 1459 862 1522 nbi
887 1459 1017 1522 vidimus
1047 1460 1189 1542 pinguem

75 1588 218 1650 saporem
241 1567 346 1630 iisdem
368 1575 458 1649 alque
480 1565 598 1630 drdcem
614 1566 718 1647 figuris
740 1566 880 1644 describi,
901 1567 960 1630 nisi
977 1569 1059 1650 quod
1077 1569 1189 1650 nragni-

78 1677 181 1740 tudine
203 1675 340 1738 diversae
361 1681 440 1738 sunt.

163 1785 213 1846 tt.
257 1783 348 1863 Apud
369 1782 543 1859 Stobaeum,
566 1783 617 1844 cni
638 1783 697 1845 hoc
719 1784 918 1865 fragmentum
939 1783 1093 1860 debemus,
1113 1785 1188 1846 haec

78 1893 236 1972 leguntur:
263 1889 436 1959 Λεύκιππος
463 1889 561 1952 πάντα
585 1887 652 1952 κατ’
676 1889 819 1972 ἀνάγκην,
847 1891 899 1971 τὴν
922 1887 956 1951 δ’
979 1889 1073 1972 αὐτὴν
1096 1889 1188 1974 ὑπάρ-

77 2022 143 2084 χειν
164 1997 367 2082 εἱμαρμένην·
390 1997 473 2080 λέγει
502 1996 560 2081 γὰρ
582 1995 614 2060 ἐν
642 1995 688 2082 erpi
706 1999 776 2080 περὶ
799 2001 870 2060 νοῦ·
892 1996 983 2060 οὐδὲν
1005 2001 1111 2082 χρῆμα
1134 1998 1187 2080 μοί-

79 2128 132 2190 ιην
154 2106 297 2189 γίγνεται,
327 2105 409 2172 ἀλλὰ
435 2106 533 2168 πάντα
563 2103 598 2167 ἐκ
625 2103 719 2186 λόγου
742 2106 846 2167 τεκαὶ
866 2104 916 2167 ὑπ’
942 2105 1084 2186 ἀνάγκης.
1127 2106 1189 2168 Sed

78 2216 156 2277 liber
171 2213 242 2297 περὶ
263 2215 318 2276 νοῦ
345 2213 511 2274 Democriti
537 2213 602 2289 fuit,
632 2213 685 2292 (cl.
712 2233 805 2294 supra
832 2213 884 2274 lib.
905 2213 941 2289 n,
968 2234 998 2292 p.
1023 2211 1097 2291 132)
1126 2231 1189 2274 non

80 2323 235 2402 Leucippi,
257 2321 379 2401 dequo
402 2319 586 2400 philosopho
609 2320 743 2383 dicemus
765 2320 816 2381 lib.
837 2321 880 2381 IV
905 2339 1040 2399 prooem.
1068 2321 1137 2382 adn.
1159 2321 1188 2384 3.

79 2434 180 2512 ltaque
196 2431 255 2491 hoc
277 2431 474 2509 fragmentum
488 2428 689 2490 Democritcis
706 2429 843 2508 inserere*
854 2447 917 2489 non
939 2428 1053 2506 gravati
1075 2447 1187 2492 sumne.

80 2541 239 2600 Gaetemm
261 2534 351 2616 λόγος
378 2534 534 2597 hocloco
561 2547 693 2596 nonest
724 2557 823 2613 mm,
850 2536 889 2597 ad
918 2555 1008 2616 quam
1034 2535 1188 2596 notionem

80 2643 304 2725 exprimendam
324 2643 508 2705 Deruocritei
530 2642 674 2722 temporis
696 2640 870 2721 philosophi
892 2644 963 2710 νοῦς
984 2645 1087 2704 dicero
1108 2643 1189 2704 sole-

81 2755 160 2828 bant,
181 2751 236 2813 sed
257 2771 363 2811 rerum
380 2753 464 2813 rotr'o
482 2755 513 2812 et
537 2769 634 2812 cama
653 2749 819 2812 naturate.
863 2749 932 2812 Vid.
957 2745 1188 2812 Schleiormach.

79 2860 198 2924 llerael.
218 2881 247 2940 p.
269 2859 339 2922 mn.

108 3133 145 3190 (I.
183 3131 427 3184 ADNO'I'h'IlONES
444 3132 487 3181 llll
509 3129 699 3182 FlthhIEh'Th
720 3130 879 3182 Ltnnonnn
902 3132 943 3182 DE
962 3131 1162 3182 lntnmluns.

163 3287 192 3346 9.
235 3282 282 3344 CI.
304 3281 503 3360 'theophrast
526 3281 564 3342 de
587 3301 669 3343 cane.
694 3281 786 3362 plant
811 3282 862 3358 VI,
887 3285 933 3346 ¹0.

165 3392 194 3454 3.
240 3389 401 3470 Vulgatam
426 3387 442 3450 d
467 3385 536 3454 ὄνος
556 3385 645 3450 ἵππον
669 3389 854 3474 βιασάμενος
868 3389 945 3452 κατὰ
964 3391 1057 3476 τύχην
1080 3395 1193 3472 νοῆσαι

78 3498 250 3581 postulante
271 3495 419 3559 sententia
437 3495 468 3557 iu
491 3497 571 3560 hunc
592 3497 715 3560 modum
727 3497 907 3560 mutavimus
930 3501 983 3561 τοῦ
1005 3494 1078 3559 ὄνου
1100 3497 1191 3559 ἵππον

80 3603 270 3690 βιασαμένου
292 3626 319 3667 ιι.
344 3625 369 3666 τ.
397 3605 425 3664 λ.

164 3715 192 3775 l.
235 3715 295 3774 l'ro
318 3708 479 3774 ἐκπςύαται
501 3710 676 3790 scripsimus
698 3709 891 3775 ἐκπτύεοθαι.

167 3825 196 3884 5.
240 3822 273 3882 ln
294 3818 394 3880 serbis
410 3817 535 3880 δύναται
555 3816 612 3901 γὰρ
635 3816 711 3902 αὐτὴ
735 3818 852 3901 σκληρὰ
870 3819 1018 3902 γενομένη
1041 3820 1090 3882 καὶ
1115 3821 1192 3884 ἐπιο·

82 3934 181 3992 λλεῖςαι
207 3932 269 3994 τοῖς
292 3924 452 4010 προτέροις
475 3926 666 4006 participium
686 3925 835 4009 γενομένη
857 3947 874 3988 ο
893 3935 997 3990 nostra
1020 3929 1193 4006 conjectum

80 4039 232 4115 adjectum
259 4041 313 4098 est.
364 4035 519 4098 Gesnerns
550 4055 607 4114 pro
639 4035 764 4096 δύναται
799 4035 890 4097 scribi
920 4034 1042 4096 volebat
1071 4035 1193 4118 γίνεται.

80 4143 331 4226 Insequentibus
360 4141 418 4204 ish
447 4139 561 4224 ῥώμης,
590 4143 672 4226 quod
701 4144 790 4206 hahet
816 4163 921 4222 margo
941 4143 1079 4222 Gesneri‚
1102 4143 1197 4206 edidi-

81 4273 149 4316 mus
169 4272 228 4332 pro
255 4251 313 4314 ish
339 4250 437 4335 ῥύμης
496 4252 700 4334 caeteroquin
727 4253 785 4316 hoc
819 4251 849 4313 in
876 4251 1043 4334 lragrnento
1070 4253 1197 4315 lerneam
