2984 4876
259 348 321 414 180
589 343 786 408 Quaestionum
803 341 1037 398 Democriteum

344 516 395 578 99.
433 509 580 596 Ἀνδρηίη
604 509 658 579 τὰς
680 509 754 578 ἄτας
775 506 902 593 σμικρὰς
922 506 1015 593 ἔρδει.
1049 507 1306 586 submotum
1320 510 1373 572 m.

343 635 395 696 91.
432 625 617 714 Ἠρερήσιοι
645 627 733 690 ύιτνοι
764 626 907 709 σώματος
934 623 1060 711 ὄχλησιν
1087 624 1107 709 i¹
1133 628 1235 710 ψυχῆς
1258 625 1375 708 ἀδημο-

261 740 353 823 σύνην
374 737 394 822 ἢ
416 735 521 821 ἀρηίην
543 733 563 818 ἢ
587 731 787 816 ἀπαιδευσίην
811 730 1002 816 σημαίνουσι.
1040 734 1128 798 Stob.
1149 733 1234 796 Flor.
1256 734 1374 810 V1,55.

346 856 397 918 92.
440 849 500 916 Tm
531 850 740 935 σύθυρέεσθαι
768 847 918 934 μέλλοντα
942 849 1002 935 χρὴ
1032 850 1073 934 μὴ
1098 848 1200 912 πολλὰ
1218 848 1379 933 πρήσσειν,

263 962 339 1048 μήτε
363 960 423 1044 ἰδίη
447 959 523 1043 μήτε
553 955 637 1042 ξυνῇ,
668 957 748 1042 μηδὲ
769 952 841 1018 ἅσσ’
872 955 908 1019 ἂν
930 958 1065 1042 πρήσση,
1087 955 1163 1041 ὑπέρ
1186 978 1219 1019 τε
1248 953 1376 1039 δύναμιν

264 1067 424 1156 αἱρέεσθαι
448 1067 502 1148 τἠν
525 1065 644 1130 ἑαυτοῦ
661 1063 712 1127 καὶ
737 1063 836 1148 φύσιν,
851 1063 931 1128 ἀλλὰ
951 1063 1101 1148 τοσαύτην
1124 1063 1205 1150 ἔχειν
1223 1063 1376 1148 φυλακήν,

263 1179 343 1242 ὥστε
365 1173 416 1239 καλ
437 1176 491 1257 τῆς
511 1172 606 1259 τύχης
638 1169 866 1256 ἐπιβαλλούσης
885 1171 935 1236 καλ
966 1171 998 1242 ἐς
1020 1173 1054 1235 τὸ
1075 1171 1145 1234 δέον
1166 1168 1378 1254 ύπηηεορίνης

261 1281 308 1368 τῷ
329 1279 457 1359 δοκέειν,
479 1277 698 1344 κατατίθεσθαι
723 1279 774 1341 καὶ
806 1281 847 1363 μὴ
877 1280 964 1344 πλέοι
993 1277 1220 1364 προτάττεσθαι
1242 1281 1303 1340 τῶν
1327 1278 1377 1340 δυ-

262 1389 422 1472 vortat
451 1385 508 1472 γὰρ
538 1384 661 1470 εύρηκίη
692 1383 922 1472 ἀσφαλέστερον
952 1391 1006 1473 τῆς
1034 1384 1245 1472 ρεηαλογκίης.
1291 1386 1380 1450 Stob.

263 1499 347 1564 Flor.
367 1497 444 1576 0111,
467 1497 519 1562 95.

521 1655 583 1732 Περὶ
603 1657 675 1712 iiius
692 1659 738 1712 καὶ
755 1655 899 1730 ἀλλοτρίων
921 1657 1125 1733 ἁμαρτημάτων.

349 1787 401 1850 93.
444 1782 532 1869 Λήθη
565 1789 626 1848 τῶν
655 1783 781 1868 οἰκηίων
809 1787 911 1846 κακῶν
940 1783 1116 1869 θρασύτητα
1142 1779 1242 1866 γεννᾷ.
1290 1783 1378 1847 Stob.

264 1895 290 1956 F
293 1895 349 1958 ior.
370 1895 421 1970 tv,
443 1895 494 1958 79.

350 2013 400 2074 ut.
444 2006 584 2094 Κρίασον
606 2007 644 2072 τὰ
666 2008 769 2093 οίκήϊα
789 2009 995 2093 ἁμαρτήματα
1018 2004 1188 2091 itt-(Asuui
1207 2003 1245 2069 τὰ
1261 2005 1381 2104 ύθνεῖα.

265 2118 352 2183 Stob.
374 2118 461 2181 Flor.
483 2119 565 2194 Χ111,
587 2119 637 2180 96.

349 2238 400 2298 95.
443 2233 579 2318 Αίσχρὸν
608 2233 645 2297 τὰ
677 2232 785 2296 ὀθνεῖα
804 2189 1144 2317 Ιτιολυιτραγρονεύοντα
1175 2229 1312 2313 ἀγνοέειν
1341 2231 1384 2294 τὰ

265 2343 378 2427 οἰκήϊα.
425 2345 599 2405 Democrat.
621 2341 716 2406 Oroil.
737 2361 766 2404 n.
790 2343 840 2403 ύύ.

348 2655 399 2716 90.
441 2651 604 2716 Fortitudo
627 2650 785 2732 dispendio
807 2650 922 2714 minuit.

350 2773 401 2833 91.
443 2769 550 2832 Somni
575 2767 675 2831 diurni
697 2769 838 2848 corporis
858 2766 1058 2830 turbationem
1077 2766 1126 2829 vol
1148 2767 1238 2830 animi
1258 2787 1386 2830 moero-

265 2898 330 2940 rem
353 2877 406 2958 (ex
429 2876 552 2940 fastidio
574 2878 689 2957 ortum)
717 2875 766 2939 vei
794 2874 944 2954 pigritiam
973 2875 1022 2937 vel
1048 2873 1214 2938 litterarum
1238 2877 1386 2957 ignoran-

264 2987 335 3048 tium
358 2985 497 3047 indicant.

347 3103 398 3164 92.
442 3101 649 3185 Tranquillum
674 3101 807 3162 futurum
831 3117 893 3161 non
912 3097 1005 3160 multa
1024 3119 1113 3180 agore
1136 3107 1259 3181 oportet
1277 3121 1383 3184 uoquo

264 3209 405 3290 privatim
428 3228 525 3292 neque
544 3208 680 3290 publice3
708 3226 807 3289 neque
839 3225 874 3267 ea
895 3225 972 3286 quoe
992 3214 1069 3288 agat,
1088 3227 1181 3289 supra
1200 3208 1380 3272 facultatem

268 3323 298 3378 ot
320 3321 457 3378 uoturom
485 3337 570 3378 suam
600 3316 657 3378 sibi
683 3335 818 3391 sumere,
843 3315 898 3376 sed
926 3321 1036 3378 tantam
1060 3315 1107 3377 sui
1134 3335 1237 3378 omum
1257 3317 1383 3394 habero,

263 3429 298 3485 ut
318 3423 469 3485 fortunam
494 3424 642 3506 quamvis·
657 3429 846 3503 praesentem
874 3429 904 3483 ot
931 3423 970 3485 od
998 3423 1029 3484 id
1064 3423 1146 3505 quod
1174 3425 1380 3488 necessarium

264 3529 384 3591 videtur
403 3531 562 3594 durooutom
585 3531 722 3607 declinet,
746 3551 781 3592 ιιο
809 3551 870 3592 nou
889 3531 977 3612 pluro
999 3531 1130 3611 attingat,
1160 3553 1248 3613 quam
1269 3533 1381 3614 quibus

265 3636 397 3698 ferendis
417 3638 545 3716 parsit:
575 3637 665 3700 motis
688 3619 991 3702 enim'commoditas
1012 3640 1106 3702 tutior
1130 3645 1176 3702 est
1197 3661 1289 3722 quoru
1312 3644 1380 3721 ojus

264 3743 447 3823 magnitudo.

597 3911 636 3962 Da
657 3912 756 3961 nostris
776 3910 943 3975 aliorumque
964 3911 1042 3962 vitiis.

349 4031 399 4092 oo.
442 4032 593 4096 umorum
612 4041 788 4096 nostrorum
804 4017 926 4097 'oblivio
948 4035 1043 4116 gignit
1062 4037 1226 4099 audaciam.

348 4149 399 4208 ut.
440 4149 576 4212 Praestat
597 4152 722 4231 propria
744 4171 833 4233 quam
855 4152 953 4214 aliona
967 4160 1093 4232 peccata
1112 4155 1347 4233 reprehendere.

348 4265 397 4324 95.
439 4263 547 4328 Aliena
565 4269 686 4330 curioso
711 4277 875 4332 sootoutom
896 4289 951 4333 suo
975 4271 1113 4352 ignorare
1137 4279 1224 4352 turpe
1246 4281 1303 4336 ost.
