2892 4872
234 315 297 383 120
550 315 748 380 ίλιεεειίοοααι
772 313 1010 372 Democriteum

233 483 323 550 αδτθ·
357 484 476 552 τελείας
500 482 557 566 γὰρ
588 479 684 549 ὄντως
710 477 891 565 φρονήσεως
911 479 945 543 τδ
975 481 1094 563 νοῆσαι,
1116 483 1151 546 τδ
1174 483 1270 546 εἰπεῖν
1293 484 1352 547 καλ

232 591 266 655 τδ
286 595 414 675 ποιήσαι
433 591 531 654 πάντα
552 589 664 655 καλῶς.
706 587 816 650 Suidus
838 605 865 650 ν.
888 583 1099 671 Τριτογένεια·
1130 591 1259 676 φοβεροί,
1290 613 1349 654 κα-

231 699 427 783 ταπληκτική.
467 699 506 760 Et
536 694 629 778 paulo
658 702 744 776 post:
767 689 974 778 Τριτογένεια·
1004 697 1094 760 τοῦτο
1117 696 1153 760 δέ
1182 696 1271 777 ἐστιν,
1297 698 1351 762 ὅτι

233 805 301 890 τρία
321 805 434 887 γίνεται
458 803 490 875 ἐξ
518 801 621 885 αὐτῆς,
649 801 788 866 ἅπαντα
810 799 849 862 τὰ
878 799 1055 884 ἀνθρώπινα
1081 803 1211 890 συνέχει
1252 806 1348 890 καλή

233 911 383 997 παροιμία
405 910 536 995 εἴρηται·

425 1021 497 1087 ταῖς
517 1041 569 1103 μοι
590 1014 771 1102 Τριτογενὴς
796 1014 855 1100 εἴη,
884 1016 925 1099 μὴ
948 1009 1150 1099 Τριτογένεια,

234 1123 306 1209 (Ἦ)
326 1123 373 1191 ὅτι
398 1125 452 1210 τὴν
470 1124 606 1210 Ἀθηνᾶν
634 1124 777 1209 ἀνδρώδη
807 1121 946 1207 ἐνόμιζον
970 1120 1063 1202 εἶναι,
1087 1125 1140 1188 καί
1158 1126 1271 1195 παῖδας
1289 1126 1348 1212 ἆῤ·

234 1232 324 1317 ρενας
343 1230 501 1319 παρέχειν.
542 1235 625 1298 idem
646 1253 673 1297 v.
694 1229 889 1316 Τριτογενήτ·
908 1226 950 1293 Ἡ
964 1228 1094 1314 Ἀθηνᾶ.
1130 1227 1219 1295 Ἤτοι
1240 1233 1287 1298 ὅτι
1310 1237 1350 1302 ἐκ

93 1355 100 1362 ’
233 1345 287 1425 τῆς
307 1339 419 1425 νηδύος
446 1341 498 1404 καὶ
526 1345 580 1426 τῆς
602 1342 716 1426 μήτρας
742 1340 793 1402 καί
814 1343 869 1422 τῆς
886 1339 1024 1422 κεφαλῆς
1042 1341 1098 1400 τοῦ
1122 1337 1193 1407 Διὸς
1216 1338 1348 1425 ἐξῆλθε·

232 1447 322 1531 iiior
342 1447 426 1532 παρὰ
449 1445 578 1533 Τρίτωνι
607 1453 653 1534 τῷ
677 1450 809 1532 ποταμῷ
834 1443 949 1530 Λιβύης
971 1442 1128 1530 ἐγεννήθη,
1159 1445 1348 1530 (φθίνοντος,

235 1557 278 1623 ὡς
295 1554 347 1617 καὶ
362 1551 527 1638 Ἀθηναῖοι
543 1555 694 1638 ἄγουσιν)
714 1553 733 1638 ἢ
756 1552 802 1616 θτι
814 1552 896 1638 τρίτη
912 1550 989 1635 μετὰ
999 1549 1143 1636 Ἀρτεμιν
1162 1555 1213 1617 καὶ
1231 1554 1348 1622 Ἀπολ·

235 1661 320 1724 λωνα
342 1659 505 1746 ἐγεννήθη·
534 1663 554 1747 ἢ
577 1662 643 1726 ἐπεὶ
662 1663 792 1748 τρίτωνα
813 1660 867 1744 τὴν
889 1658 1028 1744 κεφαλὴν
1044 1657 1220 1743 Ἀθαμᾶνες
1239 1663 1347 1746 λέγου-

234 1789 291 1830 σιν·
309 1767 329 1852 ἢ
353 1767 421 1830 ἐπεὶ
440 1768 525 1854 παρὰ
543 1767 671 1857 Τρίτωνι
691 1768 824 1852 ἐγένετο·
852 1767 872 1852 ἢ
902 1769 957 1829 τοῦ
976 1769 1056 1850 τρεῖν
1073 1767 1125 1830 καί
1145 1767 1349 1854 εὐλαβεῖσθαι

234 1873 333 1938 αίτία·
358 1875 378 1960 ἡ
400 1877 573 1960 γεννητική·
603 1877 624 1962 ἢ
657 1877 703 1941 δτι
727 1873 921 1939 ἀπελοίαατο
951 1871 983 1936 ἐν
1004 1876 1049 1958 τῷ
1069 1870 1205 1958 Τρίτωνι,
1226 1881 1271 1962 uqi
1289 1884 1348 1964 τῆς

233 1979 347 2066 Λιβύης
365 1987 505 2068 ποταμῷ.
543 1986 618 2050 Post
638 2003 760 2049 versum
780 1985 852 2051 ταῖς
873 2003 926 2065 μοι
946 2003 974 2044 κ.
989 2003 1020 2056 ,o
1042 1982 1071 2044 λ.
1105 1978 1148 2045 Ἢ
1175 2004 1194 2046 α
1221 2005 1269 2050 ωε
1287 2007 1347 2051 un-

235 2089 279 2152 cis
302 2091 452 2155 inclusum
484 2091 644 2155 delendum
675 2092 803 2169 videtur,
837 2090 895 2153 nisi
930 2089 1010 2152 iorte
1041 2089 1130 2170 pluro
1158 2093 1346 2160 exciderunt.

233 2201 354 2262 Lacuna
372 2199 403 2262 in
427 2201 527 2262 verbis
557 2198 804 2283 φθίνοντος-
827 2195 950 2279 ἄγουσιν
973 2216 1012 2259 εκ
1039 2197 1127 2262 lsuee
1151 2199 1268 2263 Tzetzis
1291 2205 1347 2266 ad·

232 2307 388 2372 notatione
408 2315 438 2371 et
462 2308 503 2371 ob
532 2306 629 2388 ipsius
652 2305 713 2369 loci
737 2311 872 2368 naturum
899 2302 945 2366 sic
963 2304 1091 2367 fortasse
1112 2305 1259 2387 explendo
1279 2319 1344 2373 est:

232 2413 252 2498 ἦ
275 2412 320 2477 δτι
344 2412 475 2498 ἐγενήθη
497 2409 865 2498 τρίτηἛκατομβαιῶνος
877 2411 1045 2496 φθίνοντος,
1066 2413 1108 2481 ὣς
1128 2413 1180 2476 καί
1201 2417 1242 2498 τῇ
1257 2415 1345 2502 τρίτη

235 2521 265 2583 oi
277 2518 442 2604 Ἀθηναῖοι
464 2519 502 2584 τὰ
525 2521 616 2606 μικρὰ
637 2517 839 2603 Παναθήναια
865 2517 999 2602 ἄγουσιν.
1039 2521 1188 2584 Kusterus
1209 2527 1240 2584 et
1253 2525 1349 2588 Gaio

233 2629 351 2692 iordius
370 2629 444 2692 nihii
464 2635 670 2692 correxerunt.

315 2739 351 2801 li.
392 2739 426 2818 5)
449 2733 525 2819 Περὶ
545 2733 786 2820 ἀνδραγαθίηςή
810 2735 880 2818 περί
902 2733 1020 2820 ἀρετῆς.
1058 2737 1118 2799 Pro
1137 2735 1350 2820 ἀνδραγαθίας

233 2847 317 2934 qnod
337 2844 520 2927 antiquiores
542 2843 688 2907 editiones
708 2843 826 2921 hebent,
847 2841 1054 2927 ἀνδραγαθίης
1071 2845 1245 2925 ρουουθυιυ
1265 2863 1349 2926 esso,

233 2954 416 3036 omninoque
441 2951 472 3013 in
491 2952 537 3014 his
558 2950 696 3014 omnibus
718 2950 813 3013 titulis
827 2951 943 3013 ionicae
964 2951 1083 3014 dialecti
1101 2953 1213 3015 formes
1233 2957 1349 3032 reponi

233 3067 386 3148 oportere,
411 3066 441 3123 et
460 3067 569 3141 sponte
586 3065 669 3139 patet
689 3064 719 3119 et
739 3077 758 3119 e
779 3059 920 3140 Menogio
935 3060 1000 3138 jum
1020 3059 1165 3122 monitum
1185 3067 1239 3123 est.

317 3173 352 3251 6)
371 3166 562 3252 Ἀμαλθείης
587 3163 689 3248 κέρας.
736 3170 807 3249 Quo
837 3165 926 3229 titulo
954 3167 1026 3228 nihil
1055 3167 1239 3250 frequentius
1260 3171 1348 3250 apud

232 3282 359 3340 veteres.
412 3275 528 3338 Gellius
555 3275 649 3336 nocti.
680 3277 731 3336 stt.
757 3273 809 3334 lib.
839 3273 908 3334 XX
938 3294 1003 3354 esp.
1027 3275 1088 3336 ΧΗ
1116 3293 1183 3355 pag.
1202 3277 1264 3339 805
1296 3277 1347 3340 ed.

231 3383 406 3447 Mosellam:
428 3403 561 3462 namque
580 3381 647 3472 ,alii
674 3383 885 3444 Musarum
911 3381 1145 3461 imminerunt,
1172 3384 1232 3444 ulii
1250 3383 1348 3464 Syl-

231 3509 381 3567 uarum,
402 3490 457 3553 ille
483 3489 597 3573 κηρίον,
623 3488 706 3550 aliur
727 3485 820 3571 κέρας
840 3486 1031 3571 Ἀμαλθείας
1052 3494 1108 3550 etc.
1146 3490 1260 3552 Plinius
1282 3501 1347 3554 net.

232 3597 301 3660 hist.
322 3596 374 3659 lib.
395 3599 408 3658 l
426 3617 494 3678 pag.
516 3599 536 3660 3
555 3597 602 3659 ed.
624 3597 747 3660 Miller:
767 3597 981 3678 Immittiom’s
1000 3597 1088 3676 αραιί
1107 3598 1238 3660 Graecos
1258 3601 1349 3662 mira

229 3704 387 3780 felicitas.-
417 3703 521 3787 κηρίον
550 3705 739 3784 inscripsere,
769 3705 853 3786 quod
868 3702 1009 3768 uolebant
1029 3705 1168 3784 intelligi
1173 3704 1228 3786 sa
1236 3725 1350 3768 uum.-

232 3812 293 3874 alii
312 3808 404 3894 κέρας
422 3807 622 3893 Ἀμαλθείας,
650 3811 733 3889 quod
755 3811 899 3893 Copiae
922 3831 1047 3874 cornu
1068 3818 1124 3874 etc.
1168 3815 1215 3874 De
1240 3811 1352 3876 simili-

231 3920 290 3982 bus
313 3918 497 4000 soriptorum
518 3918 667 3981 indicibus
695 3920 805 4000 quibus
830 3919 1057 4000 designarentur
1087 3919 1156 3981 libri
1178 3919 1272 3983 multa
1295 3943 1350 3985 να-

232 4026 336 4108 τίαηυε
368 4026 553 4090 continentes
582 4025 730 4089 videndns
760 4026 838 4089 inter
866 4027 1051 4088 recentiores
1081 4029 1195 4090 Corsos
1220 4025 1349 4094 Ἀτακτ.

231 4130 309 4216 Τομ.
330 4132 356 4198 αί
381 4131 512 4217 Προλεγ.
534 4133 597 4194 σελ.
621 4131 655 4216 β.

316 4241 352 4319 7)
376 4235 451 4320 Περὶ
471 4236 627 4321 εὐθυμίης.
670 4242 757 4304 Hunc
777 4241 887 4304 libmm
907 4261 970 4305 nou
988 4249 1063 4322 puto
1086 4243 1239 4305 diversum
1249 4245 1348 4310 inisse
