2892 4872
298 312 359 376 ldfi
639 307 836 372 Quaestionum
857 309 1092 366 Democriteus-an

297 483 374 560 (που
396 477 495 540 solum
516 477 554 538 dc
575 479 634 540 boc
657 478 725 560 ipso
741 477 862 560 loquor,
875 475 1030 538 sedetiam
1042 477 1080 540 de
1093 477 1389 540 commentatoriornm

297 588 466 650 ethicorum
494 587 629 666 partibus
661 585 795 669 Φρύγιος
825 583 930 666 λόγος,
959 582 1133 654 Χαλδαϊκὸς
1161 585 1249 668 λόγος
1268 589 1335 664 etc.)
1357 587 1392 648 ita

299 703 443 760 tractasse
473 697 550 758 baruc
580 695 767 771 doctrinam,
797 699 831 754 ut
860 699 1003 776 quantum
1034 693 1099 755 fieri
1126 701 1236 776 posset,
1265 701 1391 758 accurate

298 803 468 868 constitutis
494 803 604 865 finibus
633 823 669 864 ac
691 802 835 879 terminis,
863 802 992 880 majores
1020 803 1103 865 orbis
1128 811 1272 866 terrarum
1291 809 1392 864 nactus

300 913 504 992 distingueret
554 912 647 993 Quod
676 911 843 973 institutum
875 908 979 970 inutile
1000 929 1068 972 esse
1092 931 1216 974 censens
1236 911 1393 973 Eratostbe

298 1039 353 1082 nes
377 1027 467 1102 atque
493 1021 534 1082 ita
563 1026 771 1100 comparatum
787 1016 944 1096 judicans,
975 1023 1009 1080 ut
1034 1019 1074 1080 ad
1102 1039 1151 1082 res
1171 1020 1296 1100 agonem
1314 1039 1392 1080 nemo

299 1129 368 1190 inde
392 1128 542 1208 proficere
563 1133 676 1208 posset,
699 1145 807 1188 eorum
828 1125 967 1202 studium,
993 1125 1045 1207 qui
1067 1127 1176 1189 eodem
1197 1126 1287 1190 modo
1308 1127 1335 1188 iu
1353 1145 1394 1188 or-

297 1236 345 1298 bis
365 1242 462 1298 terrae
481 1235 642 1315 partitione
668 1239 861 1296 versarentur
889 1241 980 1317 atque
1010 1234 1088 1298 inter
1114 1255 1148 1298 se
1169 1236 1321 1316 litigarent,
1341 1241 1394 1296 ten-

298 1363 388 1426 quam
410 1343 498 1404 iuane
517 1342 720 1422 proscribens,
749 1339 811 1424 ἔριν
834 1345 895 1406 τῶν
918 1339 996 1404 κατὰ
1016 1340 1207 1427 Δημόκριτον
1229 1343 1394 1405 διαιτώντων

298 1450 468 1532 appellavit.
512 1452 547 1512 io
574 1449 726 1514 volumine
749 1446 773 1512 Γ
775 1449 952 1534 εωγραρίης
981 1451 1103 1512 nomine
1131 1451 1274 1533 inscripto
1300 1447 1395 1530 procul

298 1559 392 1622 dubio
414 1559 608 1622 Democritus
628 1576 691 1620 nou
715 1556 815 1619 solum
840 1557 878 1618 de
901 1557 938 1619 iis
964 1558 1026 1638 egit
1051 1559 1142 1622 terris
1173 1581 1247 1643 quas
1275 1559 1336 1639 ipse
1351 1575 1395 1636 pe·

298 1673 480 1746 regraverat,
502 1668 557 1728 sed
583 1665 673 1728 etiam
694 1666 733 1728 de
759 1663 817 1726 iliis
839 1665 1022 1746 regionibus,
1053 1667 1091 1730 de
1121 1669 1229 1751 quibus
1249 1670 1322 1730 fama
1342 1673 1395 1726 tan

298 1783 361 1838 tum
391 1782 421 1837 at
442 1775 597 1838 auditione
626 1773 740 1856 aliquid
769 1781 945 1852 acceperat,
977 1793 1047 1836 cum
1068 1776 1189 1854 judicio
1219 1783 1248 1839 et
1274 1773 1394 1838 acumine

298 1883 447 1962 exposuit
489 1883 524 1944 ld
546 1880 788 1944 concludendum
811 1889 916 1944 estex
939 1881 1074 1958 ejusdem
1096 1883 1256 1948 Strabonis
1273 1883 1320 1944 lib.
1339 1879 1393 1942 XV

296 2011 327 2069 p.
348 1991 419 2067 703,
441 1990 492 2052 ubi
521 2009 559 2052 ex
585 1989 798 2069 Megastbanis,
826 1987 877 2071 qui
904 1987 1069 2050 Alexandri
1088 1991 1193 2072 Magni
1220 1992 1257 2054 ad
1278 1989 1394 2054 Sandro

298 2103 407 2159 cattam
426 2117 528 2178 regem
553 2096 671 2176 legatus
698 2099 810 2171 iuerat,
838 2097 891 2176 (ci.
913 2097 985 2158 ibid.
1006 2117 1074 2178 pag.
1095 2101 1175 2180 702)
1203 2097 1294 2160 nobili
1313 2113 1394 2176 opere

297 2205 335 2266 do
357 2205 448 2268 rebus
473 2205 583 2266 Indicis
603 2204 696 2266 refert
719 2210 840 2284 praeter
864 2203 924 2266 alie
940 2204 1044 2282 multa,
1066 2208 1150 2285 apud
1173 2207 1290 2270 Prasios
1309 2203 1336 2266 in
1356 2221 1394 2262 ro

297 2314 386 2392 giono
406 2321 547 2376 montana
561 2312 666 2374 Siliam
678 2312 800 2374 fluvium
820 2331 897 2390 esse,
913 2312 962 2374 cui
976 2312 1050 2374 nibil
1070 2313 1192 2392 innatet,
1205 2313 1395 2376 Democritum

296 2429 413 2498 autem,
440 2422 493 2503 qui
521 2439 659 2501 magnam
680 2418 771 2482 Asiae
800 2433 916 2502 partem
945 2423 1161 2502 peragraverit,
1187 2424 1245 2484 boc
1267 2437 1395 2484 nonore

297 2529 377 2591 dere.
422 2530 525 2592 Verba
551 2549 663 2610 graece
692 2535 777 2590 sunt:
819 2525 872 2592 Ἐν
896 2529 930 2591 δὲ
958 2550 995 2612 τη
1024 2527 1132 2612 ὀρεινῇ
1152 2528 1255 2592 Σιλίαν
1273 2524 1394 2609 ποταμδν

297 2636 384 2715 εἶναι,
400 2633 426 2722 ᾧ
450 2636 545 2719 μηδὲν
568 2635 698 2698 ἐπιπλεῖ.
742 2634 932 2719 Δημόκριτον
954 2635 1009 2719 μὲν
1022 2633 1076 2698 οὖν
1097 2635 1244 2716 ἀπιστεῖν,
1264 2636 1314 2700 ἅτε
1333 2634 1393 2696 πολ·

297 2745 351 2826 λην
375 2749 428 2826 τῆς
443 2741 551 2810 Ἀσίας
571 2741 822 2827 πεπλανημένον·
844 2745 895 2808 καὶ
914 2741 1130 2828 Ἀριστοτέλης
1155 2745 1190 2808 δὲ
1211 2744 1333 2807 ἀπιστεῖ.
1358 2740 1395 2801 Ex

295 2856 355 2914 boc
378 2851 509 2915 efficitur
535 2852 752 2928 Democritum,
777 2851 848 2914 licet
868 2851 897 2913 iu
919 2853 1003 2914 lndio
1025 2871 1087 2913 non
1116 2853 1217 2930 fuerit,
1243 2859 1334 2913 tamon
1364 2847 1395 2906 de

296 2963 387 3024 rebus
405 2961 515 3022 indicis
536 2961 706 3040 scripsisse,
735 2960 775 3022 ite
801 2960 873 3035 fere,
894 2967 929 3022 ut
949 2979 1026 3042 quae
1046 2960 1205 3023 audiverat
1225 2958 1347 3034 obedis,
1364 2951 1395 3013 ad

296 3089 434 3134 severum
458 3089 584 3130 examen
606 3074 773 3130 revocaret
825 3069 946 3148 Quodsi
972 3066 1106 3130 inludia
1128 3069 1246 3143 fuisset,
1267 3085 1324 3127 non
1346 3069 1394 3122 ιυιιι

294 3177 468 3254 hujusmodi
489 3197 539 3238 res
560 3197 621 3240 non
645 3176 830 3254 credidisset,
860 3177 916 3239 sed
937 3196 989 3238 aas
1016 3194 1104 3239 veras
1127 3195 1196 3240 esse
1217 3175 1265 3238 vel
1286 3178 1395 3235 conten-

295 3283 389 3346 disset
406 3285 455 3344 vei
473 3286 642 3364 praefracte
664 3289 812 3364 negasset.
855 3285 888 3346 iu
915 3285 974 3346 hoc
994 3281 1148 3346 volumine
1172 3286 1298 3346 fortasse
1318 3277 1393 3338 etiem

293 3390 450 3471 legebatur
471 3391 638 3454 Democriti
658 3392 696 3453 de
709 3391 774 3454 Niii
797 3390 1042 3454 inundationibus
1065 3390 1182 3470 opinio,
1205 3392 1243 3452 de
1264 3407 1321 3472 qua
1331 3383 1393 3446 Dia

294 3498 360 3559 dor.
380 3500 404 3573 1,
422 3499 480 3560 39:
511 3496 701 3582 Δημόκριτος
721 3497 756 3562 δὲ
778 3499 794 3560 ὁ
815 3497 999 3584 Ἀβδηρίτης
1019 3499 1109 3583 φησὶν
1134 3498 1171 3560 οὐ
1197 3497 1248 3560 τδν
1267 3492 1333 3578 περὶ
1350 3487 1393 3569 τὴν

296 3603 486 3686 μεσημβρίαν
507 3603 599 3667 τόπον
629 3606 829 3689 χιονίζεσθαι,
853 3607 1008 3691 (καθάπερ
1033 3605 1152 3690 εἴρηκεν
1175 3601 1336 3688 Εὐριπιδης
1352 3593 1393 3658 καὶ

289 3707 514 3792 Ἀναξαγόρας)
539 3710 618 3774 ἀλλὰ
646 3713 697 3776 τὸν
725 3715 794 3798 περὶ
821 3715 875 3784 τὰς
900 3712 1043 3798 ἄρκτους·
1073 3712 1125 3776 καὶ
1152 3714 1243 3775 τοῦτο
1274 3701 1394 3791 ἐμφανὲς

295 3816 372 3880 εἶναι
391 3819 475 3879 πᾶσι.
520 3815 563 3882 Tb
589 3819 623 3882 δὲ
644 3821 764 3904 πλῆθος
785 3825 839 3905 τῆς
858 3820 1075 3907 σωρευομένης
1092 3819 1197 3906 χιόνος
1217 3817 1248 3881 ἐν
1269 3817 1330 3881 τοῖς
1352 3811 1392 3894 βο·

294 3925 387 4010 ρείοις
409 3922 515 4008 μέρεσι
541 3926 610 4010 περὶ
642 3929 697 4011 μὲν
725 3929 779 3997 τὰς
806 3929 921 4013 τροπὰς
948 3929 1047 4013 μένειν
1077 3925 1222 4012 πεπηγός,
1252 3923 1283 3986 έν
1304 3921 1337 3983 δὲ
1357 3911 1393 3997 τῷ

292 4031 378 4116 θέρει
407 4031 618 4117 διαλυομένων
642 4033 700 4097 ὑπδ
723 4040 776 4118 τῆς
798 4035 968 4121 θερμασίας
993 4043 1053 4100 τῶν
1075 4037 1191 4120 πάγων,
1214 4029 1328 4110 πολλὴν
1351 4043 1391 4102 ττι·

291 4137 406 4204 κεδένα
428 4139 575 4222 γίνεσθαι,
587 4141 637 4203 καὶ
658 4141 708 4206 διὰ
728 4147 817 4207 τοῦτο
837 4145 939 4209 πολλὰ
953 4143 1117 4228 γεννᾶσθαι
1137 4143 1187 4206 καὶ
1207 4135 1310 4222 παχέα
1324 4129 1391 4212 νέφη

290 4248 359 4332 περὶ
378 4246 449 4315 τοὺς
469 4245 715 4331 μετεωροτέρους
731 4255 791 4315 τῶν
806 4251 917 4332 τόπων,
932 4253 1082 4336 δαψιλοῦς
1101 4255 1153 4336 τῆς
1167 4242 1393 4328 ἀναθυμιάσεως
