2892 4872
431 271 516 326 Liber
533 271 569 330 ll.
608 271 651 328 Dc
665 271 817 328 Democriti
835 277 955 346 scriptis.
1189 283 1248 346 151

123 439 252 503 stantini
281 440 562 520 Porphyrogenneti
580 442 671 518 jussu
706 439 894 504 aCasslano
925 447 1021 507 Basso
1049 467 1067 508 e
1095 449 1248 512 variorum

124 555 291 610 auctorum
318 547 404 610 libris
436 545 565 610 collecta
591 547 630 608 ad
665 527 808 613 nostram
827 553 1002 613 memoriam
1029 562 1147 618 servata
1167 565 1244 620 sunt.

123 657 163 718 id
184 661 269 716 recte
289 655 422 718 arbitror
441 654 610 718 Niclasium
634 656 672 717 ad
698 656 874 718 Needbamii
897 661 1034 740 Prolcgg.
1054 661 1084 722 iu
1106 664 1245 745 Geopon.

123 785 198 846 pag.
220 764 394 826 xxxvln
416 784 453 826 ex
475 785 513 826 eo
536 763 683 844 coegisse,
712 765 795 845 qnod
817 785 895 846 qnae
917 769 998 846 apud
1020 768 1187 831 Palladium
1207 793 1245 832 ex

124 872 299 938 Democriti
324 871 515 954 aliorumque
538 872 576 933 de
605 870 789 951 agricultura
810 872 1014 938 voluminibus
1035 883 1134 938 sumta
1153 876 1244 940 iatine

125 983 282 1062 leguntur,
307 1000 343 1041 ea
359 980 390 1040 in
409 979 545 1044 Cassiani
565 979 751 1058 Geopouicis
776 979 839 1040 lere
865 1000 985 1060 semper
1005 1002 1113 1061 graece
1132 984 1245 1064 scripta

125 1096 258 1163 exstaret,
281 1089 416 1168 exceptis
443 1096 541 1150 tamen
567 1087 703 1167 pluribus
730 1086 806 1148 locis
828 1109 906 1170 quos
935 1090 1046 1162 frustra
1069 1090 1100 1150 in
1123 1092 1245 1172 Geopo-

124 1197 209 1259 nicis
227 1215 364 1278 quaeras,
389 1203 494 1283 ,Quos
516 1196 604 1258 locos
633 1197 659 1258 si
681 1195 843 1258 Cassianus
864 1216 972 1275 graece
995 1198 1093 1259 adimo
1116 1201 1244 1262 rrrvenis-
1323 1255 1327 1262 .

123 1312 186 1381 set,
206 1324 393 1387 nequaqnam
410 1305 530 1368 videtur
550 1304 718 1366 omissuros
739 1303 840 1366 luisse.
885 1306 1044 1366 Caeterum
1064 1304 1149 1384 prius
1170 1306 1243 1368 illud

123 1411 354 1492 Georgicorum
381 1431 494 1491 corpus
526 1432 586 1494 quo
616 1411 783 1474 Palladium
813 1433 900 1474 risum
929 1411 1150 1488 existimamus,
1180 1409 1260 1476 non

125 1521 219 1582 valde
247 1519 399 1582 diversum
435 1520 528 1582 luisse
560 1519 721 1582 verisimile
750 1527 796 1581 est
828 1521 866 1581 ab
895 1542 933 1582 eo
964 1520 1046 1601 quod
1076 1521 1242 1584 Vindauins

126 1619 291 1692 Anatoiins
321 1627 521 1705 concinnavit,
554 1629 592 1690 de
621 1650 681 1711 quo
710 1625 834 1690 Photins
861 1629 937 1691 Cod.
964 1629 1096 1690 CLXili.
1140 1634 1241 1711 Quum

125 1745 233 1800 antem
247 1737 312 1813 jam
332 1735 521 1800 Columellas
544 1743 689 1816 tempore,
710 1737 805 1798 idest
826 1736 925 1816 primo
945 1747 1017 1815 post
1039 1736 1109 1800 (tire.
1128 1759 1156 1799 n.
1177 1759 1242 1800 sae-

128 1845 203 1910 culo
235 1849 386 1906 exstarent
413 1843 484 1906 Boii
515 1843 663 1912 Mendesii
696 1843 733 1906 de
755 1864 789 1905 re
820 1844 963 1924 pecuaria
984 1851 1162 1920 commenta,
1183 1849 1240 1908 snb

127 1951 300 2016 Democriti
321 1952 441 2014 nomine
472 1951 548 2014 ialso
575 1951 696 2031 prodita
722 1952 775 2031 (cl.
805 1952 923 2014 Colum.
950 1951 1001 2014 lib.
1029 1955 1092 2030 Vll,
1120 1957 1147 2030 5,
1177 1958 1239 2033 17),

128 2060 197 2124 lieri
218 2067 328 2139 potest,
351 2065 385 2120 ut
403 2061 468 2136 jam
493 2059 524 2120 in
552 2058 655 2138 priore
684 2079 816 2139 corpore
845 2061 1066 2139 Georgicorum
1096 2063 1241 2124 nonrmlla

128 2168 244 2231 inerunt
272 2168 393 2230 decreto
422 2173 452 2229 et
477 2175 640 2247 praecepta
669 2167 908 2229 auebnlonibus
931 2168 1106 2230 Democrito
1127 2189 1241 2249 suppo-

128 2279 200 2354 sita,
233 2277 315 2358 quod
344 2281 443 2337 minen
475 2295 534 2355 pro
567 2281 651 2338 certo
684 2275 777 2336 nolim
799 2275 956 2336 affirmare.
999 2276 1060 2336 Sed
1090 2277 1240 2355 probabili

129 2387 308 2465 conjecturo
329 2383 465 2458 insertur,
475 2390 582 2462 postea
595 2382 748 2444 arabicum
761 2382 946 2444 Democritei
959 2382 1028 2442 libri
1048 2384 1239 2462 interpretem

128 2491 208 2554 nibil
226 2489 353 2580 venisse
374 2491 431 2552 nisi
454 2491 576 2571 eclogas
598 2472 795 2553 eDemocriti
816 2510 910 2570 opere
924 2491 988 2568 jam
1009 2491 1126 2568 pridem
1147 2493 1239 2554 bretos

130 2619 246 2681 easque
262 2599 370 2679 partim
382 2599 526 2680 autiquae,
538 2599 646 2678 partim
664 2599 775 2678 spuriis
794 2597 872 2658 locis
891 2598 1080 2659 adulteratas.
1123 2599 1240 2661 Etenim

128 2707 370 2772 Democriticnm
383 2707 420 2768 de
434 2725 467 2767 re
489 2706 602 2768 rustica
617 2727 696 2786 opus
719 2727 736 2768 e
758 2724 868 2785 gracco
882 2724 1021 2767 sermone
1041 2707 1069 2766 in
1087 2707 1240 2770 arabicum

130 2815 285 2879 transtulit
303 2814 372 2877 Abu
388 2815 488 2876 Baker
508 2815 573 2875 Ben
594 2814 749 2892 Vabsscia,
774 2814 895 2876 natione
917 2796 1095 2892 Chaldaeae,
1115 2815 1240 2876 secundi

129 2925 243 3004 Egirac
263 2923 375 2985 saeculi
401 2921 548 3008 scriptor,
574 2922 625 3003 qni
647 2922 793 2983 excitatur
818 2921 848 2982 in
873 2921 1026 2983 volumine
1052 2921 1174 2984 arabico
1202 2923 1240 2982 dc

129 3031 326 3112 agricrdtnrc,
347 3030 433 3108 cnjm
455 3035 563 3092 auctor
589 3031 763 3108 perhibetur
788 3027 857 3090 Abu
882 3029 1042 3092 Zacharias
1063 3031 1148 3090 Jabia
1175 3029 1239 3090 Beu

130 3139 294 3202 blobamed
305 3137 371 3198 Ben
385 3137 514 3211 blamed,
528 3136 619 3216 vulgo
635 3137 823 3212 Ebnblrum,
847 3137 1041 3217 iiispaiieusls
1060 3143 1135 3198 teste
1157 3137 1240 3198 Casi-

132 3247 181 3308 rio
208 3247 239 3307 in
267 3243 455 3307 Bibliotheca
476 3245 753 3324 arabicobispanica
773 3245 958 3306 Scorialensi
984 3245 1089 3307 tomi
1119 3267 1147 3324 p.
1168 3245 1237 3308 323.

131 3355 196 3418 Sed
216 3374 308 3436 quum
334 3373 389 3434 per
412 3351 502 3414 urersri
526 3354 593 3416 aevi
618 3353 757 3416 tenebras
779 3355 900 3434 impune
919 3354 1026 3415 liceret
1047 3354 1176 3436 antiquis
1198 3355 1241 3416 al-

131 3464 247 3544 tingere
273 3461 353 3523 dicta
380 3468 410 3523 et
439 3461 549 3522 mutilis
576 3460 661 3522 libris
690 3469 791 3542 portes
819 3463 1041 3545 qualescunque
1072 3462 1241 3538 adnectere,

132 3574 264 3634 nonest
287 3569 452 3631 mirandum
480 3569 630 3646 evenisse,
661 3577 693 3631 ut
724 3571 900 3634 Democrito
930 3591 983 3632 eae
1008 3570 1242 3633 attribuerentur

132 3679 172 3740 de
193 3697 228 3740 re
250 3678 363 3740 ronstica
383 3677 620 3757 praeceptiones,
649 3679 687 3738 dc
712 3681 820 3760 quibus
850 3679 915 3759 ipse
941 3699 1093 3762 nunquam
1115 3678 1242 3760 cogitas-

133 3793 188 3852 set.
231 3788 334 3868 itaque
357 3786 386 3846 in
416 3785 601 3866 Geoponicis
630 3807 648 3846 a
675 3787 821 3850 Cassiano
849 3789 946 3848 Basso
968 3806 1061 3848 unum
1081 3785 1112 3848 iu
1129 3806 1242 3868 corpus

133 3894 266 3956 redactis
287 3894 380 3956 molta
409 3895 509 3956 insrmt
531 3895 696 3957 Democriti
723 3897 844 3958 nomine
871 3901 984 3970 orrrata,
1007 3913 1083 3975 qnae
1106 3893 1242 3970 ridicula,

133 4003 329 4098 inconcinna,
368 4003 468 4082 urrrpta
503 4007 646 4084 tantoque
678 4005 744 4066 viro
778 4005 900 4084 indigna
924 4021 992 4063 esse
1022 4000 1113 4063 dicas.
1162 4003 1243 4063 ilaec

134 4111 238 4172 omnia
265 4129 327 4174 nno
354 4109 447 4192 volntv
462 4111 521 4172 icta
548 4113 652 4190 rejecit
676 4113 879 4175 Needbamins
906 4110 1045 4190 Proiegg.
1068 4129 1098 4189 p.
1120 4111 1173 4172 LV
1197 4111 1244 4171 ed.

133 4219 258 4298 Nicias,
279 4218 457 4282 recentioris
477 4221 632 4300 cujusdam
643 4221 809 4284 Democriti
828 4241 894 4284 csso
914 4220 1027 4298 dicens,
1038 4218 1090 4301 qni
1103 4217 1247 4300 bemica
