2984 4876
321 317 385 383 ffi
650 317 847 382 Quaestionum
866 314 1101 372 Democriteum

406 489 456 549 ll.
500 481 600 548 Οὐδὲν
623 485 729 568 χρῆμα
753 483 849 567 μάτην
871 482 994 566 γίνεται,
1017 481 1097 546 ἀλλὰ
1119 481 1218 570 πάντα
1234 483 1269 549 ἐκ
1288 483 1377 568 λόγου
1397 507 1426 547 τε

323 594 374 658 καλ
396 590 447 657 ὑπ’
470 591 611 676 ἀνάγκης.
651 592 737 656 Stob.
762 593 817 656 cel.
840 594 926 674 phys.
946 611 976 672 p.
1001 593 1071 656 160.

408 747 456 818 (λ.
499 747 757 812 FRAGMENTA
785 749 992 812 LIBRORUlll
1021 747 1076 808 DE
1098 747 1351 810 ANlllALlBUS.

409 887 436 946 1.
480 879 570 964 Λέγει
603 879 793 964 Δημόκριτος
825 885 884 942 τῶν
921 883 1009 952 ζώων
1042 877 1134 963 μόνον
1166 879 1216 941 τὸν
1250 877 1357 941 λέοντα
1387 876 1425 938 έκ-

323 987 527 1072 πεπταμένοις
548 986 701 1050 τίκτεσθαι
729 991 793 1056 τοῖς
824 985 1016 1070 ὀφθαλμοῖς,
1041 986 1100 1071 ἤδη
1130 986 1242 1070 τρίπον
1264 985 1328 1048 τινὰ
1349 984 1425 1047 tello·

326 1095 468 1182 μωμένον
500 1095 550 1158 καλ
573 1091 604 1163 ἐξ
638 1093 755 1156 ὠδίνων
785 1095 965 1179 δρασείοντοί
994 1117 1022 1156 τι
1054 1093 1189 1177 μανικόν.
1247 1095 1360 1158 Aelian.
1393 1093 1425 1152 de

325 1205 442 1270 anunm
462 1210 522 1267 nat.
545 1203 596 1265 lib.
619 1204 648 1265 V
671 1223 736 1283 cap.
757 1205 808 1267 89.

408 1317 437 1376 *2.
480 1309 570 1394 Λέγει
601 1307 631 1371 δ’
663 1307 880 1393 Ἀριστοτέλης
911 1309 962 1371 καὶ
999 1307 1190 1393 Δημόκριτος
1222 1311 1281 1393 πρὸ
1316 1306 1423 1370 ἐκείνου

325 1416 525 1504 Θεόφραστός
549 1438 582 1479 τε
603 1415 637 1479 ἐκ
656 1417 762 1502 τρίτων
782 1416 833 1478 καὶ
855 1415 946 1484 αὐτός
969 1427 1053 1500 φησι,
1069 1415 1109 1500 μὴ
1133 1419 1179 1502 τῷ
1200 1417 1329 1501 ἁλμυρῷ
1349 1415 1425 1476 ὕδατι

324 1527 492 1614 τρέφεσθαι
511 1523 582 1592 τοὺς
606 1524 704 1609 ἰχθῦς,
732 1522 812 1586 ἀλλὰ
839 1521 885 1608 τῷ
908 1521 1124 1607 παρακειμένῳ
1142 1545 1180 1608 τη
1208 1523 1343 1606 θαλάττῃ
1364 1522 1423 1604 γλυ-

324 1639 374 1699 κεῖ
394 1635 489 1698 ὕδατι.
533 1631 649 1695 Aelian.
673 1633 710 1693 de
731 1631 847 1695 annual.
870 1636 929 1692 nat.
950 1631 1002 1694 lib.
1023 1632 1070 1692 lX
1093 1651 1161 1712 cap.
1183 1636 1234 1698 fil.

407 1744 435 1803 3.
479 1738 569 1822 Λέγει
596 1736 786 1821 Δημόκριτος
817 1736 987 1819 πολύγονον
1018 1736 1096 1799 εἶναι
1126 1735 1159 1800 ὗν
1193 1740 1245 1803 καλ
1273 1738 1356 1814 κύνα,
1381 1735 1424 1798 καὶ

322 1849 376 1933 τὴν
399 1847 495 1910 αἰτίαν
517 1844 698 1929 προστίθησι
721 1842 829 1926 λέγων,
861 1843 905 1906 ὅτι
933 1845 1051 1914 πολλὰς
1081 1841 1149 1930 ἔχει
1170 1845 1226 1916 τὰς
1249 1847 1361 1931 μήτρας
1380 1843 1423 1905 καὶ

322 1954 393 2022 τοὺς
412 1952 523 2022 τόπους
551 1951 622 2020 τοὺς
647 1949 800 2019 δεκτικοὺς
827 1953 882 2012 τοῦ
916 1951 1099 2035 σπέρματος.
1144 1949 1186 2017 Ὁ
1220 1955 1318 2017 τοίνυν
1340 1951 1423 2034 θορλς

324 2059 380 2124 οὐκ
404 2059 438 2122 ἐκ
465 2060 535 2141 μιᾶς
564 2059 660 2142 ὁρμῆς
688 2057 808 2126 ἁπάσας
834 2055 927 2126 αὐτὰς
956 2057 1123 2144 ἐκπληροῖ,
1151 2061 1235 2125 ἀλλὰ
1266 2060 1310 2129 δίς
1329 2081 1360 2121 τε
1379 2057 1422 2118 καὶ

322 2169 384 2254 τρὶς
407 2171 502 2230 ταῦτα
527 2165 564 2228 τὰ
593 2169 659 2237 ζῶα
688 2162 892 2248 έπιίλίρνυται,
919 2163 968 2227 ίνα
998 2189 1017 2248 η
1051 2168 1196 2253 συνέχεια
1222 2155 1369 2252 πληρώση
1390 2162 1421 2226 τὰ

321 2280 376 2340 τοῦ
393 2274 483 2358 γίνου
505 2271 634 2334 δεκτικά.
673 2269 840 2355 Ἧμιίνους
860 2272 894 2334 δὲ
914 2271 996 2354 λέγει
1010 2274 1050 2358 μὴ
1073 2276 1193 2352 τίκτειν,
1215 2278 1255 2362 μὴ
1275 2275 1332 2360 γὰρ
1348 2273 1421 2358 ἔχειν

322 2381 432 2465 ὁμοίας
453 2380 569 2464 μήτρας
597 2382 660 2448 τοῖς
688 2379 794 2448 ἄλλοις
824 2383 925 2456 ζώοις,
948 2379 1176 2467 ἑτερομίρρους
1196 2384 1230 2447 δὲ
1253 2385 1358 2467 ἥκιστα
1379 2383 1420 2442 δυ-

320 2489 454 2575 ναμένας
482 2487 572 2570 γονὴν
606 2483 770 2555 δέξασθαι·
810 2487 850 2571 μὴ
881 2485 939 2571 γὰρ
974 2485 1051 2549 εἶναι
1080 2487 1205 2572 φύσεως
1230 2490 1348 2574 ποίημα
1375 2487 1420 2568 τἠν

404 2659 454 2718 ll.
496 2652 580 2715 Nilril
611 2659 724 2715 temere
759 2653 800 2730 lit,
838 2654 892 2716 setl
925 2654 1025 2716 omnia
1054 2655 1169 2718 ratione
1198 2665 1229 2720 et
1254 2656 1421 2720 necessitate

204 2754 209 2764 ⁴
320 2767 504 2843 contingunt.

406 2875 433 2932 l.
475 2869 522 2929 Ex
552 2867 731 2929 animalibus
760 2869 858 2930 solum
879 2868 998 2930 leonem
1017 2869 1101 2930 nasci
1122 2869 1220 2932 oculis
1239 2869 1348 2951 apertis
1367 2869 1420 2926 lle

319 2977 464 3040 moeritus
484 2975 534 3051 ait,
553 2981 693 3056 tanlquam
714 2975 814 3037 statim
836 2995 854 3036 a
880 2981 968 3054 partu
993 2975 1169 3038 iracundum
1188 2984 1218 3040 et
1240 2980 1340 3040 lurore
1360 2991 1420 3053 pcr-

319 3087 410 3148 citum
432 3082 544 3164 aliquitl
563 3081 763 3144 meditantem.

404 3194 432 3252 9.
474 3189 654 3252 Aristoteles
686 3197 716 3250 ct
740 3195 808 3250 ante
835 3189 915 3250 launo
936 3190 1130 3252 Democritus
1152 3197 1183 3254 et
1204 3192 1309 3254 tertius
1329 3189 1419 3250 'llaec-

318 3299 458 3377 plrrastus
479 3295 560 3372 dicit,
584 3314 645 3357 non
663 3315 741 3376 aqua
762 3295 850 3373 salsa,
870 3296 925 3358 sed
945 3296 1027 3360 dulci
1050 3317 1126 3378 quae
1142 3300 1231 3376 juxta
1250 3297 1357 3361 salsam
1377 3311 1418 3354 re-

318 3404 462 3484 periatur,
481 3402 581 3481 pisces
603 3403 670 3484 (qui
691 3423 773 3466 utare
797 3403 945 3484 incolunt)
964 3404 1013 3467 ali.
1063 3419 1070 3431 ·

403 3511 431 3572 3.
476 3511 606 3572 Cursus
627 3517 657 3571 et
678 3511 759 3572 canis
782 3511 841 3572 sint
855 3517 914 3572 tam
929 3512 1085 3590 fecundae,
1101 3515 1295 3575 Democritus
1306 3523 1417 3572 causatu

317 3619 414 3692 alleri,
435 3618 517 3699 quod
541 3615 738 3696 multiplicem
773 3617 892 3680 vulvam
918 3625 950 3681 et
980 3620 1102 3682 seminis
1130 3619 1218 3682 sedes
1244 3615 1417 3697 receptrices

317 3725 425 3787 nrrrltas
448 3724 583 3786 habeant.
626 3725 686 3786 Eas
711 3745 817 3788 corrues
838 3745 941 3788 semen
967 3744 1030 3789 non
1051 3747 1114 3790 uuo
1137 3726 1212 3788 irritu
1235 3723 1343 3804 explet,
1368 3714 1415 3778 sel

316 3831 423 3893 iterum
445 3837 474 3894 et
491 3833 612 3912 saepius
634 3851 687 3895 eae
705 3833 898 3910 seminantur,
913 3839 947 3896 ut
963 3833 1131 3915 frequentia
1152 3833 1274 3896 seminis
1293 3831 1416 3905 recepto

315 3939 414 4000 tocula
432 3937 619 4017 impleantur.
668 3939 768 4002 Marias
795 3940 874 4000 idem
892 3959 955 4001 rrou
975 3959 1084 4019 parere
1106 3943 1154 4017 ait,
1175 3958 1273 4022 neque
1291 3934 1365 3997 enirn
1382 3927 1415 3989 sl-

315 4043 400 4104 miles
420 4043 487 4105 aliis
507 4045 613 4108 vulvas
632 4046 810 4108 animalibus
833 4047 954 4120 habere,
966 4048 1019 4108 sed
1042 4048 1141 4110 forma
1153 4048 1284 4110 diversas
1303 4037 1414 4102 murone

314 4149 476 4229 concipere
495 4171 602 4230 posse;
622 4173 720 4234 neque
741 4153 819 4215 euim
838 4153 934 4216 mulas
955 4173 1022 4216 esse
1043 4161 1167 4218 naturae
1187 4173 1273 4234 opus,
1296 4148 1348 4212 sed
1366 4145 1412 4203 Λυ-

311 4274 415 4317 manae
433 4257 659 4322 machinationis
684 4261 895 4346 audaciaeque,
918 4268 952 4325 ut
975 4261 1016 4323 ila
1039 4261 1145 4340 dicam,
1162 4258 1357 4326 adulterinum
1374 4250 1412 4310 itl-
