2984 4876
362 305 446 360 Libcr
463 305 513 364 ΙΙΙ.
543 306 693 364 Democriti
714 325 824 380 operu-
842 311 1004 386 fragmenta.
1173 317 1237 384 231
1315 390 1318 398 ¹

121 471 256 556 ἥκιοτον.
301 467 364 534 Καὶ
386 469 541 534 συνελόντι
570 471 675 553 εἰπεῖν,
698 471 790 556 αύξης
813 476 833 558 ἡ
857 476 986 563 ἐπιρροὴ
1008 481 1088 544 αἰτία
1108 487 1170 552 τοῖς
1188 485 1234 548 κε’-

123 599 210 663 ραει·
241 577 352 661 ταύτην
384 577 419 641 δὲ
456 577 516 661 ἄρα
551 578 771 664 έποχετεύουσι
801 583 913 668 φλέβες
941 588 1083 652 πλεῖσταί
1113 611 1146 651 τε
1183 594 1234 656 καλ

120 685 296 770 παχύταται
321 684 373 748 καὶ
396 685 485 768 ύηρδν
512 685 652 764 κύουσαι,
680 688 752 751 ύοον
776 689 826 752 καὶ
847 690 989 754 δύνανται
1012 692 1134 777 στέγειν.
1176 696 1235 760 Aa

119 791 193 857 lian.
216 794 255 856 de
275 793 390 856 animai.
411 799 471 856 nat.
492 793 622 858 tib.x11
646 817 711 878 cap.
736 800 785 860 ⁵20.

333 1039 390 1106 l).
434 1040 690 1106 FRAGMENTA
714 1043 1021 1108 ASTRONOMICA.

209 1193 234 1252 1.
278 1184 339 1250 Τὸν
370 1189 405 1253 δὲ
435 1192 577 1276 σκορπίον
608 1191 735 1275 ύὴλιος
754 1193 970 1278 διαπορεύεται
992 1193 1023 1256 έν
1044 1194 1174 1280 ἡμέραις
1196 1197 1231 1264 λ’.

114 1293 170 1360 Ἐν
203 1296 238 1358 δὲ
270 1301 310 1380 τῇ
341 1295 364 1359 δ’
400 1297 502 1382 ἡμέρῳ
529 1299 710 1384 Δημοκρίτῳ
735 1301 879 1370 πλειάδες
909 1300 1033 1364 δύοοαιν
1069 1301 1135 1386 α’ίμα
1162 1305 1231 1388 ἡοῖ·

117 1403 230 1488 ἄνεμοι
250 1402 402 1488 χειμέριοι
425 1407 467 1472 ὡς
495 1403 531 1469 τὰ
558 1405 659 1468 πολλὰ
679 1407 730 1470 καὶ
753 1407 851 1494 ψύχη,
869 1407 929 1493 ἡδη
950 1409 1001 1472 καὶ
1022 1409 1141 1494 ποίχνη·
1172 1409 1232 1472 ἐπι·

115 1513 205 1572 πνεῖν
228 1513 325 1596 φιλεῖ·
355 1511 558 1596 φυλλορροεῖν
587 1511 715 1597 ἄρχεται
746 1514 783 1578 τὰ
813 1514 923 1598 δένδρα
943 1517 1084 1599 μάλιστα.
1121 1511 1173 1578 Ἐν
1198 1516 1232 1580 δὲ

114 1621 159 1700 τῇ
181 1615 214 1700 r(
247 1618 428 1704 Δημοκρίτῳ
457 1618 535 1704 λύρα
563 1617 722 1706 ἐπιβάλλει
753 1621 818 1705 ἅμα
844 1623 924 1707 ἡλίῳ
955 1622 1109 1708 ἀνίσχοντι
1137 1625 1187 1686 καὶ
1213 1624 1229 1686 ύ

114 1725 181 1808 ἇὴρ
200 1724 357 1810 χειμέριος
377 1727 490 1809 γίνεται
512 1729 554 1795 ὡς
569 1725 618 1790 ἐπὶ
634 1728 671 1792 τὰ
684 1730 796 1792 πολλοί.
824 1725 885 1792 Τὸν
908 1729 944 1792 δέ
965 1729 1089 1813 τοξότην
1114 1730 1233 1814 ύὴλιος

113 1830 336 1915 διαπορεύεται
366 1833 397 1895 ἐν
423 1832 553 1918 ἡμέραις
580 1832 637 1898 κδ’.
678 1833 732 1898 Ἐν
753 1837 789 1898 δὲ
813 1859 852 1920 πη
877 1835 912 1907 ις’
938 1837 1120 1920 Δημοκρίτῳ
1142 1836 1232 1906 ἀετὸς

113 1937 271 2002 ἐπιτέλλει
290 1938 356 2021 ἅμα
379 1940 458 2024 ἡλίῳ
485 1941 536 2002 καὶ
565 1939 773 2024 έπισημαίνειν
803 1946 889 2028 ῳιλεῖ
906 1943 1032 2029 βροντὴν
1052 1943 1103 2006 καὶ
1123 1941 1230 2028 ἀστρα-

110 2049 178 2129 πὴν
201 2047 251 2109 καὶ
272 2047 399 2131 ύδατιῆ
425 2047 530 2132 ἀνέμῳ
548 2048 568 2131 ἦ
591 2048 753 2134 ἀμφύτερα
774 2053 817 2120 ὡς
837 2049 886 2114 ἐπὶ
908 2049 946 2112 τὰ
964 2051 1075 2112 πολλοί.
1111 2046 1171 2113 Τὸν
1196 2052 1231 2114 δὲ

111 2151 286 2237 αἰγόκερων
310 2153 326 2216 ύ
346 2155 434 2239 ἥλιος
456 2154 670 2239 διαπορεύεται
695 2155 726 2218 ἐν
750 2156 880 2241 ἡμέραις
900 2156 956 2221 κδ’.
1001 2151 1054 2218 Ἐν
1077 2155 1111 2217 δὲ
1133 2161 1173 2239 τῇ
1194 2157 1229 2241 ιβ’

111 2260 300 2344 Δημοκρίτῳ
320 2259 407 2330 νύτος
425 2265 496 2323 πνεῖ
513 2306 657 2324 .......
673 2285 715 2332 ιος
738 2262 898 2326 ἐπιτέλλει.
939 2259 1000 2325 Τδν
1023 2262 1057 2324 δὲ
1079 2261 1229 2346 ὑδροχόον

112 2365 333 2450 διαπορεύεται
359 2368 375 2431 ύ
403 2367 491 2452 ἥλιος
523 2367 554 2430 ἐν
582 2369 712 2454 ἡμέραις
730 2369 765 2433 λ’.
803 2365 856 2432 Ἐν
877 2369 931 2453 μὲν
952 2365 1005 2433 οδν
1026 2372 1065 2452 τῇ
1084 2367 1108 2453 β’
1129 2369 1230 2451 Δημο-

111 2596 240 2662 solitum
268 2597 396 2660 solidius
425 2597 534 2660 hubent
559 2605 590 2660 ct
614 2601 844 2682 haudquaquam
865 2601 904 2661 ad
931 2619 1000 2662 eum
1023 2598 1230 2678 recipiendum

111 2707 268 2768 idoneum.
317 2707 356 2767 Ut
387 2705 519 2768 breviter
551 2706 657 2782 dicam,
684 2706 862 2770 incrementi
892 2725 983 2770 causa
1013 2706 1156 2768 cornibus
1182 2711 1228 2767 est

110 2811 286 2890 affluentia,
306 2834 396 2896 quam
426 2831 498 2876 saue
519 2812 666 2892 plurimae
689 2819 720 2875 et
746 2813 948 2876 crassissimae
977 2832 1070 2874 venae
1093 2813 1228 2889 humore,

111 2925 260 3003 quantum
281 2923 361 2983 serra
383 2924 519 3001 possunt,
547 2918 720 2999 gravidatae
738 2919 889 2984 invehunt.

202 3029 229 3090 1.
272 3028 434 3108 Scorpium
464 3026 520 3090 Sol
552 3032 689 3107 permeat
720 3025 828 3091 diebus
855 3026 982 3107 triginta
1037 3025 1095 3086 Die
1121 3032 1228 3105 quarto

112 3135 293 3197 Democrito
319 3134 453 3215 pleiades
484 3135 628 3200 occidunt
654 3153 772 3198 summo
794 3153 896 3196 mane:
931 3131 1012 3194 veuti
1029 3130 1146 3193 hiberni
1167 3131 1226 3212 pie-

113 3260 245 3323 rumque
263 3221 303 3303 et·
315 3243 429 3322 frigora
457 3247 488 3304 et
509 3243 632 3324 pruina:
661 3242 742 3304 solet
771 3241 847 3303 oriri
876 3241 978 3303 flatus:
1003 3237 1077 3302 solia
1098 3238 1228 3316 abjicere

112 3347 243 3410 maxime
265 3349 413 3430 iucipiuut
438 3350 573 3412 arbores.
625 3351 685 3412 Die
714 3347 943 3410 tertiodecimo
965 3346 1142 3409 Democrito
1163 3345 1229 3426 tyra

112 3455 252 3518 ascendit
272 3475 419 3519 unacum
440 3455 505 3518 scie
527 3457 644 3521 oriente
670 3461 700 3518 et
721 3459 776 3518 aar
799 3456 832 3516 fit
852 3461 1075 3534 tempestuosus
1097 3452 1230 3532 plerum-

112 3582 184 3644 que.
227 3563 420 3643 Sagittarium
452 3562 508 3626 Sol
538 3563 689 3644 percurrit
724 3562 831 3624 diebus
862 3561 966 3641 viginti
998 3581 1115 3623 novem.
1172 3560 1228 3620 Die

113 3677 204 3734 serto
232 3671 351 3733 decimo
381 3670 556 3732 Democrito
586 3669 686 3753 aquila
711 3669 809 3731 oritur
839 3666 928 3730 simul
953 3687 1022 3729 cum
1044 3667 1110 3728 sole
1133 3673 1163 3728 et
1185 3667 1228 3726 iu-

114 3798 209 3859 super
236 3778 405 3858 significare
432 3775 513 3838 solet
539 3777 654 3840 tonitru
681 3783 712 3838 et
741 3775 842 3856 fulgur
871 3793 940 3836 cum
965 3793 1044 3857 aqua
1063 3783 1115 3835 aut
1138 3779 1228 3834 vento

114 3893 167 3948 aut
188 3891 344 3966 utramque
367 3905 431 3946 rem
452 3883 638 3966 plerumque.
680 3883 901 3963 Capricornum
921 3879 976 3942 Sol
996 3886 1137 3961 peragrat
1167 3879 1229 3939 die-

114 3993 174 4054 bus
204 3991 308 4072 viginti
337 4011 456 4054 novem.
507 3991 564 4052 Die
591 3988 774 4052 duodecimo
804 3987 980 4050 Democrito
1011 3995 1113 4048 auster
1135 3986 1230 4064 spiret

114 4099 365 4162 .......oritur.
413 4097 579 4180 Aquarium
607 4100 743 4178 peramat
771 4095 827 4158 Sol
856 4094 962 4158 diebus
994 4093 1122 4174 triginta.
1170 4093 1228 4154 Die

118 4208 254 4272 secundo
275 4206 454 4270 Democrito
481 4205 577 4268 hiems
611 4202 734 4266 exsistit
788 4203 845 4266 Die
869 4207 955 4266 sexto
978 4201 1096 4264 decimo
1119 4203 1230 4264 Domo-
