2984 4876
311 330 315 341 ·
364 321 449 376 Liber
466 321 516 379 111.
549 321 701 379 Democriti
720 339 831 396 opernm
847 324 1010 398 tmgmcntn.
1176 325 1239 393 251

122 491 272 577 πάρισσον
303 491 353 553 δεῖ
377 487 575 574 φυτεύεσθαι,
612 487 661 551 ίνα
696 485 765 551 κατ’
795 487 959 575 ἀμφότερα
986 493 1029 562 εἰς
1057 493 1161 580 τέρψιν
1188 497 1238 561 καλ

121 599 313 686 περιρραγὴν
335 598 468 683 γένηται.
515 598 653 678 Geopon.
675 597 726 664 lib.
744 598 792 658 Χῖ
814 619 879 680 cap.
904 601 942 677 V,
962 603 990 663 t.
1162 591 1164 596 ⁸

207 711 236 772 9.
280 706 470 792 Δημόκριτος
492 703 526 768 δέ
547 725 649 788 φησιν,
676 704 753 773 ὡςό
778 707 896 790 καρπδς
917 711 970 790 τῆς
996 708 1076 778 ἰτέας
1097 711 1235 796 λειοόμε-

121 836 175 883 νος
199 815 250 878 καὶ
278 820 345 885 ταῖς
373 820 433 879 τῶν
465 817 582 896 κτηνῶν
613 817 742 897 τροφαῖς
767 811 946 896 μιγνύμενος
970 819 1066 880 ταῦτα
1094 819 1236 898 λιπαίνει,

122 921 320 1006 ἐπιπινόμενος
341 921 376 985 δὲ
398 921 549 990 λειανθεὶς
571 919 754 1004 ἀνθρώπους
782 919 911 1005 ἀγόνους
932 927 1024 1000 ποιεῖ,
1046 923 1077 996 ἐξ
1101 923 1137 990 οδ
1161 951 1237 1012 φησι

121 1031 174 1094 καὶ
188 1026 330 1115 ’Ὄμηρος

273 1137 406 1222 κλῆθροί
431 1137 461 1200 τ’
487 1135 617 1221 αἴγειροί
634 1158 666 1199 τε
694 1135 744 1199 καί
767 1135 845 1199 ἰτέαι
868 1139 1084 1224 ὠλεσίκαρποι.

122 1249 262 1328 Geopon.
286 1247 338 1310 lib.
359 1249 406 1308 Xt
429 1267 495 1326 cap.
514 1247 595 1322 Xttt,
613 1249 642 1307 θ.

209 1357 257 1419 10.
301 1351 344 1417 Τό
366 1353 598 1438 δενδρολίβανον
617 1353 725 1436 ἡδεῖαν
743 1353 794 1416 καὶ
813 1353 939 1438 βαρεῖαν
960 1355 1014 1437 τὴν
1036 1354 1133 1440 δδμὴν
1158 1355 1236 1443 ἔχει,

122 1466 167 1532 ὡς
187 1463 204 1526 δ
225 1458 415 1545 Δημόκριτός
437 1481 522 1545 φησι.
563 1461 704 1542 Geopon.
722 1461 774 1524 tib.
796 1461 844 1522 Xi
867 1481 931 1542 cap.
956 1464 1042 1527 XVL

210 1573 257 1634 11.
297 1568 399 1656 Ἰόβας
420 1570 474 1652 μὲν
490 1569 507 1632 δ
522 1568 666 1654 βασιλεὺς
688 1567 808 1655 λιβόων
832 1567 864 1631 ἐν
883 1569 1011 1654 λάρνακι
1032 1571 1134 1656 ξυλίνῃ
1156 1572 1315 1658 occis-‘il-

122 1679 186 1742 δεῖν
207 1677 365 1742 ποιεῖσθαι
388 1677 551 1762 μελίσσας·
572 1675 762 1762 Δημόκριτος
781 1677 816 1741 δὲ
837 1678 889 1741 καὶ
909 1673 1022 1761 Βοίριυν
1045 1678 1076 1742 ἐν
1090 1677 1236 1766 Ῥωμαία

119 1789 247 1871 γλώσσῃ
272 1785 304 1849 ἐν
328 1784 404 1872 οῖκιρ
427 1785 502 1871 φασὶ
522 1783 689 1862 ποιεῖσθαι,
709 1783 785 1870 ὅπερ
808 1784 871 1849 ἐστὶ
892 1785 944 1848 καὶ
963 1783 1098 1869 ἄμεινον.
1131 1785 1172 1852 ‘0
1196 1791 1317 1860 δὲθθλ

120 1893 235 1980 τρόπος
256 1891 355 1962 οὗτος.
385 1891 478 1963 Οἴκός
498 1915 547 1956 σοι
566 1889 645 1956 ἔστω
666 1892 794 1978 ὑψηλός,
816 1894 1055 1978 δεκαπηχυαῖος,
1076 1897 1128 1960 καὶ
1147 1895 1237 1983 εὖρος

119 2007 231 2086 πηχῶν
256 1999 282 2078 ί,
304 2002 355 2065 καθ
383 2007 449 2070 ταῖς
476 2003 596 2069 λοιπαῖς
617 2002 764 2085 πλευραῖς
790 1999 864 2069 ίσος.
906 1997 1037 2070 Είσοδος
1057 2003 1093 2066 δὲ
1118 2004 1161 2074 είς
1181 2005 1233 2069 σό-

120 2109 173 2174 τδν
196 2109 415 2194 περιποιεῖσθαι
446 2110 516 2195 μία,
545 2110 596 2173 καὶ
625 2107 747 2191 θυρίδες
779 2106 814 2182 δ,
843 2107 875 2169 ἐν
905 2107 1024 2196 δκοίστιρ
1051 2111 1147 2197 τοίχῳ
1169 2113 1232 2197 μία.

122 2213 179 2285 Εἰς
196 2220 302 2280 τοῦτον
326 2215 379 2280 οὖν
398 2218 521 2302 ἀγαγὼν
544 2217 617 2305 βοῦν
640 2214 906 2300 τριακοντοίμηνον,
924 2215 1084 2302 εὔσαρκον,
1104 2221 1231 2306 λιπαρὸν
1243 2241 1316 2308 ρας,

124 2325 266 2410 μάλιστα,
295 2323 475 2409 περίστησαν
508 2323 592 2410 αὐτῷ
619 2323 740 2390 νεανίας
766 2321 920 2402 πολλοὺς,
954 2325 1005 2388 καὶ
1040 2325 1234 2392 τυπτέτωσαν

121 2545 173 2623 ait,
195 2553 282 2610 utet
304 2545 344 2609 ad
373 2543 603 2609 delecteticnem
633 2549 664 2607 et
690 2543 729 2606 ad
756 2543 958 2626 sepimentum
976 2565 1012 2609 ac
1033 2546 1119 2628 quasi
1137 2545 1235 2608 muni-

122 2661 256 2717 mentum
276 2659 426 2718 nascatur.

208 2763 238 2826 9.
280 2761 473 2824 Democritus
500 2761 549 2838 ait,
578 2759 708 2822 fructum
736 2758 838 2824 salicis
865 2759 968 2823 tritmn
998 2765 1029 2823 et
1048 2759 1163 2842 pabulo
1184 2779 1237 2841 pe-

124 2890 232 2934 corum
250 2869 414 2932 admixtum
442 2870 509 2952 ipsa
537 2867 765 2950 pinguefacere,
790 2869 892 2932 tritum
918 2875 1018 2932 autem
1040 2873 1129 2952 atque
1151 2876 1237 2950 potu-

123 2985 189 3042 tnm
213 2977 350 3040 homines
381 2977 500 3041 steriles
529 2982 560 3039 et
583 2975 781 3056 procreandis
806 2976 911 3040 liberis
938 2977 1069 3058 impares
1097 2976 1235 3054 reddere,

123 3086 206 3148 unde
234 3085 316 3168 apud
337 3087 519 3149 Homerum:
553 3085 624 3148 Alni
651 3089 682 3146 et
709 3086 818 3166 populi
836 3087 941 3168 nigrae
964 3091 994 3148 et
1015 3083 1124 3147 salices
1144 3083 1237 3164 frngi-

123 3193 247 3278 perdae.

213 3303 261 3364 10.
302 3301 367 3366 Ros
388 3302 522 3366 murinus
539 3303 710 3382 jucundum
731 3311 762 3366 et
782 3321 904 3384 gravem
930 3301 1057 3364 odorem
1075 3299 1174 3378 habet,
1203 3306 1237 3362 ut

125 3409 167 3472 ait
185 3410 388 3473 Democritus.

213 3519 261 3580 11.
302 3519 381 3582 iuba
401 3518 529 3601 Libyum
550 3537 605 3582 rex
631 3519 661 3581 in
681 3537 753 3581 arca
775 3517 875 3600 lignea
895 3535 969 3598 apes
991 3517 1056 3578 fieri
1077 3517 1156 3580 vuit:
1176 3519 1238 3578 De-

126 3623 274 3688 mocritus
295 3645 369 3690 vero
398 3635 430 3690 et
452 3631 552 3692 Varro
581 3629 634 3710 qui
663 3627 800 3690 Romana
816 3627 919 3708 lingua
939 3625 1070 3708 scripsit,
1093 3628 1124 3690 in
1144 3627 1236 3689 domo

127 3732 280 3796 iaciendas
300 3752 366 3797 esse
385 3735 477 3815 ajunt,
499 3736 583 3820 qnod
604 3735 692 3798 etiam
713 3735 820 3798 melius
843 3741 897 3797 est
939 3733 1049 3796 Modus
1070 3741 1167 3797 numm
1189 3735 1238 3797 trio

128 3847 183 3904 eet.
227 3843 345 3904 Domus
366 3843 406 3905 sit
433 3844 488 3907 tibi
509 3845 570 3908 alta
594 3844 698 3906 decem
726 3843 855 3918 cubitos,
879 3841 1043 3904 latitudinis
1065 3841 1135 3903 item
1154 3840 1235 3903 enbi-

127 3957 229 4016 tcrom
254 3951 369 4029 decem,
400 3950 525 4033 paribus
552 3953 682 4037 deniqne
712 3951 836 4035 reliquis
857 3949 1010 4013 lateribus.
1067 3949 1185 4011 Ostium
1207 3948 1238 4011 in

128 4079 166 4122 ea
185 4059 237 4123 iiat
261 4079 356 4123 unum
385 4065 416 4123 et
436 4061 586 4126 fenestrae
618 4066 776 4144 quntmcr,
803 4060 835 4122 in
864 4057 989 4138 singulis
1006 4056 1148 4120 lateribus
1169 4077 1237 4120 una

127 4170 163 4232 in
187 4169 264 4230 hanc
283 4167 406 4231 domum
426 4168 601 4233 introduces
617 4169 728 4233 bovem
752 4169 872 4250 triginta
890 4165 1047 4242 mensium,
1068 4185 1239 4242 carnosum,

128 4276 218 4340 valde
246 4277 404 4359 pinguem,
432 4277 520 4361 eique
550 4277 718 4340 circumdes
747 4279 875 4358 juvenes
901 4277 1013 4339 multos
1040 4275 1092 4358 qni
1122 4273 1241 4338 fortiter
