2938 4864
348 298 433 354 Liber
451 299 499 356 iii.
535 295 604 354 Αάιι.
620 297 655 353 ed
675 297 756 354 Dum.
779 317 813 372 ep
844 301 942 372 tregru.
1142 300 1206 366 295

85 469 224 534 hommes
242 489 261 530 e
283 487 384 530 rerum
402 467 579 547 exiguarum
601 473 632 530 et
651 467 799 530 inutilium
821 466 1003 547 cognitione,
1020 469 1132 551 quippe
1150 469 1202 552 qui

85 577 279 654 decrevisset,
302 582 423 656 praeter
440 579 570 636 mentem
591 574 730 652 divinem,
752 575 839 654 cnjus
860 581 942 638 teuta
958 584 1039 639 esset
1057 578 1201 657 potentie,

84 693 119 748 ut
139 683 240 746 omnic
261 691 336 746 nutu
357 702 416 746 suo
442 689 562 762 regeret
583 689 614 744 et
632 701 688 761 per
711 683 813 744 onmia
834 683 1039 745 dominaretur
1062 687 1200 767 (pompm

87 790 154 873 οἵην
175 811 208 852 τε
229 788 414 874 &puppup
439 789 538 851 ττάντα
559 787 610 850 διὰ
631 789 768 869 πάντων)
788 791 861 852 nihil
881 811 1064 872 magnopere
1078 794 1200 872 dignum

85 917 154 962 esse
174 899 214 960 ed
233 896 318 980 quod
346 897 591 976 cognoscendum
619 915 726 959 omnes
755 898 846 960 enimi
873 917 985 960 nervos
1012 897 1201 960 intenderent

86 1005 232 1070 hominos.
275 1005 390 1066 Contra
427 1003 622 1066 Democritus
653 1004 808 1082 censebat,
833 1005 871 1066 ed
898 1005 990 1067 vitem
1014 1011 1095 1068 recte
1117 1007 1200 1068 insti-

85 1113 227 1178 tueudem
254 1117 285 1173 et
310 1112 349 1173 cd
370 1129 473 1174 verum
501 1110 674 1173 felicitatem
700 1113 944 1195 consequendum
974 1133 1037 1174 nou
1058 1115 1199 1175 sufficere

87 1221 250 1284 multorum
282 1219 429 1282 librorum
459 1218 621 1282 lectionem
652 1219 872 1304 multarumque
901 1241 1002 1284 rerum
1033 1221 1197 1298 scientiam,

88 1330 146 1393 nisi
166 1349 233 1392 cum
255 1325 416 1408 prudentie
443 1331 523 1390 esset
542 1327 712 1405 conjuncte.

175 1463 243 1524 tte.
286 1458 459 1540 Ιιοςειιάιιιιι
476 1455 563 1540 γένῃ,
584 1477 647 1522 nou
668 1457 759 1541 γένοο
779 1460 863 1542 quod
882 1459 971 1522 irebet
992 1461 1133 1524 Oreiiius.

173 1593 243 1657 143.
285 1592 367 1654 Ιύοιιι
388 1591 611 1672 epopirthegme
628 1597 673 1654 est
689 1591 766 1654 inter
778 1593 1102 1656 Pseudodemocratien
1115 1614 1144 1657 u.
1157 1599 1194 1657 51

84 1703 169 1784 apud
191 1695 354 1776 Oreiiium,
384 1699 438 1783 qui
466 1696 754 1782 edcfflporedpeuor
781 1721 798 1762 e
825 1701 903 1762 Cod.
934 1701 1025 1763 Pelet
1047 1701 1197 1781 prolatum

86 1807 181 1872 textui
204 1807 338 1885 inseruit,
366 1808 452 1887 cujus
475 1805 545 1867 loco
573 1807 603 1868 in
631 1807 782 1870 veteribus
805 1808 986 1872 editionibus
1008 1807 1196 1879 καλλωπιζό-

86 1938 179 2001 μενος
198 1915 356 1997 reperitur.
399 1914 487 1976 Prius
516 1913 582 1994 ipse
604 1915 768 1978 convertit:
797 1919 854 1995 qm'
870 1925 1032 1978 externum
1059 1917 1197 1996 spleniato

84 2047 151 2087 rem
169 2032 313 2101 sectatur,
345 2022 400 2084 der
425 2043 490 2083 nur
512 2019 681 2102 dusrcrlt'clr
704 2043 745 2084 zu
762 2025 899 2104 glimen
917 2024 1014 2102 trecht,
1045 2024 1197 2105 posterius

84 2153 149 2196 non
173 2138 313 2194 accurate
335 2129 484 2211 expressit
513 2129 687 2192 Hoistenius
713 2132 905 2210 nimiumque
926 2133 1021 2192 scitur
1045 2135 1092 2210 (et
1112 2133 1197 2194 ἀετο-

85 2261 151 2303 rem
180 2248 343 2302 arnume
368 2236 548 2318 effectum).
598 2239 764 2320 Uirumque
796 2238 834 2299 ab
868 2240 926 2300 hoc
963 2238 1035 2301 loco
1068 2238 1197 2300 alienum

87 2369 155 2412 esse
182 2353 264 2410 recte
290 2346 439 2426 judicavit
471 2345 680 2423 Burcimrdus‚
718 2345 769 2427 qui
801 2345 981 2426 scripturam
1011 2345 1088 2408 Ood.
1113 2345 1195 2407 Flor.

88 2458 173 2521 Stob.
194 2457 247 2532 IV,
268 2475 298 2536 p.
322 2455 383 2517 tut
413 2449 677 2537 λεσχηνεούμινοτ
701 2453 792 2516 unice
815 2473 918 2516 verum
937 2475 1005 2517 esse
1033 2459 1115 2514 retus
1137 2454 1197 2514 De-

88 2564 217 2628 mocrito
240 2561 379 2626 reddidit.
427 2561 536 2644 Neque
566 2560 645 2622 euim
667 2561 790 2623 dubium
819 2569 874 2639 est,
900 2563 984 2644 quod
1003 2560 1196 2622 Burchardus

88 2673 229 2737 observet
249 2671 322 2756 quin
345 2665 632 2754 εὐσχημονεύμενος
659 2673 836 2748 corruptum
855 2669 895 2730 sit
915 2687 953 2728 ex
973 2665 1196 2750 λεσχηνευύμε-

86 2801 148 2849 νος.
193 2783 354 2843 Caeterum
372 2772 643 2858 καλλωπιζόμενος
663 2775 847 2856 grammatici
869 2773 996 2854 aiicujus
1021 2775 1198 2854 interpreta-

88 2898 219 2952 mentum
239 2888 333 2950 iuisse
363 2893 511 2966 putemus,
539 2883 622 2966 quod
650 2883 723 2945 olim
752 2883 876 2964 margini
905 2881 1070 2962 ascriptum
1092 2887 1197 2961 posteo

87 3019 106 3060 e
125 2995 258 3072 librario,
282 2995 332 3056 cui
356 2994 438 3057 lectu
461 2990 591 3053 difficilis
607 2992 761 3055 videretur
788 3011 848 3054 vox
877 2991 906 3051 iu
928 2995 1011 3052 textu
1039 2989 1146 3071 posita,
1166 2989 1197 3052 iu

87 3105 248 3168 verborum
271 3101 408 3165 ordinem
427 3105 581 3178 receptum
604 3099 651 3163 sit.

174 3238 243 3298 144.
286 3234 400 3296 Eadem
434 3230 581 3294 sententie
615 3238 712 3294 exstet
747 3231 824 3294 iuter
858 3230 1196 3292 Pseudodemocretices

87 3343 298 3409 mnemon.
325 3347 356 3402 et
379 3340 462 3420 npud
491 3338 602 3402 Anton.
630 3347 661 3402 ct
688 3342 766 3402 Max.
788 3359 819 3420 p.
841 3340 912 3401 396.
954 3340 988 3400 ln
1013 3338 1073 3400 cod
1104 3339 1195 3400 Pelet.

87 3461 118 3516 et
136 3453 218 3533 apud
238 3451 405 3514 Stobueum
429 3446 540 3528 iegitur
568 3443 686 3508 ἐθέλειν
707 3443 841 3522 ἀκούειν,
870 3446 953 3529 quod
973 3445 1103 3508 servavit
1120 3449 1196 3507 Bur-

87 3561 226 3625 cirardus
270 3558 334 3622 Sed
356 3561 439 3618 recte
467 3553 584 3616 mormit
612 3552 761 3629 Orethus,
790 3553 890 3634 aptius
918 3553 990 3634 poui
1019 3551 1137 3614 ἐθέλειν
1166 3553 1197 3614 iu

86 3671 146 3732 tine
168 3665 395 3742 enuntiationis,
426 3661 568 3745 quonium
596 3661 635 3722 nd
662 3667 822 3743 utrumque
850 3668 880 3723 et
902 3659 999 3743 λέγειν
1022 3667 1053 3722 et
1075 3657 1197 3721 ἀκούειν

87 3777 251 3860 pertineam
277 3775 306 3836 id
331 3773 414 3856 quod
440 3769 529 3834 simul
551 3769 745 3831 continuetur
764 3771 915 3851 scripture
936 3767 1071 3853 quemvis
1090 3767 1199 3829 vitiose

85 3905 165 3970 quae
188 3893 234 3946 est
252 3904 300 3964 cp.
323 3880 434 3944 Auton.
454 3884 485 3939 et
505 3879 585 3940 dieu.
605 3875 683 3958 μηδὲ
704 3873 826 3938 ἀκούειν
849 3873 976 3936 ἐύέλειν.

176 4027 245 4088 145.
288 4021 439 4085 Plutarchi
452 4020 523 4082 loeo
539 4017 695 4082 addendus
708 4017 850 4079 Clemens
858 4015 1078 4077 Alexandrinus
1088 4015 1198 4076 Strom.

89 4137 112 4209 Ι,
135 4155 163 4214 p.
178 4135 240 4196 tw
262 4131 324 4210 (iil,
345 4151 375 4210 p.
388 4131 480 4209 328)ι
506 4125 535 4188 οἱ
559 4123 593 4188 δέ
614 4145 691 4193 τινες
713 4127 792 4210 cpite
813 4121 924 4191 αὐτούς
942 4121 1117 4206 ἐπαίροντες
1139 4123 1200 4184 διοι·

90 4239 186 4327 βολάς
202 4243 265 4308 τοῖς
286 4237 388 4321 λύγοις
411 4235 592 4318 ἐξευρίσκειν
622 4232 787 4317 βιάζονται,
818 4231 956 4316 ζητήσεις
986 4229 1134 4315 ἐρωτικὰς
1156 4229 1200 4292 ἐκ·
