2938 4864
303 329 368 398 311)
638 327 833 392 Quaestionum
859 325 1092 383 tto-uernam·

303 497 424 580 ἡδονῶν
454 493 610 580 κρέσσων·
642 489 719 556 ἔνιοι
747 491 783 556 δὲ
813 491 915 557 πίνων
948 491 1003 576 μὲν
1027 489 1217 568 δεσπόζουσι,
1236 487 1339 570 γυναιξὶ
1358 487 1383 548 ii

304 600 498 666 δουλεύουσι.
544 601 595 664 Ne
625 601 663 662 de
692 599 799 662 ion-mis
827 601 926 664 atticis
954 597 1074 681 loquer,
1104 617 1178 682 quns
1207 597 1255 659 irio
1282 595 1385 658 intectas

304 709 427 793 reliqui,
458 727 517 790 pro
549 705 651 770 πίνων
681 707 842 787 legendum
874 725 943 770 esse
980 705 1097 768 πολίων
1127 725 1165 768 ex
1196 704 1312 767 alterius
1339 703 1386 764 lori

305 817 531 896 comparatione
562 815 635 878 setis
661 821 758 894 petet,
786 815 878 897 idque
898 815 963 892 μοι
991 812 1128 875 viderunt
1146 815 1237 877 Conr.
1256 813 1387 874 Gesnerus

305 932 336 988 et
357 923 559 1000 Bnrehnrdus,
580 921 639 984 nisi
662 921 745 1004 quod
767 919 889 984 πόλεων
912 920 1004 984 seu-ibi
1025 919 1193 983 voluerunt.
1232 916 1387 998 caeteroqui

304 1033 528 1116 typothetarum
551 1029 667 1106 mendo,
692 1047 769 1111 quoe
793 1033 864 1090 sunt
888 1027 970 1108 opud
993 1027 1198 1091 Gnisiordium
1220 1029 1269 1102 Vl,
1299 1029 1342 1101 11,
1360 1027 1387 1084 n

305 1148 336 1204 et
357 1141 395 1202 13
414 1137 459 1200 sie
478 1137 613 1200 tollenda
632 1155 699 1199 esse
717 1155 886 1211 monemus,
907 1141 942 1198 ut
962 1135 1123 1198 undecima
1145 1135 1289 1198 sententie
1306 1131 1388 1194 imeri-

303 1247 394 1310 betnr
416 1243 618 1328 Δημοκρίτου,
637 1243 818 1306 duodecime
841 1241 1008 1311 Πλάτωνος
1030 1241 1065 1304 ἐκ
1083 1245 1138 1305 τοῦ
1161 1241 1328 1320 oenum,
1345 1245 1387 1298 ter-

304 1355 346 1418 tia
366 1352 483 1416 deeimn
505 1347 668 1435 Εὐσεβίοιι.

391 1463 460 1524 182.
503 1459 650 1521 Dedimus
668 1459 790 1537 νοῦσος,
815 1465 850 1520 ut
871 1457 951 1536 utini,
981 1477 1039 1539 pro
1056 1455 1156 1525 νόσος.
1202 1455 1329 1518 Orellius
1345 1455 1388 1514 hoo

304 1570 376 1632 loeo
399 1567 464 1652 βίον
488 1566 527 1629 de
552 1567 638 1628 nictu
670 1572 701 1628 et
726 1586 761 1628 re
776 1566 952 1647 samiltiert'
968 1567 1087 1647 eeeipit,
1117 1567 1174 1628 sed
1201 1563 1310 1626 rectius
1332 1563 1389 1623 Bur-

305 1676 435 1740 ehnrdus
455 1675 553 1736 ettam
575 1673 796 1755 interpretatur.

391 1784 461 1846 184.
504 1781 720 1844 Substituimus
746 1779 849 1842 δοκέει
878 1801 936 1862 pro
968 1781 1071 1859 δοκεῖ,
1098 1783 1179 1842 τοῖσι
1210 1778 1325 1842 ἄθλοισι
1348 1793 1389 1853 pro

304 1891 367 1959 τοῖς
398 1889 522 1969 ἀλλοις,
557 1887 750 1972 ὶπιιιρελείης
778 1907 836 1968 pro
876 1887 925 1950 ἐπὶ
955 1887 1110 1973 ἀμελείης
1138 1907 1178 1950 ex
1209 1885 1390 1949 emendatione

304 1997 459 2062 Schneieri
483 1995 663 2058 Meletemet
685 2015 729 2058 er.
750 2015 782 2076 p.
795 1998 835 2058 70
853 1997 904 2079 qui
927 1997 1038 2058 excitat
1059 1995 1163 2077 Quinti
1182 1996 1292 2058 Meeeii
1310 1991 1389 2072 Epigr.

304 2107 361 2168 Vll
394 2103 544 2184 (Analeet.
570 2104 621 2165 Br.
650 2105 782 2167 Tomll
812 2123 842 2183 p.
866 2105 960 2183 θθθ)ι
990 2103 1076 2187 δῶρα
1103 2099 1193 2187 nup&
1214 2101 1333 2184 ἀκταίης
1357 2096 1390 2156 ῠνὶ

303 2207 371 2276 τάδ’
390 2209 576 2296 ἐπωρελίης,
597 2211 649 2272 ubi
665 2210 715 2272 eiii
735 2211 805 2272 item
821 2207 872 2272 ἐπ’
894 2209 1039 2296 ὠφελίης.
1069 2213 1130 2274 Pro
1147 2209 1294 2295 οὐδεμίης
1312 2207 1390 2270 ἕνεκα,

305 2319 388 2402 quod
410 2325 512 2381 tuetur
536 2318 677 2396 Opellius,
704 2319 898 2380 Burohnrdus
927 2318 1031 2398 pos'uit
1056 2316 1204 2400 οὐδεμιᾶς
1225 2317 1331 2392 είνεκα,
1351 2311 1390 2375 sed

304 2426 498 2490 scribendum
519 2435 584 2486 eret
608 2423 754 2507 οὐδεμιῆς
776 2425 889 2502 είνεκα,
909 2435 942 2488 nt
969 2426 1000 2487 in
1026 2425 1205 2488 melioribus
1224 2419 1389 2507 Hippocratis

305 2541 337 2598 et
356 2532 505 2597 Herodoti
524 2533 705 2596 membranis
727 2543 882 2596 exaratum
904 2521 1081 2614 reperitur(
1104 2536 1204 2598 Porro
1227 2525 1391 2610 ταλαιπωρεῖ

304 2642 484 2706 mutavimus
505 2641 537 2703 in
556 2639 773 2724 ταλαιπωρέει,
796 2643 924 2726 σμικρᾶς
943 2643 973 2703 in
994 2644 1131 2724 σμικρῆς,
1154 2641 1235 2703 ἐστὶν
1256 2640 1390 2717 touque

304 2750 361 2812 tuit
377 2749 505 2812 Gesneri
527 2749 700 2828 conjecture
717 2769 775 2833 pro
793 2747 874 2812 ,ἐστὶν
897 2746 986 2826 οὐσα,
1009 2750 1040 2810 in
1060 2748 1124 2810 ἐστὶ
1143 2747 1233 2810 ὅσσα.
1277 2745 1389 2823 Denique

304 2855 398 2918 verbe
421 2855 455 2918 τὸ
486 2855 521 2918 δὲ
549 2856 586 2938 δὴ
610 2855 766 2940 ἀνθρώπῳ
795 2853 917 2941 νόμιζον
941 2857 996 2936 (ita
1019 2857 1109 2919 endd.
1130 2877 1289 2937 perperam
1308 2849 1389 2934 posito

304 2964 456 3044 accentu),
481 2983 538 3044 pro
561 2962 670 3046 quibus
701 2965 855 3028 Gesnerus
879 2964 939 3044 legi
961 2964 1054 3042 jussit
1073 2966 1106 3026 ed
1131 2964 1166 3026 δὲ
1193 2965 1231 3048 δὴ
1260 2959 1390 3042 ἀνθρώπῳ

306 3073 409 3154 μεῖζον
431 3077 565 3133 vertens:
584 3078 616 3132 et
635 3071 709 3134 talis
728 3079 774 3134 est
792 3074 931 3134 omnium
953 3073 1071 3134 indoles
1091 3113 1159 3126 --
1170 3072 1325 3134 Ιιοιιιίααιιι
1337 3078 1390 3126 nere

303 3180 443 3240 omnium
462 3181 606 3256 menime,
627 3180 738 3260 qnippe
759 3179 976 3261 pue'smctum
996 3183 1090 3242 enirm
1102 3201 1142 3242 en
1155 3183 1247 3261 prote
1257 3177 1390 3260 percepere

297 3293 437 3366 pereunt,
464 3287 628 3350 dnoobsius
654 3293 755 3348 eutem
781 3289 871 3348 τοῦτο
897 3286 932 3348 δὲ
960 3291 1000 3370 πῖ,
1030 3286 1206 3372 ἀνθρωπίνῃ
1229 3291 1285 3368 (se.
1306 3279 1389 3366 pinei)

305 3395 408 3476 μεῖζον
437 3390 497 3475 ἤδη
528 3393 702 3477 πεποίηται,
729 3393 864 3456 Orellius
892 3401 1013 3457 servato
1041 3397 1151 3458 mendo
1182 3399 1225 3480 τῳ
1246 3394 1280 3456 δὲ
1301 3390 1334 3470 δὴ
1355 3385 1388 3446 ἀν·

302 3499 422 3584 θρώπῳ
441 3495 575 3583 νύμιζον,
595 3500 785 3564 Geisfordius
806 3501 908 3582 mepte
928 3501 1016 3564 τὸδὲ
1041 3503 1078 3585 δὴ
1096 3503 1285 3588 ἀνθρώπινον
1307 3495 1388 3581 petto

303 3604 377 3690 ἤδη,
399 3613 556 3687 postremo
576 3610 770 3672 Burehardus
795 3613 840 3695 τῷ
867 3610 902 3672 δὲ
925 3610 962 3691 δὴ
985 3609 1140 3696 ἀνθρώπῳ
1161 3613 1194 3674 τὸ
1216 3611 1333 3693 νόμιίον
1349 3618 1389 3682 po

304 3716 364 3778 suit
380 3715 516 3798 (volebat
533 3723 634 3780 autem
653 3717 788 3798 νομίζον,
807 3718 890 3801 quod
907 3719 966 3780 hoe
987 3718 1059 3781 loeo
1072 3721 1299 3800 permeen'onenu
1318 3705 1388 3789 sipii-

304 3825 396 3887 ficare
415 3825 585 3906 contendit)
614 3824 742 3887 anobis
763 3825 823 3889 levi
851 3826 1016 3888 mutatione
1046 3845 1194 3889 converse
1217 3833 1285 3889 sunt
1307 3822 1335 3882 in
1357 3813 1388 3892 ui

306 3931 341 3992 δὲ
361 3931 397 4014 δὴ
421 3931 577 4016 ἀνθρώπῳ
599 3929 738 4016 νόμιμον.
788 3935 822 3994 ln
845 3933 1043 4016 sequentibus
1063 3955 1134 4015 pers
1157 3933 1298 3997 librorum
1319 3924 1388 3988 habet

305 4035 479 4120 iunipero,
507 4038 558 4101 elii
584 4037 768 4123 ἐπαύρησιν;
795 4042 997 4121 posteriorem
1021 4043 1201 4123 scripturum
1228 4038 1387 4120 amplexatus

305 4155 351 4208 est
373 4145 517 4223 OreiiiuS,
536 4146 679 4227 priorem,
700 4168 776 4230 qune
797 4149 886 4210 nobis
906 4149 1029 4229 plneuit,
1050 4152 1191 4232 probavit
1209 4141 1385 4215 Buroinrdus.

303 4251 363 4311 Pro
402 4251 572 4364 γίγνεσθαι,
612 4261 645 4316 ut
681 4255 769 4331 dibi,
803 4256 939 4321 dedimus
969 4256 1115 4340 γίνεσθαι.
1169 4259 1252 4322 Nihil
1283 4257 1311 4318 iu
1342 4251 1386 4309 hoo
