2984 4876
387 317 473 403 Liber
491 346 540 404 ΙΙΙ.
574 343 724 401 Democriti
743 355 853 415 operam
871 340 1032 414 fragmenta.
1202 333 1265 400 217

236 519 286 580 25.
330 513 522 600 Δημόκριτος
558 513 593 576 δὲ
626 514 731 596 σχῆμα
759 507 923 593 περιτιύελτ
956 505 1092 591 ἑκάστῳ,
1121 502 1264 588 γλυκὺν

153 624 208 710 μὲν
231 625 282 687 τὸν
306 622 489 708 στρογγύλον
509 617 728 703 καλεύμεγέλλη
743 619 840 680 ποιεῖ·
860 614 1051 699 στρυφνὸν
1082 613 1117 676 δὲ
1139 614 1191 676 τὸν
1215 637 1265 696 με·

151 729 363 817 γσλύσχημον,
392 729 505 816 τραχύν
531 750 565 792 τε
595 727 647 790 καλ
675 727 865 808 πολυγώνων
894 721 944 785 καὶ
964 721 1153 807 ἀπεριμερῆ·
1178 720 1265 792 tilae

153 839 189 904 δὲ
209 837 287 903 κατὰ
310 837 447 923 τούνομα
467 837 518 900 τὸν
540 834 609 906 ὀξὺν
639 830 683 920 τῷ
706 832 787 917 ὄγκῳ
816 830 867 895 καὶ
889 829 1051 914 γιννιοειδῆ
1075 829 1126 893 καλ
1149 829 1266 912 καμπύ-

153 949 206 1010 λον
228 945 280 1010 tal
302 947 412 1010 λεπτὸν
441 943 493 1008 καὶ
518 943 706 1026 ἀτεριφερῆ·
737 937 879 1025 δριμὺν
908 936 943 1000 δὲ
968 937 1019 999 τὸν
1041 939 1191 1021 περιφερῆ
1216 937 1267 1000 καὶ

153 1054 264 1118 λεττὺν
288 1055 340 1118 καλ
366 1053 527 1137 γωνιοειδῆ
557 1052 608 1115 καλ
639 1048 815 1134 καμπύλον·
847 1043 1025 1128 ἁλμυρὸν
1064 1044 1099 1106 δὲ
1128 1045 1179 1107 τὸν
1208 1065 1266 1126 γω-

152 1160 269 1246 νιοιιδῆ
299 1160 351 1225 καλ
379 1159 532 1244 εύμεγέύη
562 1159 613 1223 καὶ
641 1157 761 1221 σκολιὸν
790 1156 841 1218 καλ
876 1153 1036 1235 ἰσοσκελῆ·
1064 1152 1201 1236 πικρὸν
1232 1151 1267 1214 δὲ

152 1269 204 1332 τὸν
224 1270 375 1353 περιφερῆ
399 1269 450 1331 καὶ
479 1271 573 1348 λεῖον,
602 1265 713 1353 ἔχοντα
735 1261 911 1346 οκαλιρνύαν,
938 1259 1069 1344 μέγεθος
1091 1259 1126 1321 δὲ
1147 1259 1267 1342 μικρύν·

153 1376 316 1461 λιπαρὸν
342 1376 378 1439 δὲ
397 1377 448 1439 τὸν
473 1377 582 1440 λεπτὸν
604 1375 655 1438 καὶ
678 1368 859 1458 στρογγύλον
881 1370 932 1433 καλ
955 1366 1070 1452 μικρύν.
1114 1367 1268 1460 Theopln.

154 1486 193 1546 de
214 1487 304 1550 (iaus.
331 1486 424 1568 plant
446 1486 498 1564 Vl,
520 1488 549 1550 6.

239 1596 289 1658 26.
325 1591 461 1656 Ἀτοτον
482 1592 517 1656 δὲ
539 1591 661 1656 κάκεῖνο
688 1587 704 1652 ὃ
727 1585 805 1652 κατὰ
825 1584 862 1648 τὰ
885 1585 1029 1672 σχήματα
1052 1580 1202 1666 λέγουσιν,
1224 1579 1270 1644 ὅτι

153 1699 174 1784 ἡ
199 1704 259 1763 τῶν
282 1700 397 1784 ὁμοίων
427 1699 562 1785 διαφορὰ
589 1700 609 1783 ἡ
637 1696 715 1763 κατὰ
742 1693 906 1780 μικρότητα
933 1692 984 1755 καὶ
1017 1689 1149 1775 μέγεθος
1179 1687 1270 1750 τείνει

155 1807 200 1876 εἰς
221 1807 256 1870 τὸ
279 1807 320 1892 μὴ
346 1807 398 1891 τὴν
429 1807 522 1891 αὐτὴν
553 1805 634 1894 ἔχειν
663 1803 807 1888 δύναμιν·
837 1800 874 1864 ού
902 1799 959 1886 γὰρ
986 1799 1034 1862 ἐπὶ
1060 1801 1114 1882 τῆς
1136 1799 1269 1881 μορφῆς,

154 1912 226 1977 ἀλλ’
258 1913 307 1977 ἐπὶ
332 1918 392 1978 τῶν
426 1913 524 1998 ὄγκων
553 1917 677 1977 ποιοῦσι
707 1909 761 1980 τὰς
790 1910 951 1995 δυνάμεις,
990 1907 1026 1977 ἃς
1055 1906 1083 1968 εἰ
1109 1904 1164 1988 μὲν
1193 1901 1270 1966 κατὰ

152 2022 252 2086 πάντα
272 2023 541 2108 διαβασανίσαντες
561 2023 668 2090 ἁπλῶς
687 2019 722 2082 τὸ
744 2019 862 2103 μᾶλλον
884 2017 991 2082 καὶτὸ
1013 2013 1102 2100 ἧττον
1127 2010 1269 2089 ἐκάλουν,

153 2131 259 2200 καλῶς
284 2128 320 2193 ἂν
348 2135 437 2195 τοῦτο
467 2131 648 2196 ἀπέδωκαν·
675 2128 710 2192 τὸ
740 2127 775 2190 δὲ
801 2125 843 2194 εἰς
871 2126 904 2189 τὸ
936 2125 977 2210 μὴ
1005 2121 1097 2187 eatae
1121 2117 1271 2182 δύνασθαι

156 2240 237 2323 μηδὲ
262 2243 362 2303 ποιεῖν
388 2239 445 2304 ούκ
473 2239 613 2324 εὔλογον,
639 2235 706 2302 ἐπεὶ
733 2233 764 2298 ἐν
790 2237 853 2301 τοῖς
879 2233 1032 2317 σχήμασιν
1062 2228 1095 2292 αἱ
1117 2226 1268 2308 δυνάμεις.

156 2349 354 2430 Thespiai-ast.
378 2351 416 2414 de
439 2353 528 2414 Cans.
549 2348 641 2432 plant.
664 2347 717 2425 Vl,
737 2347 765 2406 9.

243 2519 292 2582 25.
335 2520 530 2582 Democritus
551 2537 635 2582 snam
655 2515 764 2596 cuique
780 2508 883 2590 sapori
901 2507 1028 2586 liguram
1050 2502 1185 2565 tribuens
1203 2501 1272 2564 dul-

158 2645 222 2690 cem
243 2627 315 2689 iaeit
336 2631 461 2689 teretem
475 2627 649 2708 magnisque
661 2627 848 2686 constantem
869 2612 992 2686 atomis;
1013 2617 1172 2673 austeram
1195 2629 1271 2670 vero

159 2736 274 2816 figurae
296 2735 499 2816 magnitudine
523 2734 732 2816 conspicuum,
756 2743 906 2809 asperum,
928 2719 1118 2801 angulosum,
1140 2737 1202 2779 nen
1223 2736 1273 2780 ro-

158 2844 297 2918 tnndnm;
323 2843 446 2907 nemine
474 2853 574 2909 autem
601 2849 730 2904 acutam
756 2835 845 2898 melis
875 2848 998 2918 quoque
1027 2828 1123 2889 lenna
1152 2832 1273 2887 aeunim

159 2963 189 3014 et
212 2952 385 3034 angularem
417 2961 447 3016 et
473 2973 599 3018 curvum
628 2957 659 3013 et
685 2955 805 3011 tenuem
836 2947 866 3005 et
892 2933 1078 3002 rotunditate
1107 2939 1272 3004 carentem3

158 3081 262 3124 mm
289 3081 385 3143 porro
412 3063 576 3127 rotundum
598 3063 628 3123 et
661 3065 781 3120 tenuem
808 3059 838 3115 et
864 3047 1037 3129 angularem
1068 3047 1098 3104 et
1132 3058 1274 3113 eurvum;

159 3181 275 3241 salsum
303 3185 461 3260 praeterea
490 3171 663 3252 angularem
691 3170 780 3247 atque
810 3179 827 3222 a
854 3154 970 3237 magnis
993 3149 1101 3214 atomis
1124 3145 1276 3226 composi-

159 3298 224 3352 tura
247 3294 277 3350 et
298 3295 468 3352 tortuosum
489 3288 520 3344 et
534 3277 638 3360 aequis
661 3271 802 3337 eruribus
825 3265 988 3345 insignem
1011 3275 1156 3320 amarum
1176 3261 1275 3317 autem
1359 3313 1368 3320 ,

162 3397 327 3460 rotundum
362 3401 393 3460 et
423 3393 540 3454 laevem
575 3393 605 3450 et
642 3379 830 3466 inaequalem
866 3379 896 3436 et
928 3368 1038 3450 exigua
1052 3441 1055 3449 .
1071 3361 1274 3444 magnitudine

162 3505 345 3586 praeditum
369 3502 522 3584 pinguem
544 3495 672 3577 deniqne
692 3497 813 3554 terream
832 3489 862 3546 et
883 3483 1009 3544 teretem
1029 3479 1060 3536 et
1078 3491 1214 3553 parvum.

247 3615 298 3676 26.
338 3613 476 3691 ineptum
497 3624 572 3669 vero
592 3610 623 3665 et
643 3599 719 3662 illud
740 3601 794 3671 est,
822 3589 905 3674 quod
921 3588 1085 3666 figurarum
1109 3581 1210 3643 habita
1233 3599 1277 3639 ra-

163 3722 246 3785 tione
268 3720 381 3795 dieunt,
402 3716 541 3780 similium
563 3705 793 3789 discrepantiam
807 3701 838 3762 in
858 3695 1004 3780 parvitate
1023 3696 1053 3753 et
1075 3683 1279 3770 magnitudine

165 3831 253 3894 sitem
273 3826 422 3908 ejusmodi
452 3843 534 3899 esse,
561 3827 595 3883 ut
616 3836 679 3881 non
700 3813 825 3878 eandem
844 3808 905 3871 vim
924 3801 1113 3880 eundemque
1137 3795 1279 3857 ellectum

164 3938 301 4002 habeant.
343 3936 453 4018 Neque
474 3932 553 3994 enim
574 3929 672 4008 ligura
687 3921 826 4004 (selum),
846 3917 901 3979 sed
919 3907 1083 3995 quantitate
1098 3898 1278 3984 (diversum)
1322 3914 1329 3930 ·

165 4047 304 4110 effaetum
325 4044 392 4107 fieri
419 4045 572 4114 statuunt,
597 4053 687 4119 quem
707 4031 734 4095 si
757 4026 898 4094 onmibus
920 4011 1117 4084 consideratis
1139 4004 1281 4088 simpliei-

166 4163 214 4216 ter
234 4155 330 4234 majus
351 4157 381 4215 et
402 4149 501 4213 minus
528 4148 679 4222 vocarent,
708 4146 791 4203 reete
813 4133 1025 4199 decernerent3
1056 4121 1111 4185 sed
1132 4117 1223 4197 (λικιο
1243 4113 1282 4175 si-

165 4261 381 4340 militudinem)
403 4278 466 4322 non
487 4256 526 4320 ad
547 4253 652 4316 eadem
672 4245 830 4313 efficienda
850 4239 951 4303 valere
972 4251 1070 4316 neque
1089 4227 1194 4290 eadem
1214 4241 1283 4304 per-

168 4371 271 4447 ticere,
294 4367 424 4432 absurde
446 4365 559 4440 dieunt,
581 4380 672 4445 quum
695 4357 741 4420 vis
763 4361 793 4416 et
815 4351 940 4414 allectus
960 4364 977 4406 e
1001 4343 1096 4420 ligura
1114 4333 1254 4419 pendeat.
