2984 4876
288 305 353 370 210
621 299 817 364 Quaestionum
841 299 1075 358 Democriteum

375 475 423 537 11.
466 465 510 532 Τδ
532 465 691 550 κεραύνιον
713 467 773 550 πύρ
799 461 938 550 ἀκριβείᾳ
965 467 1018 530 καὶ
1040 465 1199 551 λεπτότητι
1221 467 1410 553 θαυμαστόν

292 579 383 656 ἐστιν,
407 575 536 642 αὸτύθεν
557 571 627 658 περί
648 571 701 656 τὴν
721 569 837 654 γένεσιν
859 571 894 637 ἐκ
914 573 1053 658 καθαρᾶς
1074 573 1126 637 καὶ
1143 573 1236 659 ύηνῆς
1257 573 1331 661 ἔχον
1355 577 1408 642 ού-

291 687 368 762 σίας,
386 683 437 749 καί
454 685 523 759 πᾶν,
553 677 586 743 ἐἴ
603 702 631 742 τι
659 677 858 762 συμμίγνυται
884 680 1019 765 νοτερόν,
1047 681 1067 766 ἢ
1096 682 1213 763 γεῶδες
1241 682 1326 770 αύτῷ
1352 691 1410 769 τῆς

290 797 359 880 περὶ
389 794 442 876 τὴν
473 789 586 873 κίνησιν
623 786 766 869 ὁξύτητος
795 785 1020 872 ἀποσειομένης
1051 790 1102 852 καί
1130 791 1407 878 διακαθαιρούσης.

269 869 460 988 ’Διύβλητυν
488 895 541 979 μὲν
572 891 674 974 οὐδέν,
699 894 741 962 ύς
766 915 842 978 φησι
864 893 1064 978 Δημόκριτος,
1088 897 1103 960 δ
1129 898 1170 981 μὴ
1194 899 1228 962 τὸ
1251 900 1326 985 παρ’
1362 902 1408 964 αῖ-

290 1010 380 1095 θρίης
397 1005 495 1088 στέγει
514 1002 616 1070 σέλας.
667 997 714 1063 Τὰ
737 1002 792 1085 μὲν
818 997 872 1064 ούν
893 1000 992 1065 πυκνὰ
1009 1007 1069 1066 τῶν
1092 1006 1255 1089 σωμάτων,
1275 1007 1408 1091 χαλκὸς,

292 1115 433 1201 ἄργυρος,
454 1111 569 1195 χροσδς
589 1107 751 1192 ἀποστέγει
769 1109 820 1171 καὶ
843 1107 1012 1193 φθείρεται,
1029 1111 1079 1174 καὶ
1100 1113 1223 1196 τήκεται
1243 1115 1408 1200 πάσχοντα

290 1221 335 1310 τῷ
355 1217 589 1307 προςμοίχεσθαι
607 1217 658 1281 καλ
680 1215 878 1300 ἀντερειδειν·
907 1221 967 1281 τῶν
1000 1216 1027 1280 δ’
1059 1218 1175 1304 ἀραιῶν
1197 1221 1247 1283 καλ
1268 1223 1408 1286 πολυπύ-

292 1353 353 1418 ρων
379 1330 430 1393 καὶ
457 1328 625 1412 χαλώντων
658 1323 717 1422 ὑπὸ
745 1321 913 1407 μανότητος
940 1325 1072 1410 ἀψαυστὶ
1098 1327 1228 1406 διεκθεῖ,
1260 1330 1407 1415 καθάπερ

291 1437 417 1524 ἱματίων
439 1437 489 1498 καὶ
510 1433 608 1504 ξύλων
631 1430 725 1494 αύων.
758 1431 907 1495 Plutarch.
920 1434 1037 1498 conviv.
1061 1435 1138 1518 disp.
1158 1436 1209 1499 lib.
1222 1438 1265 1500 lV
1284 1459 1314 1518 p.
1330 1441 1406 1504 665.

728 1533 791 1608 Περὶ
817 1534 973 1610 αίσθησεων.

378 1637 426 1698 19.
470 1629 658 1715 Δημόκριτος
688 1629 723 1692 δὲ
748 1628 817 1713 περὶ
848 1629 902 1712 μὲν
925 1629 1101 1714 αἰσθήσεως
1130 1632 1167 1696 ού
1191 1634 1326 1721 διορίζει,
1348 1639 1404 1701 πό-

291 1764 365 1827 τερα
392 1743 456 1808 τοῖς
481 1737 626 1806 ἐναντίοις
651 1738 670 1822 ἢ
704 1740 768 1806 τοῖς
795 1737 914 1819 ὁμοίοις
943 1736 1037 1801 ἐστίν·
1065 1734 1088 1822 ᾗ
1119 1741 1174 1823 μὲν
1200 1742 1257 1827 γὰρ
1282 1740 1327 1830 τῷ
1349 1745 1404 1809 ἀλ-

292 1848 454 1914 λοιοῦσθαι
476 1849 561 1910 ποιεῖ
585 1846 620 1908 τδ
646 1843 858 1920 αἰσθάνεσθαι,
882 1842 996 1914 δὸξειεν
1021 1843 1056 1908 ἂν
1080 1850 1144 1916 τοῖς
1166 1847 1341 1935 διαφόροις·
1364 1854 1403 1916 οὐ

290 1958 347 2042 γὰρ
369 1957 547 2018 ἀλλοιοῦται
567 1951 600 2014 τδ
631 1951 737 2036 ὅμοιον
763 1952 820 2015 ύπδ
848 1955 903 2014 τοῦ
934 1952 1054 2035 ὁμοίου.
1104 1952 1199 2018 Πάλιν
1230 1957 1265 2020 δὲ
1287 1959 1321 2022 τὸ
1346 1962 1403 2044 μὲν

292 2063 493 2126 αἰσθάνεσθαι
514 2061 564 2125 καὶ
587 2059 694 2126 ἁπλῶς
721 2059 755 2121 τύ
779 2057 983 2122 ἀλλοιοῦσθαι
1011 2063 1222 2148 τῷπάσχειν·
1249 2063 1401 2129 ἀδύνατον

291 2171 336 2248 δέ,
359 2192 444 2254 φησι,
466 2169 500 2231 ab
526 2169 566 2251 μὴ
596 2165 691 2230 ταύτὰ
715 2167 856 2252 πάσχειν,
881 2167 932 2229 καί
959 2165 1049 2252 ἕτερα
1073 2167 1146 2233 ὄντα
1169 2175 1268 2234 ποιεῖν
1298 2171 1401 2258 ἕτερα,

291 2277 371 2341 ἀλλὰ
398 2273 508 2339 ταύτὸν
538 2298 565 2337 τι
592 2276 722 2358 πάσχειν
751 2277 814 2342 τοῖς
843 2272 970 2356 ὁμοίοις.
1028 2276 1082 2340 Διὸ
1113 2280 1182 2364 περὶ
1208 2279 1263 2364 μὲν
1284 2279 1400 2346 τούτων

291 2382 475 2469 ἀμφοτέρως
494 2380 573 2446 ἔστιν
594 2381 1050 2467 ὑπολαμβάνειν.,ΤΙιοορΙιτεελ
1065 2386 1116 2449 lib.
1137 2387 1207 2471 περὶ
1225 2386 1401 2472 αἰσθήσεως

289 2493 340 2556 καὶ
361 2489 514 2574 αἰσθητῶν
538 2493 588 2554 ln.

374 2679 422 2738 11.
465 2675 612 2738 Fulminis
643 2674 720 2755 ignis
754 2675 882 2737 mirabili
915 2681 961 2738 est
992 2675 1155 2741 subtilitate
1185 2687 1216 2744 et
1246 2682 1398 2763 tenuitate,

288 2807 376 2870 quam
397 2785 496 2846 statim
524 2805 543 2846 a
571 2784 669 2863 primo
696 2783 813 2864 origine
838 2785 928 2847 lrabet
956 2805 993 2846 ex
1019 2805 1097 2866 pura
1125 2794 1156 2848 et
1183 2788 1302 2851 sincera
1328 2793 1398 2852 snb-

288 2894 410 2956 stantia:
443 2897 473 2954 et
501 2891 645 2973 quidquid
674 2891 702 2951 ei
730 2892 882 2954 humidum
911 2900 964 2956 aut
992 2900 1134 2956 terrestre
1157 2896 1347 2976 adruiseetur,
1367 2900 1398 2962 id

287 3002 333 3065 sui
357 3007 457 3062 ructus
479 2999 632 3060 celeritate
660 2999 774 3060 excutit
799 3007 889 3079 atque
915 3008 1070 3081 expurgat.
1117 3002 1203 3064 Nihil
1230 3003 1320 3067 icitur
1340 3008 1398 3070 inl-

287 3111 377 3187 mine,
406 3115 441 3170 ut
474 3108 516 3169 ait
538 3106 738 3180 Democritus,
769 3107 852 3188 quod
880 3127 943 3170 non
971 3107 1083 3170 fulmen
1115 3129 1132 3172 e
1160 3111 1250 3174 coelo
1272 3113 1396 3177 missum

287 3217 429 3296 impediat
450 3223 539 3296 atque
559 3214 692 3276 retincat
732 3219 834 3296 Quare
856 3235 990 3296 corpora
1018 3217 1119 3294 densa,
1144 3225 1178 3279 ut
1204 3237 1266 3295 aes,
1292 3239 1395 3300 argen-

285 3333 491 3400 tumulorum,
520 3322 632 3383 lulmcn
662 3321 813 3384 retardant
843 3332 1138 3406 corrumpunturque
1168 3333 1198 3386 et
1225 3325 1394 3407 liquescunt

285 3454 332 3508 eo,
353 3431 435 3513 quod
458 3438 626 3510 repurgnaut
644 3437 733 3512 atque
755 3431 906 3494 resistunt
945 3432 986 3494 At
1000 3452 1056 3513 por
1077 3451 1144 3495 rara
1168 3433 1330 3516 nrultisque
1351 3437 1394 3498 io-

285 3540 448 3601 mminibus
468 3538 578 3620 hiantia
606 3539 646 3600 ob
672 3539 822 3601 laxitatem
847 3560 953 3601 eorum
982 3541 1047 3602 sine
1074 3548 1154 3603 tactu
1177 3541 1320 3604 discurrit
1338 3543 1392 3605 lul-

284 3667 360 3726 ιιιιυι,
385 3654 418 3709 nt
439 3666 494 3726 per
517 3659 615 3708 vestes
637 3655 667 3709 et
684 3649 769 3709 arida
789 3649 878 3728 ligna.

741 3757 781 3808 De
798 3755 931 3810 sensibus.

369 3849 416 3909 te.
462 3847 654 3909 Democritus
685 3847 722 3908 de
754 3867 844 3910 seusu
871 3866 933 3909 uon
961 3845 1080 3923 desinit,
1109 3851 1211 3907 utrum
1233 3851 1391 3912 contrariis

281 3975 319 4016 an
342 3955 489 4017 similibus
510 3957 569 4016 liat.
605 3959 761 4036 Quatenus
781 3955 860 4016 enim
880 3973 1001 4016 sensum
1030 3953 1195 4015 mutatione
1219 3955 1284 4015 lieri
1311 3957 1390 4034 dicit,

281 4062 418 4124 violoatur
438 4060 573 4137 diversis
594 4081 684 4142 quum
708 4061 815 4122 similia
837 4061 984 4124 similibus
1002 4081 1063 4123 non
1083 4067 1243 4123 mutentur.
1272 4064 1388 4126 Russus

279 4175 378 4229 autem
399 4189 457 4230 nos
479 4169 590 4230 sentire
610 4169 792 4250 omninoque
820 4172 928 4232 mutari
957 4169 1119 4245 contendit,
1142 4169 1212 4230 dum
1230 4169 1385 4249 patiamur,

280 4275 432 4339 diminuitis
453 4297 526 4339 voro
547 4277 609 4358 pati
630 4283 659 4338 et
679 4277 797 4340 diversa
816 4276 936 4362 quidem
959 4276 1077 4341 divorsa
1096 4277 1196 4340 tacere
1215 4297 1309 4358 posse
1336 4300 1385 4344 ne-
