2892 4872
345 325 430 382 Liber
449 325 486 382 ll.
528 323 572 380 lle
592 323 741 380 llemocrltl
761 325 882 398 seriptis.
1107 327 1168 396 153

73 493 120 556 uiis
138 494 175 557 eb
193 495 278 558 omni
303 492 424 561 achetae
456 491 630 574 suspicione
658 492 799 556 videntur
818 511 910 574 posse
931 494 1062 560 liberari.
1104 499 1169 560 Pri-

71 620 127 665 mus
143 603 231 667 locus
250 610 298 667 est
312 603 363 666 lib.
385 603 399 664 1
423 621 489 683 oep.
510 603 548 678 V,
566 603 595 678 3,
622 608 704 665 tutus
726 601 815 664 Plinii
837 604 1016 668 auctoritate
1038 612 1068 668 et
1086 627 1168 670 men-

71 709 105 770 sis
122 711 243 774 nomine
265 711 348 796 quod
367 710 550 774 Macedones
579 729 648 772 cum
667 710 822 773 Abderitis
843 729 1002 776 commune
1026 714 1167 778 habuisse

69 818 244 895 conjicimus.
292 819 435 883 Secundo
459 819 532 882 loco
557 818 697 900 ponimus
725 817 868 882 errimiam
893 826 986 901 caput
1011 821 1048 884 de
1071 843 1167 905 equae

67 922 297 1008 investigatione,
324 927 405 992 nude
435 946 512 1011 quae
539 926 578 988 eb
605 924 785 1004 Aristotele,
813 927 1039 1009 Theophrasto,
1069 931 1166 994 Plinio

67 1034 160 1096 eedem
182 1036 220 1100 de
249 1036 375 1099 materia
395 1035 546 1117 dispulsis
571 1040 649 1112 suut,
675 1053 813 1115 maguam
832 1039 948 1115 perlem
975 1037 1081 1101 heusta
1098 1057 1166 1102 esse

66 1141 193 1220 apparet
239 1146 309 1208 lluc
345 1144 493 1208 accedunt
520 1142 731 1207 Democriteee
760 1142 899 1206 dictionis
931 1145 1077 1225 quaedam
1099 1147 1169 1210 reli-

66 1247 151 1328 qniee.
194 1254 243 1316 cf.
268 1253 335 1316 adu.
357 1253 395 1315 ed
414 1249 443 1336 ἐ.
462 1254 501 1314 27
522 1264 553 1314 et
573 1251 625 1316 33.
668 1251 804 1314 Tertium
824 1256 954 1332 capute
976 1253 1168 1334 Geopouioo·

65 1372 122 1416 nrm
140 1358 220 1422 libro
249 1362 281 1424 V
303 1361 496 1441 depromtum
514 1358 703 1423 Columellee
722 1363 753 1422 et
771 1357 897 1421 Palladii
917 1360 1097 1424 testimoniis
1116 1363 1168 1425 de-

65 1461 191 1530 tenditur.
236 1468 385 1550 Quintum
407 1473 499 1549 ceput
531 1469 616 1554 quod
643 1467 837 1551 praecedenti
858 1468 890 1529 iu
913 1468 1021 1531 eodem
1043 1470 1168 1551 Geopo-

65 1569 189 1638 nicoruur
208 1576 293 1640 libro
313 1575 514 1658 subjungitur,
536 1577 577 1641 ob
607 1576 753 1641 cretionis
775 1576 979 1658 materiaeque
1000 1576 1168 1641 similitudi·

65 1694 130 1758 nem,
156 1705 252 1767 quum
271 1685 441 1748 Democriti
466 1703 578 1748 nomeu
604 1685 738 1748 additum
765 1685 881 1763 hebeat,
910 1685 941 1746 in
969 1685 1167 1766 genaunorum

65 1801 209 1856 numerum
250 1793 390 1874 recipere
427 1813 489 1856 nou
522 1793 730 1856 dubitavimus.
791 1794 886 1856 Sexta
920 1793 1096 1875 praeceptio
1129 1814 1168 1858 ex

65 1895 159 1960 ecdem
181 1900 266 1966 libro
294 1909 408 1978 sumta,
437 1901 574 1984 quamvis
605 1901 678 1963 alibi
704 1921 767 1964 non
793 1907 899 1978 exstet,
921 1909 1019 1964 tamen
1040 1909 1168 1984 propter

66 2017 263 2082 usamentum
285 2010 324 2072 ab
350 2010 543 2092 antiquorum
568 2009 761 2090 opinionibus
788 2029 851 2072 non
869 2009 1035 2074 abhorrens
1054 2013 1168 2074 Demo-

65 2109 130 2173 cn'to
151 2117 276 2182 videbar
302 2137 393 2198 posse
421 2117 541 2180 ascribi.
589 2117 671 2180 Idem
692 2117 730 2180 de
753 2123 861 2181 octavo
893 2118 1061 2199 fragmento
1083 2119 1166 2202 quod

66 2233 97 2275 tx
115 2223 276 2289 undecimo
294 2225 375 2287 libro
403 2225 593 2308 protulimus,
617 2225 822 2304 judicandum.
870 2225 1038 2306 Septimum
1059 2233 1166 2305 autem,

66 2329 137 2404 qnod
153 2331 236 2399 libro
257 2332 375 2395 decimu
393 2333 515 2415 legitur,
536 2332 625 2397 locus
648 2334 893 2414 'l'lreophrasteus
915 2335 1035 2399 abunde
1055 2339 1166 2399 utetur.

66 2427 210 2506 Praeterea
247 2441 440 2505 Democritea
475 2441 563 2524 origo
597 2440 671 2504 noui
702 2440 818 2522 capitis,
847 2442 1008 2506 undecimo
1040 2441 1119 2504 libro
1149 2461 1168 2504 a

67 2537 198 2613 Cassiano
228 2549 344 2628 inserti,
374 2549 464 2612 simili
496 2549 567 2612 loeo
589 2547 708 2611 Aeliani
742 2550 795 2633 qui
826 2550 958 2612 mrrltae
988 2549 1166 2612 Democrito

66 2657 203 2723 mutuatus
226 2663 284 2736 est,
306 2664 410 2739 aperte
438 2656 615 2721 ostenditur.
659 2657 818 2721 Decimum
840 2629 1033 2738 cdputitem
1054 2677 1092 2720 ex
1113 2677 1168 2719 un-

67 2752 170 2826 decimo
187 2767 272 2832 libro
292 2765 455 2849 prolatum,
472 2765 517 2826 rei
538 2769 647 2840 nature
668 2771 699 2827 et
718 2765 851 2849 quodem
871 2766 1167 2828 Democ'riteae-ora-

67 2863 145 2934 tionis
176 2875 309 2958 vestigio
341 2872 523 2956 antiquitatis
553 2872 695 2936 indicium
730 2893 805 2956 pree
834 2891 867 2937 se
894 2875 961 2936 tert
1012 2873 1168 2936 Uudecirui

68 2979 160 3058 capitis
176 3005 240 3070 quo
261 2980 536 3068 quintusdecimus
559 2981 638 3044 liber
659 2989 784 3046 ornatus
810 2988 858 3045 est
873 3001 1048 3063 germanum
1069 3001 1088 3044 e
1106 2982 1167 3043 lle-

67 3089 181 3156 noento
202 3097 329 3174 parente
359 3095 459 3153 ortum
486 3087 588 3152 multis
614 3097 751 3154 veterum
777 3089 962 3171 scriptorum
987 3075 1165 3153 testimoniis

69 3186 134 3256 inire
157 3197 445 3264 demonstrabimus.v
490 3197 697 3261 Duodecimae
722 3197 886 3259 sententiae
904 3218 982 3281 quae
1004 3197 1036 3258 iu
1060 3197 1168 3260 eodem

69 3301 299 3376 quintodecimo
328 3306 408 3369 libro
429 3299 544 3382 exstat,‘
563 3305 710 3368 Athenaei
737 3304 901 3369 auctoritas
922 3305 1013 3368 fidem
1033 3303 1114 3382 facit,
1133 3309 1168 3364 ut

67 3398 117 3476 lam
138 3433 156 3476 e
180 3413 320 3480 Niclesio
341 3417 533 3479 observatum
559 3420 614 3476 est
654 3413 794 3497 Denique
815 3413 894 3478 tertii
916 3413 1025 3476 decimi
1046 3411 1167 3492 fragmi-

69 3509 107 3575 a'u
126 3519 315 3588 Democritea
343 3525 431 3606 origo
464 3541 503 3586 ex
526 3521 563 3584 iis
590 3541 669 3603 quos
696 3520 835 3585 excitabo
862 3521 940 3586 locis
969 3521 1168 3604 probabiliter

70 3620 215 3707 colligitur.
263 3632 393 3714 Reliqua
418 3631 547 3715 quaein
572 3629 760 3711 Geoponicis
789 3629 981 3694 inveniuntur
1002 3629 1168 3709 fragmenta

70 3720 221 3802 Democriti
238 3741 360 3803 nomine
380 3739 527 3822 insignite,
550 3741 658 3822 partim
679 3737 771 3800 dubia
788 3739 986 3819 sunt,partim
1008 3737 1167 3799 manifesto

70 3845 221 3920 supposito.
261 3847 312 3910 Ad
336 3849 489 3930 posterius
509 3867 606 3929 genus
626 3846 785 3910 referimus
805 3865 842 3908 ea
863 3864 940 3929 qnae
963 3846 1011 3908 vel
1034 3843 1073 3907 ad
1094 3842 1168 3906 ἀπο·

70 3941 283 4040 τελεσματικήν,
302 3956 350 4020 vel
372 3956 411 4019 ed
433 3957 579 4037 magicam
600 3962 702 4034 artem,
724 3954 773 4016 vel
792 3954 831 4016 ed
852 3954 939 4016 aliem
959 3969 1170 4035 quamcunque

72 4043 193 4124 suadem
220 4071 251 4126 et
278 4063 524 4145 superstitionem
550 4065 710 4145 pertinent
759 4062 858 4126 Priori
885 4061 1115 4124 adnumeremus
1135 4077 1171 4120 ea

72 4169 137 4233 lule
158 4173 292 4253 quamvis
311 4173 437 4256 mitique
460 4189 527 4234 esse
550 4172 672 4257 liqueat,
692 4171 895 4235 Democriteis
917 4175 1016 4232 temen
1036 4167 1169 4230 inserere

72 4269 157 4338 varias
174 4281 213 4344 ob
239 4299 346 4345 causas
366 4299 429 4343 nou
451 4281 604 4346 eudemus.
653 4283 701 4345 Dc
721 4279 831 4365 quibus
851 4279 990 4347 omnibns
1008 4275 1169 4358 seperatim
