<?xml version="1.0" encoding="UTF-8"?>
<!DOCTYPE html PUBLIC "-//W3C//DTD XHTML 1.0 Transitional//EN"
    "http://www.w3.org/TR/xhtml1/DTD/xhtml1-transitional.dtd">
<html xmlns="http://www.w3.org/1999/xhtml" xml:lang="en" lang="en">
 <head>
  <title>
</title>
<meta http-equiv="Content-Type" content="text/html;charset=utf-8" />
  <meta name='ocr-system' content='tesseract 3.04.00' />
  <meta name='ocr-capabilities' content='ocr_page ocr_carea ocr_par ocr_line ocrx_word'/>
</head>
<body>
  <div class='ocr_page' id='page_1' title='image "./democritiabderi00mullgoog_0209.png"; bbox 0 0 2984 4876; ppageno 0'>
   <div class='ocr_carea' id='block_1_1' title="bbox 256 307 1046 378">
    <p class='ocr_par' dir='ltr' id='par_1_1' title="bbox 256 307 1046 378">
     <span class='ocr_line' id='line_1_1' title="bbox 256 307 1046 378; baseline -0.014 -6"><span class='ocrx_word' id='word_1_1' title='bbox 256 311 319 378; x_wconf 84' lang='grc'><strong>188</strong></span> <span class='ocrx_word' id='word_1_2' title='bbox 486 327 496 338; x_wconf 90' lang='grc'><em>·</em></span> <span class='ocrx_word' id='word_1_3' title='bbox 596 308 793 372; x_wconf 65' lang='lat' dir='ltr'><strong>Quaestionum</strong></span> <span class='ocrx_word' id='word_1_4' title='bbox 813 307 1046 364; x_wconf 73' lang='lat' dir='ltr'><strong>Democriteum</strong></span> 
     </span>
    </p>
   </div>
   <div class='ocr_carea' id='block_1_2' title="bbox 254 469 1376 2392">
    <p class='ocr_par' dir='ltr' id='par_1_2' title="bbox 256 469 1370 770">
     <span class='ocr_line' id='line_1_2' title="bbox 341 469 1369 566; baseline -0.008 -26"><span class='ocrx_word' id='word_1_5' title='bbox 341 477 411 540; x_wconf 99' lang='grc'><strong>147.</strong></span> <span class='ocrx_word' id='word_1_6' title='bbox 455 474 632 559; x_wconf 82' lang='grc' dir='ltr'><strong>Φιλονεικίη</strong></span> <span class='ocrx_word' id='word_1_7' title='bbox 660 475 746 566; x_wconf 71' lang='grc' dir='ltr'><strong>πάσα</strong></span> <span class='ocrx_word' id='word_1_8' title='bbox 770 469 917 555; x_wconf 78' lang='grc' dir='ltr'><strong>ἀνόητος·</strong></span> <span class='ocrx_word' id='word_1_9' title='bbox 947 471 982 534; x_wconf 82' lang='grc' dir='ltr'><strong>τὸ</strong></span> <span class='ocrx_word' id='word_1_10' title='bbox 1004 470 1062 557; x_wconf 77' lang='grc' dir='ltr'><strong>γὰρ</strong></span> <span class='ocrx_word' id='word_1_11' title='bbox 1083 471 1161 536; x_wconf 80' lang='grc' dir='ltr'><strong>κατὰ</strong></span> <span class='ocrx_word' id='word_1_12' title='bbox 1180 473 1236 535; x_wconf 84' lang='grc' dir='ltr'><strong>τοῦ</strong></span> <span class='ocrx_word' id='word_1_13' title='bbox 1260 471 1369 554; x_wconf 72' lang='grc' dir='ltr'><strong>δουρε-</strong></span> 
     </span>
     <span class='ocr_line' id='line_1_3' title="bbox 256 577 1370 669; baseline -0.006 -21"><span class='ocrx_word' id='word_1_14' title='bbox 256 581 326 652; x_wconf 83' lang='grc' dir='ltr'><strong>νίοτ</strong></span> <span class='ocrx_word' id='word_1_15' title='bbox 346 584 497 669; x_wconf 76' lang='grc' dir='ltr'><strong>βλαβερὸν</strong></span> <span class='ocrx_word' id='word_1_16' title='bbox 518 583 693 668; x_wconf 75' lang='lat' dir='ltr'><strong>leuparico,</strong></span> <span class='ocrx_word' id='word_1_17' title='bbox 721 582 755 645; x_wconf 81' lang='grc' dir='ltr'><strong>τὸ</strong></span> <span class='ocrx_word' id='word_1_18' title='bbox 785 579 862 644; x_wconf 71' lang='grc' dir='ltr'><strong>ἴδιον</strong></span> <span class='ocrx_word' id='word_1_19' title='bbox 885 577 1039 666; x_wconf 75' lang='grc' dir='ltr'>ξυμφέρον</span> <span class='ocrx_word' id='word_1_20' title='bbox 1065 579 1102 644; x_wconf 81' lang='lat' dir='ltr'><strong>al</strong></span> <span class='ocrx_word' id='word_1_21' title='bbox 1130 578 1246 665; x_wconf 77' lang='grc' dir='ltr'>βλέπει.</span> <span class='ocrx_word' id='word_1_22' title='bbox 1282 580 1370 644; x_wconf 89' lang='lat' dir='ltr'><strong>Stub.</strong></span> 
     </span>
     <span class='ocr_line' id='line_1_4' title="bbox 257 692 509 770; baseline -0.008 -14"><span class='ocrx_word' id='word_1_23' title='bbox 257 692 341 757; x_wconf 87' lang='lat' dir='ltr'><strong>Flor.</strong></span> <span class='ocrx_word' id='word_1_24' title='bbox 360 693 438 770; x_wconf 89' lang='lat' dir='ltr'><strong>XX,</strong></span> <span class='ocrx_word' id='word_1_25' title='bbox 458 693 509 754; x_wconf 75' lang='grc'><strong>69.</strong></span> 
     </span>
    </p>

    <p class='ocr_par' dir='ltr' id='par_1_3' title="bbox 256 793 1372 991">
     <span class='ocr_line' id='line_1_5' title="bbox 343 793 1372 883; baseline -0.006 -20"><span class='ocrx_word' id='word_1_26' title='bbox 343 801 414 864; x_wconf 91' lang='grc'><strong>148.</strong></span> <span class='ocrx_word' id='word_1_27' title='bbox 450 793 492 863; x_wconf 79' lang='lat' dir='ltr'><strong>‘H</strong></span> <span class='ocrx_word' id='word_1_28' title='bbox 513 800 573 862; x_wconf 84' lang='grc' dir='ltr'><strong>τῶν</strong></span> <span class='ocrx_word' id='word_1_29' title='bbox 597 795 723 882; x_wconf 76' lang='grc' dir='ltr'>ἀγαθῶν</span> <span class='ocrx_word' id='word_1_30' title='bbox 750 795 813 883; x_wconf 80' lang='grc' dir='ltr'><strong>ἔρις</strong></span> <span class='ocrx_word' id='word_1_31' title='bbox 835 797 957 882; x_wconf 77' lang='grc' dir='ltr'><strong>ὠφελεῖ</strong></span> <span class='ocrx_word' id='word_1_32' title='bbox 975 793 1027 859; x_wconf 82' lang='grc' dir='ltr'><strong>τὸν</strong></span> <span class='ocrx_word' id='word_1_33' title='bbox 1053 797 1212 880; x_wconf 76' lang='grc' dir='ltr'><strong>ζηλοῦντα,</strong></span> <span class='ocrx_word' id='word_1_34' title='bbox 1233 795 1275 880; x_wconf 78' lang='grc' dir='ltr'><strong>μὴ</strong></span> <span class='ocrx_word' id='word_1_35' title='bbox 1299 795 1372 880; x_wconf 82' lang='grc' dir='ltr'>βλα-</span> 
     </span>
     <span class='ocr_line' id='line_1_6' title="bbox 256 887 965 991; baseline -0.004 -21"><span class='ocrx_word' id='word_1_36' title='bbox 256 928 375 970; x_wconf 76' lang='grc' dir='ltr'><strong>τττοοεα</strong></span> <span class='ocrx_word' id='word_1_37' title='bbox 395 907 447 969; x_wconf 78' lang='grc' dir='ltr'><strong>τὸν</strong></span> <span class='ocrx_word' id='word_1_38' title='bbox 465 905 665 991; x_wconf 75' lang='grc' dir='ltr'><strong>ζηλούμενον.</strong></span> <span class='ocrx_word' id='word_1_39' title='bbox 709 906 820 970; x_wconf 84' lang='lat' dir='ltr'><strong>Antan.</strong></span> <span class='ocrx_word' id='word_1_40' title='bbox 841 926 871 987; x_wconf 88' lang='lat' dir='ltr'><strong>p.</strong></span> <span class='ocrx_word' id='word_1_41' title='bbox 893 887 965 968; x_wconf 89' lang='grc'><strong>408.</strong></span> 
     </span>
    </p>

    <p class='ocr_par' dir='ltr' id='par_1_4' title="bbox 256 1005 1372 1200">
     <span class='ocr_line' id='line_1_7' title="bbox 343 1005 1372 1098; baseline -0.007 -17"><span class='ocrx_word' id='word_1_42' title='bbox 343 1019 414 1081; x_wconf 92' lang='grc'><strong>149.</strong></span> <span class='ocrx_word' id='word_1_43' title='bbox 458 1010 682 1098; x_wconf 76' lang='grc' dir='ltr'><strong>Μεγαλοψοχίη</strong></span> <span class='ocrx_word' id='word_1_44' title='bbox 707 1012 741 1076; x_wconf 82' lang='grc' dir='ltr'><strong>τὸ</strong></span> <span class='ocrx_word' id='word_1_45' title='bbox 765 1012 870 1098; x_wconf 77' lang='grc' dir='ltr'><strong>φέρειν</strong></span> <span class='ocrx_word' id='word_1_46' title='bbox 891 1009 1016 1096; x_wconf 79' lang='grc' dir='ltr'>πραέως</span> <span class='ocrx_word' id='word_1_47' title='bbox 1033 1005 1256 1096; x_wconf 72' lang='grc' dir='ltr'><strong>πληρρελείην.</strong></span> <span class='ocrx_word' id='word_1_48' title='bbox 1284 1011 1372 1075; x_wconf 89' lang='lat' dir='ltr'><strong>Stob.</strong></span> 
     </span>
     <span class='ocr_line' id='line_1_8' title="bbox 256 1120 998 1200; baseline -0.003 -14"><span class='ocrx_word' id='word_1_49' title='bbox 256 1123 342 1188; x_wconf 83' lang='lat' dir='ltr'><strong>Flor.</strong></span> <span class='ocrx_word' id='word_1_50' title='bbox 362 1123 468 1200; x_wconf 83' lang='lat' dir='ltr'>CVIII,</span> <span class='ocrx_word' id='word_1_51' title='bbox 491 1125 542 1188; x_wconf 93' lang='grc'><strong>69.</strong></span> <span class='ocrx_word' id='word_1_52' title='bbox 585 1124 757 1194; x_wconf 86' lang='lat' dir='ltr'><strong>Democrat.</strong></span> <span class='ocrx_word' id='word_1_53' title='bbox 780 1120 875 1184; x_wconf 87' lang='lat' dir='ltr'><strong>Orell.</strong></span> <span class='ocrx_word' id='word_1_54' title='bbox 894 1140 922 1184; x_wconf 92' lang='grc' dir='ltr'><strong>ιι.</strong></span> <span class='ocrx_word' id='word_1_55' title='bbox 948 1121 998 1184; x_wconf 78' lang='grc'><strong>19.</strong></span> 
     </span>
    </p>

    <p class='ocr_par' dir='ltr' id='par_1_5' title="bbox 256 1222 1373 1416">
     <span class='ocr_line' id='line_1_9' title="bbox 341 1222 1373 1314; baseline -0.005 -21"><span class='ocrx_word' id='word_1_56' title='bbox 341 1232 410 1294; x_wconf 88' lang='grc'><strong>160.</strong></span> <span class='ocrx_word' id='word_1_57' title='bbox 453 1227 559 1314; x_wconf 80' lang='grc' dir='ltr'>Φόβος</span> <span class='ocrx_word' id='word_1_58' title='bbox 588 1228 751 1312; x_wconf 75' lang='grc' dir='ltr'><strong>κολακείιρν</strong></span> <span class='ocrx_word' id='word_1_59' title='bbox 779 1226 956 1313; x_wconf 72' lang='grc' dir='ltr'><strong>ἐργάζεται,</strong></span> <span class='ocrx_word' id='word_1_60' title='bbox 991 1222 1112 1311; x_wconf 74' lang='grc' dir='ltr'><strong>εὐνοίην</strong></span> <span class='ocrx_word' id='word_1_61' title='bbox 1143 1225 1179 1290; x_wconf 76' lang='grc' dir='ltr'><strong>δὲ</strong></span> <span class='ocrx_word' id='word_1_62' title='bbox 1209 1225 1266 1289; x_wconf 84' lang='grc' dir='ltr'><strong>οὐκ</strong></span> <span class='ocrx_word' id='word_1_63' title='bbox 1294 1223 1373 1312; x_wconf 87' lang='grc' dir='ltr'><strong>ἔχει.</strong></span> 
     </span>
     <span class='ocr_line' id='line_1_10' title="bbox 256 1337 670 1416; baseline -0.005 -14"><span class='ocrx_word' id='word_1_64' title='bbox 256 1338 342 1402; x_wconf 90' lang='lat' dir='ltr'><strong>Stob.</strong></span> <span class='ocrx_word' id='word_1_65' title='bbox 360 1337 443 1401; x_wconf 82' lang='lat' dir='ltr'><strong>Flor.</strong></span> <span class='ocrx_word' id='word_1_66' title='bbox 466 1339 602 1416; x_wconf 86' lang='lat' dir='ltr'>XLVIII,</span> <span class='ocrx_word' id='word_1_67' title='bbox 622 1337 670 1400; x_wconf 90' lang='grc'><strong>13.</strong></span> 
     </span>
    </p>

    <p class='ocr_par' dir='ltr' id='par_1_6' title="bbox 258 1439 1375 1620">
     <span class='ocr_line' id='line_1_11' title="bbox 341 1439 1375 1529; baseline -0.004 -20"><span class='ocrx_word' id='word_1_68' title='bbox 341 1448 411 1509; x_wconf 90' lang='grc'><strong>161.</strong></span> <span class='ocrx_word' id='word_1_69' title='bbox 454 1441 572 1508; x_wconf 80' lang='lat' dir='ltr'><strong>IIolIol</strong></span> <span class='ocrx_word' id='word_1_70' title='bbox 602 1441 761 1512; x_wconf 80' lang='grc' dir='ltr'><strong>δοκέοντες</strong></span> <span class='ocrx_word' id='word_1_71' title='bbox 791 1443 876 1529; x_wconf 83' lang='grc' dir='ltr'><strong>φίλοι</strong></span> <span class='ocrx_word' id='word_1_72' title='bbox 904 1441 984 1507; x_wconf 74' lang='grc' dir='ltr'><strong>εἶναι</strong></span> <span class='ocrx_word' id='word_1_73' title='bbox 1013 1440 1072 1507; x_wconf 78' lang='grc' dir='ltr'><strong>οὐκ</strong></span> <span class='ocrx_word' id='word_1_74' title='bbox 1098 1440 1164 1520; x_wconf 87' lang='lat' dir='ltr'><strong>elai,</strong></span> <span class='ocrx_word' id='word_1_75' title='bbox 1194 1443 1246 1505; x_wconf 81' lang='grc' dir='ltr'><strong>καὶ</strong></span> <span class='ocrx_word' id='word_1_76' title='bbox 1267 1439 1304 1505; x_wconf 82' lang='grc' dir='ltr'><strong>οὔ</strong></span> <span class='ocrx_word' id='word_1_77' title='bbox 1323 1443 1375 1505; x_wconf 87' lang='grc' dir='ltr'><strong>δο-</strong></span> 
     </span>
     <span class='ocr_line' id='line_1_12' title="bbox 258 1550 922 1620; baseline -0.006 -1"><span class='ocrx_word' id='word_1_78' title='bbox 258 1551 380 1620; x_wconf 79' lang='grc' dir='ltr'><strong>κέοντες</strong></span> <span class='ocrx_word' id='word_1_79' title='bbox 399 1550 469 1615; x_wconf 83' lang='lat' dir='ltr'><strong>alal.</strong></span> <span class='ocrx_word' id='word_1_80' title='bbox 508 1551 681 1616; x_wconf 83' lang='lat' dir='ltr'><strong>Democrat</strong></span> <span class='ocrx_word' id='word_1_81' title='bbox 705 1551 801 1616; x_wconf 88' lang='lat' dir='ltr'><strong>OrelI.</strong></span> <span class='ocrx_word' id='word_1_82' title='bbox 823 1573 851 1616; x_wconf 91' lang='grc' dir='ltr'><strong>ιι.</strong></span> <span class='ocrx_word' id='word_1_83' title='bbox 871 1554 922 1616; x_wconf 90' lang='grc'><strong>63.</strong></span> 
     </span>
    </p>

    <p class='ocr_par' dir='ltr' id='par_1_7' title="bbox 255 1654 1376 1852">
     <span class='ocr_line' id='line_1_13' title="bbox 342 1654 1376 1742; baseline -0.005 -17"><span class='ocrx_word' id='word_1_84' title='bbox 342 1663 412 1725; x_wconf 74' lang='grc'><strong>169.</strong></span> <span class='ocrx_word' id='word_1_85' title='bbox 455 1657 549 1722; x_wconf 82' lang='grc' dir='ltr'><strong>Φίλοι</strong></span> <span class='ocrx_word' id='word_1_86' title='bbox 569 1657 605 1722; x_wconf 80' lang='lat' dir='ltr'><strong>od</strong></span> <span class='ocrx_word' id='word_1_87' title='bbox 625 1660 736 1728; x_wconf 80' lang='grc' dir='ltr'><strong>πάντες</strong></span> <span class='ocrx_word' id='word_1_88' title='bbox 757 1657 788 1720; x_wconf 81' lang='grc' dir='ltr'><strong>οἱ</strong></span> <span class='ocrx_word' id='word_1_89' title='bbox 807 1656 972 1742; x_wconf 76' lang='grc' dir='ltr'><strong>Εοχχενίες,</strong></span> <span class='ocrx_word' id='word_1_90' title='bbox 995 1654 1065 1720; x_wconf 76' lang='grc' dir='ltr'>ἀλλ’</span> <span class='ocrx_word' id='word_1_91' title='bbox 1091 1658 1121 1720; x_wconf 82' lang='grc' dir='ltr'><strong>οἱ</strong></span> <span class='ocrx_word' id='word_1_92' title='bbox 1141 1656 1376 1742; x_wconf 80' lang='grc' dir='ltr'><strong>Εοριφοινέοντες</strong></span> 
     </span>
     <span class='ocr_line' id='line_1_14' title="bbox 255 1765 1096 1852; baseline -0.001 -22"><span class='ocrx_word' id='word_1_93' title='bbox 255 1767 398 1852; x_wconf 79' lang='grc' dir='ltr'><strong>περὶτοῦ</strong></span> <span class='ocrx_word' id='word_1_94' title='bbox 422 1765 636 1852; x_wconf 76' lang='grc' dir='ltr'><strong>ξυμφέροντος.</strong></span> <span class='ocrx_word' id='word_1_95' title='bbox 684 1768 857 1831; x_wconf 89' lang='lat' dir='ltr'><strong>Democrat.</strong></span> <span class='ocrx_word' id='word_1_96' title='bbox 880 1766 975 1830; x_wconf 90' lang='lat' dir='ltr'><strong>OreIl.</strong></span> <span class='ocrx_word' id='word_1_97' title='bbox 996 1787 1026 1831; x_wconf 90' lang='lat' dir='ltr'><strong>a.</strong></span> <span class='ocrx_word' id='word_1_98' title='bbox 1046 1769 1096 1832; x_wconf 91' lang='grc'><strong>73.</strong></span> 
     </span>
    </p>

    <p class='ocr_par' dir='ltr' id='par_1_8' title="bbox 254 1868 1375 2065">
     <span class='ocr_line' id='line_1_15' title="bbox 344 1868 1375 1958; baseline 0.001 -20"><span class='ocrx_word' id='word_1_99' title='bbox 344 1875 413 1939; x_wconf 89' lang='grc'><strong>163.</strong></span> <span class='ocrx_word' id='word_1_100' title='bbox 451 1868 675 1958; x_wconf 81' lang='grc' dir='ltr'><strong>Ὃροφροούνη</strong></span> <span class='ocrx_word' id='word_1_101' title='bbox 702 1873 805 1958; x_wconf 83' lang='grc' dir='ltr'><strong>φιλίην</strong></span> <span class='ocrx_word' id='word_1_102' title='bbox 824 1875 924 1938; x_wconf 81' lang='grc' dir='ltr'><strong>τίκτει</strong></span> <span class='ocrx_word' id='word_1_103' title='bbox 967 1873 1044 1938; x_wconf 85' lang='lat' dir='ltr'><strong>Cod.</strong></span> <span class='ocrx_word' id='word_1_104' title='bbox 1067 1875 1150 1940; x_wconf 78' lang='lat' dir='ltr'><strong>I&#39;lor.</strong></span> <span class='ocrx_word' id='word_1_105' title='bbox 1171 1874 1256 1939; x_wconf 88' lang='lat' dir='ltr'><strong>Stob.</strong></span> <span class='ocrx_word' id='word_1_106' title='bbox 1276 1875 1375 1938; x_wconf 84' lang='lat' dir='ltr'><strong>GalsI.</strong></span> 
     </span>
     <span class='ocr_line' id='line_1_16' title="bbox 254 1983 439 2065; baseline -0.022 -17"><span class='ocrx_word' id='word_1_107' title='bbox 254 1983 299 2048; x_wconf 92' lang='lat' dir='ltr'><strong>IV</strong></span> <span class='ocrx_word' id='word_1_108' title='bbox 316 2001 347 2065; x_wconf 84' lang='lat' dir='ltr'><strong>p.</strong></span> <span class='ocrx_word' id='word_1_109' title='bbox 368 1983 439 2046; x_wconf 89' lang='grc'><strong>384.</strong></span> 
     </span>
    </p>

    <p class='ocr_par' dir='ltr' id='par_1_9' title="bbox 258 2084 1376 2278">
     <span class='ocr_line' id='line_1_17' title="bbox 331 2084 1376 2176; baseline -0.003 -21"><span class='ocrx_word' id='word_1_110' title='bbox 331 2092 413 2155; x_wconf 84' lang='grc'><strong>’164.</strong></span> <span class='ocrx_word' id='word_1_111' title='bbox 450 2084 493 2152; x_wconf 89' lang='lat' dir='ltr'><strong>‘H</strong></span> <span class='ocrx_word' id='word_1_112' title='bbox 522 2087 577 2171; x_wconf 69' lang='lat' dir='ltr'><strong>utu</strong></span> <span class='ocrx_word' id='word_1_113' title='bbox 606 2089 745 2174; x_wconf 83' lang='grc' dir='ltr'><strong>μάχαιρα</strong></span> <span class='ocrx_word' id='word_1_114' title='bbox 772 2087 890 2172; x_wconf 79' lang='grc' dir='ltr'><strong>τέμνει,</strong></span> <span class='ocrx_word' id='word_1_115' title='bbox 919 2092 938 2176; x_wconf 77' lang='grc' dir='ltr'><strong>ἡ</strong></span> <span class='ocrx_word' id='word_1_116' title='bbox 968 2091 1003 2156; x_wconf 82' lang='grc' dir='ltr'><strong>δὲ</strong></span> <span class='ocrx_word' id='word_1_117' title='bbox 1026 2090 1155 2176; x_wconf 79' lang='grc' dir='ltr'><strong>διαβολὴ</strong></span> <span class='ocrx_word' id='word_1_118' title='bbox 1177 2089 1303 2175; x_wconf 73' lang='grc' dir='ltr'><strong>χωρίζει</strong></span> <span class='ocrx_word' id='word_1_119' title='bbox 1325 2091 1376 2174; x_wconf 91' lang='grc' dir='ltr'><strong>φί-</strong></span> 
     </span>
     <span class='ocr_line' id='line_1_18' title="bbox 258 2198 793 2278; baseline -0.002 -16"><span class='ocrx_word' id='word_1_120' title='bbox 258 2199 340 2268; x_wconf 84' lang='grc' dir='ltr'><strong>λους.</strong></span> <span class='ocrx_word' id='word_1_121' title='bbox 383 2198 496 2261; x_wconf 74' lang='grc' dir='ltr'><strong>Αιιιοιι.</strong></span> <span class='ocrx_word' id='word_1_122' title='bbox 519 2205 549 2260; x_wconf 85' lang='lat' dir='ltr'><strong>et</strong></span> <span class='ocrx_word' id='word_1_123' title='bbox 568 2199 647 2261; x_wconf 88' lang='lat' dir='ltr'><strong>ltlax.</strong></span> <span class='ocrx_word' id='word_1_124' title='bbox 667 2219 697 2278; x_wconf 90' lang='lat' dir='ltr'><strong>p.</strong></span> <span class='ocrx_word' id='word_1_125' title='bbox 721 2201 793 2262; x_wconf 81' lang='grc'><strong>968.</strong></span> 
     </span>
    </p>

    <p class='ocr_par' dir='ltr' id='par_1_10' title="bbox 345 2301 1376 2392">
     <span class='ocr_line' id='line_1_19' title="bbox 345 2301 1376 2392; baseline -0.003 -20"><span class='ocrx_word' id='word_1_126' title='bbox 345 2309 414 2372; x_wconf 92' lang='grc'><strong>166.</strong></span> <span class='ocrx_word' id='word_1_127' title='bbox 449 2301 562 2368; x_wconf 70' lang='grc' dir='ltr'><strong>Ὠιτινι</strong></span> <span class='ocrx_word' id='word_1_128' title='bbox 579 2305 635 2388; x_wconf 84' lang='grc' dir='ltr'><strong>τὴν</strong></span> <span class='ocrx_word' id='word_1_129' title='bbox 654 2304 744 2389; x_wconf 82' lang='grc' dir='ltr'><strong>χάριν</strong></span> <span class='ocrx_word' id='word_1_130' title='bbox 767 2304 938 2390; x_wconf 54' lang='lat' dir='ltr'><strong>caradrion,</strong></span> <span class='ocrx_word' id='word_1_131' title='bbox 958 2305 1068 2368; x_wconf 84' lang='grc' dir='ltr'><strong>οᾶττον</strong></span> <span class='ocrx_word' id='word_1_132' title='bbox 1083 2304 1136 2389; x_wconf 81' lang='grc' dir='ltr'><strong>τὴν</strong></span> <span class='ocrx_word' id='word_1_133' title='bbox 1156 2305 1245 2392; x_wconf 90' lang='grc' dir='ltr'><strong>χάριν</strong></span> <span class='ocrx_word' id='word_1_134' title='bbox 1268 2306 1376 2369; x_wconf 66' lang='lat' dir='ltr'><strong>dodau·</strong></span> 
     </span>
    </p>
   </div>
   <div class='ocr_carea' id='block_1_3' title="bbox 256 2410 1381 2500">
    <p class='ocr_par' dir='ltr' id='par_1_11' title="bbox 256 2410 1381 2500">
     <span class='ocr_line' id='line_1_20' title="bbox 256 2410 1381 2500; baseline 0.001 -22"><span class='ocrx_word' id='word_1_135' title='bbox 256 2415 276 2499; x_wconf 73' lang='grc' dir='ltr'>ἡ</span> <span class='ocrx_word' id='word_1_136' title='bbox 299 2413 356 2500; x_wconf 74' lang='grc' dir='ltr'><strong>γάρ</strong></span> <span class='ocrx_word' id='word_1_137' title='bbox 377 2411 530 2500; x_wconf 76' lang='grc' dir='ltr'><strong>βραδυτὴς</strong></span> <span class='ocrx_word' id='word_1_138' title='bbox 551 2410 729 2496; x_wconf 78' lang='grc' dir='ltr'><strong>λυμαίνεται</strong></span> <span class='ocrx_word' id='word_1_139' title='bbox 751 2412 805 2497; x_wconf 78' lang='grc' dir='ltr'><strong>τἰρν</strong></span> <span class='ocrx_word' id='word_1_140' title='bbox 825 2411 919 2476; x_wconf 82' lang='grc' dir='ltr'><strong>δόσιν.</strong></span> <span class='ocrx_word' id='word_1_141' title='bbox 961 2414 1073 2479; x_wconf 81' lang='lat' dir='ltr'><strong>Autan.</strong></span> <span class='ocrx_word' id='word_1_142' title='bbox 1097 2421 1127 2478; x_wconf 89' lang='lat' dir='ltr'><strong>et</strong></span> <span class='ocrx_word' id='word_1_143' title='bbox 1147 2417 1226 2479; x_wconf 66' lang='lat' dir='ltr'><strong>Illam</strong></span> <span class='ocrx_word' id='word_1_144' title='bbox 1245 2437 1276 2497; x_wconf 86' lang='lat' dir='ltr'><strong>p.</strong></span> <span class='ocrx_word' id='word_1_145' title='bbox 1299 2418 1381 2481; x_wconf 75' lang='grc' dir='ltr'><strong>078.Ι</strong></span> 
     </span>
    </p>
   </div>
   <div class='ocr_carea' id='block_1_4' title="bbox 254 2746 1383 4338">
    <p class='ocr_par' dir='ltr' id='par_1_12' title="bbox 257 2746 1379 2934">
     <span class='ocr_line' id='line_1_21' title="bbox 342 2746 1379 2833; baseline 0.002 -22"><span class='ocrx_word' id='word_1_146' title='bbox 342 2749 411 2812; x_wconf 90' lang='grc'><strong>147.</strong></span> <span class='ocrx_word' id='word_1_147' title='bbox 454 2746 617 2810; x_wconf 84' lang='lat' dir='ltr'><strong>Contentio</strong></span> <span class='ocrx_word' id='word_1_148' title='bbox 647 2747 746 2809; x_wconf 86' lang='lat' dir='ltr'><strong>omnis</strong></span> <span class='ocrx_word' id='word_1_149' title='bbox 777 2747 881 2810; x_wconf 83' lang='lat' dir='ltr'><strong>insana</strong></span> <span class='ocrx_word' id='word_1_150' title='bbox 909 2753 970 2821; x_wconf 83' lang='lat' dir='ltr'><strong>est;</strong></span> <span class='ocrx_word' id='word_1_151' title='bbox 1001 2765 1070 2812; x_wconf 89' lang='lat' dir='ltr'><strong>nam</strong></span> <span class='ocrx_word' id='word_1_152' title='bbox 1098 2749 1183 2833; x_wconf 81' lang='lat' dir='ltr'><strong>dum¹</strong></span> <span class='ocrx_word' id='word_1_153' title='bbox 1199 2747 1229 2808; x_wconf 93' lang='lat' dir='ltr'><strong>id</strong></span> <span class='ocrx_word' id='word_1_154' title='bbox 1254 2755 1379 2827; x_wconf 83' lang='lat' dir='ltr'><strong>spectat</strong></span> 
     </span>
     <span class='ocr_line' id='line_1_22' title="bbox 257 2853 1169 2934; baseline -0.002 -14"><span class='ocrx_word' id='word_1_155' title='bbox 257 2863 292 2920; x_wconf 90' lang='lat' dir='ltr'><strong>ut</strong></span> <span class='ocrx_word' id='word_1_156' title='bbox 312 2862 423 2918; x_wconf 87' lang='lat' dir='ltr'><strong>noceat</strong></span> <span class='ocrx_word' id='word_1_157' title='bbox 440 2853 625 2930; x_wconf 83' lang='lat' dir='ltr'><strong>adversario,</strong></span> <span class='ocrx_word' id='word_1_158' title='bbox 643 2854 799 2934; x_wconf 76' lang='lat' dir='ltr'><strong>propriam</strong></span> <span class='ocrx_word' id='word_1_159' title='bbox 818 2855 976 2918; x_wconf 77' lang='lat' dir='ltr'><strong>utilitatem</strong></span> <span class='ocrx_word' id='word_1_160' title='bbox 998 2877 1060 2919; x_wconf 91' lang='lat' dir='ltr'><strong>uou</strong></span> <span class='ocrx_word' id='word_1_161' title='bbox 1079 2857 1169 2918; x_wconf 85' lang='lat' dir='ltr'><strong>videt</strong></span> 
     </span>
    </p>

    <p class='ocr_par' dir='ltr' id='par_1_13' title="bbox 257 2963 1379 3136">
     <span class='ocr_line' id='line_1_23' title="bbox 342 2963 1379 3044; baseline 0.002 -18"><span class='ocrx_word' id='word_1_162' title='bbox 342 2963 412 3026; x_wconf 92' lang='grc'><strong>148.</strong></span> <span class='ocrx_word' id='word_1_163' title='bbox 456 2963 614 3025; x_wconf 85' lang='lat' dir='ltr'>Bonorum</span> <span class='ocrx_word' id='word_1_164' title='bbox 633 2967 784 3026; x_wconf 86' lang='lat' dir='ltr'><strong>certamen</strong></span> <span class='ocrx_word' id='word_1_165' title='bbox 804 2963 930 3044; x_wconf 85' lang='lat' dir='ltr'><strong>prodest</strong></span> <span class='ocrx_word' id='word_1_166' title='bbox 951 2963 1121 3041; x_wconf 77' lang='lat' dir='ltr'><strong>aeuiulauti,</strong></span> <span class='ocrx_word' id='word_1_167' title='bbox 1142 2983 1206 3027; x_wconf 86' lang='grc' dir='ltr'><strong>ιιοιι</strong></span> <span class='ocrx_word' id='word_1_168' title='bbox 1226 2968 1317 3028; x_wconf 88' lang='lat' dir='ltr'><strong>uocet</strong></span> <span class='ocrx_word' id='word_1_169' title='bbox 1334 2967 1379 3044; x_wconf 87' lang='lat' dir='ltr'><strong>ei,</strong></span> 
     </span>
     <span class='ocr_line' id='line_1_24' title="bbox 257 3068 498 3136; baseline -0.012 0"><span class='ocrx_word' id='word_1_170' title='bbox 257 3072 309 3136; x_wconf 90' lang='lat' dir='ltr'><strong>cui</strong></span> <span class='ocrx_word' id='word_1_171' title='bbox 327 3068 498 3134; x_wconf 75' lang='lat' dir='ltr'><strong>aemuleris.</strong></span> 
     </span>
    </p>

    <p class='ocr_par' dir='ltr' id='par_1_14' title="bbox 254 3177 1378 3368">
     <span class='ocr_line' id='line_1_25' title="bbox 341 3177 1378 3264; baseline 0.002 -23"><span class='ocrx_word' id='word_1_172' title='bbox 341 3179 411 3242; x_wconf 89' lang='grc'><strong>149.</strong></span> <span class='ocrx_word' id='word_1_173' title='bbox 454 3177 558 3258; x_wconf 74' lang='lat' dir='ltr'><strong>Magni</strong></span> <span class='ocrx_word' id='word_1_174' title='bbox 577 3177 667 3240; x_wconf 87' lang='lat' dir='ltr'><strong>animi</strong></span> <span class='ocrx_word' id='word_1_175' title='bbox 692 3184 739 3240; x_wconf 88' lang='lat' dir='ltr'><strong>est</strong></span> <span class='ocrx_word' id='word_1_176' title='bbox 759 3178 928 3241; x_wconf 79' lang='lat' dir='ltr'><strong>humaniter</strong></span> <span class='ocrx_word' id='word_1_177' title='bbox 952 3180 1044 3258; x_wconf 79' lang='lat' dir='ltr'><strong>terre,</strong></span> <span class='ocrx_word' id='word_1_178' title='bbox 1071 3179 1098 3242; x_wconf 90' lang='lat' dir='ltr'><strong>si</strong></span> <span class='ocrx_word' id='word_1_179' title='bbox 1122 3178 1195 3261; x_wconf 89' lang='lat' dir='ltr'><strong>quid</strong></span> <span class='ocrx_word' id='word_1_180' title='bbox 1214 3179 1267 3258; x_wconf 91' lang='lat' dir='ltr'><strong>(ab</strong></span> <span class='ocrx_word' id='word_1_181' title='bbox 1288 3179 1378 3264; x_wconf 82' lang='lat' dir='ltr'><strong>aliis)</strong></span> 
     </span>
     <span class='ocr_line' id='line_1_26' title="bbox 254 3283 534 3368; baseline -0.007 -18"><span class='ocrx_word' id='word_1_182' title='bbox 254 3292 415 3368; x_wconf 77' lang='lat' dir='ltr'><strong>peccatum</strong></span> <span class='ocrx_word' id='word_1_183' title='bbox 435 3283 534 3348; x_wconf 81' lang='lat' dir='ltr'><strong>fuerit.</strong></span> 
     </span>
    </p>

    <p class='ocr_par' dir='ltr' id='par_1_15' title="bbox 343 3391 1377 3474">
     <span class='ocr_line' id='line_1_27' title="bbox 343 3391 1377 3474; baseline 0.004 -18"><span class='ocrx_word' id='word_1_184' title='bbox 343 3395 412 3456; x_wconf 91' lang='grc'><strong>160.</strong></span> <span class='ocrx_word' id='word_1_185' title='bbox 454 3392 554 3454; x_wconf 86' lang='lat' dir='ltr'><strong>Metus</strong></span> <span class='ocrx_word' id='word_1_186' title='bbox 567 3391 771 3454; x_wconf 83' lang='lat' dir='ltr'><strong>adulationem</strong></span> <span class='ocrx_word' id='word_1_187' title='bbox 785 3393 872 3472; x_wconf 89' lang='lat' dir='ltr'><strong>parit,</strong></span> <span class='ocrx_word' id='word_1_188' title='bbox 887 3395 942 3457; x_wconf 87' lang='lat' dir='ltr'><strong>sed</strong></span> <span class='ocrx_word' id='word_1_189' title='bbox 957 3393 1184 3456; x_wconf 85' lang='lat' dir='ltr'><strong>benevolentiae</strong></span> <span class='ocrx_word' id='word_1_190' title='bbox 1194 3413 1303 3474; x_wconf 85' lang='lat' dir='ltr'><strong>expers</strong></span> <span class='ocrx_word' id='word_1_191' title='bbox 1315 3403 1377 3460; x_wconf 85' lang='lat' dir='ltr'><strong>cst.</strong></span> 
     </span>
    </p>

    <p class='ocr_par' dir='ltr' id='par_1_16' title="bbox 254 3499 1379 3695">
     <span class='ocr_line' id='line_1_28' title="bbox 342 3499 1379 3582; baseline 0.005 -21"><span class='ocrx_word' id='word_1_192' title='bbox 342 3500 413 3564; x_wconf 88' lang='grc'><strong>161.</strong></span> <span class='ocrx_word' id='word_1_193' title='bbox 455 3499 553 3576; x_wconf 86' lang='lat' dir='ltr'><strong>Multi,</strong></span> <span class='ocrx_word' id='word_1_194' title='bbox 581 3519 673 3582; x_wconf 90' lang='lat' dir='ltr'><strong>quum</strong></span> <span class='ocrx_word' id='word_1_195' title='bbox 703 3500 862 3564; x_wconf 86' lang='lat' dir='ltr'><strong>videantur</strong></span> <span class='ocrx_word' id='word_1_196' title='bbox 889 3521 957 3564; x_wconf 84' lang='lat' dir='ltr'><strong>esee</strong></span> <span class='ocrx_word' id='word_1_197' title='bbox 985 3503 1082 3580; x_wconf 83' lang='lat' dir='ltr'><strong>amici,</strong></span> <span class='ocrx_word' id='word_1_198' title='bbox 1104 3521 1167 3564; x_wconf 91' lang='lat' dir='ltr'><strong>uon</strong></span> <span class='ocrx_word' id='word_1_199' title='bbox 1188 3507 1267 3576; x_wconf 88' lang='lat' dir='ltr'><strong>sunt,</strong></span> <span class='ocrx_word' id='word_1_200' title='bbox 1288 3511 1379 3566; x_wconf 88' lang='lat' dir='ltr'><strong>suut-</strong></span> 
     </span>
     <span class='ocr_line' id='line_1_29' title="bbox 254 3607 757 3695; baseline -0.006 -22"><span class='ocrx_word' id='word_1_201' title='bbox 254 3629 315 3695; x_wconf 88' lang='lat' dir='ltr'><strong>que</strong></span> <span class='ocrx_word' id='word_1_202' title='bbox 339 3607 433 3686; x_wconf 87' lang='lat' dir='ltr'><strong>multi,</strong></span> <span class='ocrx_word' id='word_1_203' title='bbox 455 3607 507 3689; x_wconf 89' lang='lat' dir='ltr'><strong>qui</strong></span> <span class='ocrx_word' id='word_1_204' title='bbox 524 3626 586 3671; x_wconf 89' lang='lat' dir='ltr'><strong>nou</strong></span> <span class='ocrx_word' id='word_1_205' title='bbox 608 3607 757 3670; x_wconf 86' lang='lat' dir='ltr'><strong>videntur.</strong></span> 
     </span>
    </p>

    <p class='ocr_par' dir='ltr' id='par_1_17' title="bbox 255 3715 1383 3890">
     <span class='ocr_line' id='line_1_30' title="bbox 343 3715 1383 3799; baseline 0.003 -20"><span class='ocrx_word' id='word_1_206' title='bbox 343 3717 413 3779; x_wconf 79' lang='grc'><strong>169.</strong></span> <span class='ocrx_word' id='word_1_207' title='bbox 454 3715 554 3780; x_wconf 80' lang='lat' dir='ltr'><strong>Amici</strong></span> <span class='ocrx_word' id='word_1_208' title='bbox 573 3720 655 3790; x_wconf 87' lang='lat' dir='ltr'><strong>sunt,</strong></span> <span class='ocrx_word' id='word_1_209' title='bbox 675 3734 738 3778; x_wconf 89' lang='lat' dir='ltr'><strong>aon</strong></span> <span class='ocrx_word' id='word_1_210' title='bbox 756 3715 927 3799; x_wconf 90' lang='lat' dir='ltr'><strong>quicunque</strong></span> <span class='ocrx_word' id='word_1_211' title='bbox 950 3716 1059 3798; x_wconf 74' lang='lat' dir='ltr'><strong>agnati,</strong></span> <span class='ocrx_word' id='word_1_212' title='bbox 1080 3716 1135 3778; x_wconf 88' lang='lat' dir='ltr'><strong>sed</strong></span> <span class='ocrx_word' id='word_1_213' title='bbox 1153 3715 1205 3799; x_wconf 91' lang='lat' dir='ltr'><strong>qui</strong></span> <span class='ocrx_word' id='word_1_214' title='bbox 1227 3716 1267 3778; x_wconf 88' lang='lat' dir='ltr'><strong>de</strong></span> <span class='ocrx_word' id='word_1_215' title='bbox 1291 3735 1383 3783; x_wconf 90' lang='lat' dir='ltr'><strong>com-</strong></span> 
     </span>
     <span class='ocr_line' id='line_1_31' title="bbox 255 3822 778 3890; baseline -0.008 0"><span class='ocrx_word' id='word_1_216' title='bbox 255 3825 355 3890; x_wconf 87' lang='lat' dir='ltr'><strong>modis</strong></span> <span class='ocrx_word' id='word_1_217' title='bbox 377 3822 437 3886; x_wconf 87' lang='lat' dir='ltr'><strong>tuis</strong></span> <span class='ocrx_word' id='word_1_218' title='bbox 460 3831 560 3888; x_wconf 89' lang='lat' dir='ltr'><strong>tecum</strong></span> <span class='ocrx_word' id='word_1_219' title='bbox 578 3822 778 3887; x_wconf 85' lang='lat' dir='ltr'><strong>consentiunt.</strong></span> 
     </span>
    </p>

    <p class='ocr_par' dir='ltr' id='par_1_18' title="bbox 344 3930 921 4012">
     <span class='ocr_line' id='line_1_32' title="bbox 344 3930 921 4012; baseline -0.002 -16"><span class='ocrx_word' id='word_1_220' title='bbox 344 3934 413 3996; x_wconf 88' lang='grc'><strong>163.</strong></span> <span class='ocrx_word' id='word_1_221' title='bbox 457 3931 628 3996; x_wconf 86' lang='lat' dir='ltr'><strong>Coueeusio</strong></span> <span class='ocrx_word' id='word_1_222' title='bbox 653 3930 812 3993; x_wconf 86' lang='lat' dir='ltr'><strong>amicitiam</strong></span> <span class='ocrx_word' id='word_1_223' title='bbox 834 3931 921 4012; x_wconf 88' lang='lat' dir='ltr'><strong>parit</strong></span> 
     </span>
    </p>

    <p class='ocr_par' dir='ltr' id='par_1_19' title="bbox 344 4039 1383 4122">
     <span class='ocr_line' id='line_1_33' title="bbox 344 4039 1383 4122; baseline 0.001 -18"><span class='ocrx_word' id='word_1_224' title='bbox 344 4042 414 4104; x_wconf 90' lang='grc'><strong>164.</strong></span> <span class='ocrx_word' id='word_1_225' title='bbox 458 4039 584 4102; x_wconf 87' lang='lat' dir='ltr'><strong>Gladius</strong></span> <span class='ocrx_word' id='word_1_226' title='bbox 606 4039 727 4122; x_wconf 88' lang='lat' dir='ltr'><strong>quidem</strong></span> <span class='ocrx_word' id='word_1_227' title='bbox 741 4047 833 4118; x_wconf 87' lang='lat' dir='ltr'><strong>secat,</strong></span> <span class='ocrx_word' id='word_1_228' title='bbox 846 4040 996 4102; x_wconf 85' lang='lat' dir='ltr'><strong>calumnia</strong></span> <span class='ocrx_word' id='word_1_229' title='bbox 1006 4045 1105 4102; x_wconf 83' lang='lat' dir='ltr'><strong>autem</strong></span> <span class='ocrx_word' id='word_1_230' title='bbox 1117 4046 1237 4120; x_wconf 83' lang='lat' dir='ltr'><strong>separat</strong></span> <span class='ocrx_word' id='word_1_231' title='bbox 1249 4043 1383 4110; x_wconf 87' lang='lat' dir='ltr'><strong>amicos.</strong></span> 
     </span>
    </p>

    <p class='ocr_par' dir='ltr' id='par_1_20' title="bbox 257 4147 1383 4338">
     <span class='ocr_line' id='line_1_34' title="bbox 345 4147 1383 4230; baseline 0.003 -17"><span class='ocrx_word' id='word_1_232' title='bbox 345 4150 415 4213; x_wconf 90' lang='grc'><strong>166.</strong></span> <span class='ocrx_word' id='word_1_233' title='bbox 458 4148 637 4230; x_wconf 81' lang='lat' dir='ltr'><strong>Cuicumque</strong></span> <span class='ocrx_word' id='word_1_234' title='bbox 657 4147 870 4213; x_wconf 73' lang='lat' dir='ltr'><strong>benefacimus</strong></span> <span class='ocrx_word' id='word_1_235' title='bbox 901 4168 943 4226; x_wconf 91' lang='lat' dir='ltr'><strong>es,</strong></span> <span class='ocrx_word' id='word_1_236' title='bbox 971 4148 1070 4210; x_wconf 89' lang='lat' dir='ltr'><strong>statim</strong></span> <span class='ocrx_word' id='word_1_237' title='bbox 1090 4147 1170 4229; x_wconf 88' lang='lat' dir='ltr'><strong>apud</strong></span> <span class='ocrx_word' id='word_1_238' title='bbox 1191 4166 1262 4211; x_wconf 90' lang='lat' dir='ltr'><strong>eum</strong></span> <span class='ocrx_word' id='word_1_239' title='bbox 1282 4149 1383 4216; x_wconf 88' lang='lat' dir='ltr'><strong>beue-</strong></span> 
     </span>
     <span class='ocr_line' id='line_1_35' title="bbox 257 4253 1087 4338; baseline 0 -20"><span class='ocrx_word' id='word_1_240' title='bbox 257 4254 359 4318; x_wconf 90' lang='lat' dir='ltr'><strong>ticium</strong></span> <span class='ocrx_word' id='word_1_241' title='bbox 379 4253 515 4327; x_wconf 85' lang='lat' dir='ltr'><strong>colloca;</strong></span> <span class='ocrx_word' id='word_1_242' title='bbox 535 4254 660 4318; x_wconf 77' lang='lat' dir='ltr'><strong>tarditas</strong></span> <span class='ocrx_word' id='word_1_243' title='bbox 682 4254 762 4320; x_wconf 88' lang='lat' dir='ltr'><strong>euim</strong></span> <span class='ocrx_word' id='word_1_244' title='bbox 780 4257 948 4338; x_wconf 81' lang='lat' dir='ltr'><strong>corrumpit</strong></span> <span class='ocrx_word' id='word_1_245' title='bbox 969 4275 1087 4320; x_wconf 83' lang='lat' dir='ltr'><strong>munus.</strong></span> 
     </span>
    </p>
   </div>
   <div class='ocr_carea' id='block_1_5' title="bbox 0 0 1496 4876">
    <p class='ocr_par' dir='ltr' id='par_1_21' title="bbox 0 0 1496 4876">
     <span class='ocr_line' id='line_1_36' title="bbox 0 0 1496 4876; baseline 0 0"><span class='ocrx_word' id='word_1_246' title='bbox 0 0 1496 4876; x_wconf 95' lang='lat' dir='ltr'><strong> </strong></span> 
     </span>
    </p>
   </div>
  </div>
 </body>
</html>
