2932 4862
298 267 390 368 372.
631 300 825 364 ανιονιίοοαιι
853 299 1086 356 Democriteum

300 477 353 534 aut
375 475 502 552 propter
522 469 679 551 sequentia
698 465 927 552 ἐμψοχοῦαδαι.
977 467 1056 531 Nam
1086 469 1125 532 de
1146 469 1225 532 vitae
1241 469 1315 531 initio
1334 471 1379 549 egi·

302 584 351 642 tur
367 579 450 660 quod
477 577 586 640 melius
611 575 782 639 enuntiatur
810 575 961 656 praesenti
990 595 1079 657 quarn
1104 579 1247 658 perlecto,
1265 578 1314 638 etsi
1333 579 1381 638 scio

302 687 470 766 perlectum
483 703 575 764 posse
596 683 725 746 delendi.
749 719 786 732 -
832 678 860 764 §.
881 683 932 745 36.
971 683 1005 744 ln
1026 684 1173 768 σταβλίου
1198 685 1336 747 vocabulo
1352 685 1383 744 iu-

303 793 498 874 terpolatoris
517 792 644 872 alicujus
667 811 786 854 manum
807 797 838 852 et
864 789 1045 852 deteriorem
1062 793 1254 870 graecitatem
1274 793 1385 872 agnosei-

304 921 379 964 mus.
423 900 618 962 Democritus
648 900 778 960 sortasse
805 899 970 978 scripserat
995 918 1104 962 vocem
1138 879 1283 978 ἔπαυλις,Ι
1297 920 1347 980 qua
1367 905 1387 957 et

304 1009 478 1072 Herodotus
500 1007 595 1068 utitur
612 1005 663 1068 lib.
683 1007 704 1080 l,
723 1025 788 1086 cap.
812 1009 881 1068 iii.
925 1009 1013 1086 Quae
1035 1027 1129 1088 quum
1154 1027 1215 1068 non
1234 1009 1321 1086 magis
1341 1015 1388 1066 sta-

305 1115 411 1178 lidam
441 1115 595 1196 designet,
624 1133 713 1196 quam
741 1113 864 1190 m'ltnm,
893 1133 1015 1188 casam,
1047 1115 1172 1176 dentum
1193 1122 1222 1175 et
1244 1117 1388 1194 tugurium,

306 1224 429 1287 omuino
450 1222 499 1284 hic
519 1221 592 1302 poni
615 1227 734 1302 poterat
754 1239 812 1300 pro
835 1239 872 1281 eo
891 1221 974 1302 quod
993 1241 1086 1301 supra
1106 1219 1135 1304 §-
1158 1225 1197 1285 ut
1220 1231 1250 1284 et
1271 1226 1308 1284 tt
1326 1220 1389 1284 οἶνος

305 1331 524 1394 nominabatur.
583 1333 686 1410 Quare
719 1335 772 1390 aut
809 1327 875 1406 ipse
911 1326 1075 1391 Cassianus
1109 1331 1225 1392 Bassus
1258 1337 1306 1391 aut
1333 1327 1390 1388 alius

306 1437 498 1519 nescioquis
521 1435 665 1520 οταβλίου
685 1434 808 1497 nomine
827 1435 858 1495 in
880 1435 1019 1516 antiquae
1039 1435 1208 1498 locutionis
1228 1435 1322 1498 locum
1340 1433 1392 1494 sub-

308 1545 413 1608 stituto
438 1551 554 1623 partem
580 1549 694 1604 tannim
717 1557 825 1604 serraus
845 1541 1030 1604 Democritei
1054 1544 1198 1606 vocabuli
1217 1542 1344 1605 reddidit

393 1655 440 1714 lt.
484 1650 658 1711 Athenaeus
679 1649 733 1712 lib.
754 1649 791 1724 11,
819 1670 849 1730 p.
872 1650 983 1712 tum:
1011 1645 1145 1734 Ἐχαιρε
1171 1651 1206 1712 δὲ
1230 1652 1245 1713 δ
1269 1647 1390 1732 Δημόκρι-

307 1779 359 1827 τος
380 1757 428 1820 dei
449 1761 493 1841 τῷ
516 1755 629 1837 μέλιτι·
654 1754 706 1817 καλ
733 1755 810 1838 πρὸς
838 1756 889 1818 τδν
910 1754 1096 1839 πυθόμενον,
1119 1759 1188 1825 πῶς
1207 1755 1242 1820 ἂν
1266 1757 1346 1838 ὑγιῶς
1361 1773 1391 1816 τις

308 1865 418 1946 διάγοι,
440 1860 512 1946 ἔφη,
533 1861 561 1922 ei
580 1859 616 1923 cd
645 1859 698 1943 μὲν
718 1859 802 1930 ἐντὸς
824 1861 922 1945 μέλιτι
947 1861 1065 1946 βρέχοι,
1088 1862 1128 1926 τὰ
1152 1861 1184 1925 δ’
1207 1864 1290 1932 ἐκτδς
1310 1861 1391 1942 ἐλαίῳ.

307 1973 459 2052 lntegrum
477 1955 580 2032 locum
603 1967 710 2030 ultimo
731 1967 802 2030 libri
824 1971 915 2050 primi
937 1970 1035 2050 capite
1059 1970 1227 2035 citavimus.

394 2079 443 2140 13.
486 2079 534 2138 De
562 2075 718 2156 leporibus
748 2076 854 2138 eadem
882 2097 960 2160 quae
988 2079 1185 2142 Democritus
1204 2084 1301 2140 narrat
1319 2074 1393 2138 Aelia-

308 2205 366 2250 nus
393 2185 460 2248 nist
491 2183 608 2248 animal.
637 2183 689 2244 lib.
709 2183 791 2260 Xlll,
819 2203 884 2262 cap.
902 2183 976 2244 Xll:
1005 2181 1145 2267 θηρατοῢ
1176 2186 1211 2247 δὲ
1242 2184 1341 2268 ἀνδρὸς
1356 2179 1391 2242 καὶ

310 2295 400 2377 ἕτερα
420 2291 552 2374 ἀγαθοῦ,
572 2289 639 2353 οἵου
662 2289 703 2374 μὴ
728 2287 763 2352 ἂν
788 2287 974 2374 ψεύσασθαι,
996 2289 1086 2372 λόγον
1111 2289 1245 2374 ἤκουσα,
1264 2289 1309 2352 καὶ
1329 2284 1394 2367 αὐτῷ

308 2401 509 2465 πεπίστευκα·
540 2397 592 2460 καὶ
622 2396 659 2478 δὴ
682 2396 733 2458 καὶ
761 2393 811 2458 διὰ
836 2399 932 2458 ταῦτα
955 2395 1118 2479 εἰρήσεται.
1162 2396 1276 2463 Τίκτειν
1296 2395 1345 2478 γὰρ
1364 2390 1391 2470 δὴ

309 2509 361 2572 καὶ
383 2507 513 2592 diderat
532 2505 636 2586 λαγὼς
656 2500 755 2584 ἔλεγε,
775 2504 827 2566 καὶ
848 2500 930 2588 ἔχειν
956 2504 1215 2569 παιδοποιεῐοδαί
1231 2527 1261 2568 τε
1281 2503 1337 2586 ἅμα
1354 2497 1390 2559 καὶ

310 2615 441 2689 ὠδίνειν,
464 2615 507 2681 ὡς
528 2613 582 2693 τῆς
605 2608 729 2694 φύσεως
751 2611 792 2694 μὴ
814 2610 953 2694 ἀμοιρεῖν
976 2609 1133 2694 ἑκατέρας.
1170 2610 1232 2676 Καὶ
1256 2615 1296 2679 ὡς
1315 2603 1391 2688 tarpi-

310 2741 363 2805 φει
383 2721 478 2782 τεκὼν
499 2715 587 2800 ἔλεγε
607 2739 635 2780 κ.
659 2737 685 2778 τ.
708 2717 736 2778 λ.
779 2717 818 2779 Et
844 2719 927 2797 apud
950 2719 1076 2781 Plinium
1097 2727 1158 2782 nat.
1180 2721 1247 2784 bist.
1267 2719 1315 2780 lib.
1334 2713 1393 2784 l'llb

309 2827 527 2908 cap.LXXXl
547 2826 629 2905 (cap.
641 2825 696 2886 LV
710 2824 873 2904 eddvett.)
893 2825 1061 2888 Archelaus
1082 2833 1255 2904 auctorest,
1275 2831 1392 2904 „unom-

308 2937 438 3014 qaoem'm
453 2934 586 3012 singulis
605 2929 757 3011 leporibus
776 2932 879 3008 inesse,
902 2952 941 2993 αο
960 2935 1026 2994 rinc
1041 2953 1129 2994 more
1148 2955 1245 3016 aequae
1261 2923 1393 3014 grivone?

308 3041 514 3105 Needhamius
537 3045 567 3100 et
588 3037 741 3100 Niclasius
765 3043 872 3118 putant
893 3040 981 3118 hujus
1003 3041 1116 3103 erroris
1140 3043 1286 3123 originem
1304 3033 1392 3119 aperiri

308 3151 346 3212 ab
368 3147 531 3211 Aristotele
550 3147 617 3210 bist
637 3145 723 3208 anim.
747 3147 820 3224 v‚2
840 3146 958 3208 verbis:
979 3151 1039 3209 τῶν
1063 3147 1247 3212 δασυπόδων
1271 3143 1392 3209 aelidis

306 3255 327 3337 ἡ
353 3255 466 3337 θήλεια
487 3251 621 3336 προτέρα
636 3251 794 3336 ἀναβαίνει
808 3251 856 3314 ἐπὶ
874 3253 925 3314 τὸν
948 3251 1072 3336 ddisse.
1116 3257 1190 3320 lude
1209 3257 1286 3318 enim
1304 3255 1392 3314 iactum

308 3381 385 3438 esse,
415 3368 448 3424 ut
477 3359 588 3422 semina
612 3379 674 3422 non
703 3359 795 3422 modo
827 3359 904 3439 pati,
930 3361 984 3423 sed
1014 3363 1102 3424 etiam
1123 3383 1215 3444 agere
1236 3363 1392 3426 crederetur.

306 3470 369 3531 Sed
391 3487 429 3530 eo
455 3467 615 3546 stagiritae
638 3465 731 3530 verba
750 3485 812 3530 uon
830 3473 975 3546 spectant.
