2956 4860
395 317 480 386 Liber
501 318 519 374 1.
557 317 600 374 Do
618 317 767 374 Democriti
787 319 851 376 rito.
1138 321 1181 386 13

84 511 142 554 uns
156 487 206 569 37)
225 489 269 552 sic
291 486 405 552 reddit:
436 483 629 564 „Hellanicus
650 486 911 568 historiographus
934 495 965 552 et
985 490 1178 554 Democritus

84 599 281 680 philosophus,'
295 603 327 660 et
346 593 517 674 heraclitus
539 600 740 674 cognomento
761 595 956 660 Tenebrosus
974 603 1006 658 et
1022 597 1181 680 Anaxago-

85 727 126 768 ras
148 705 260 788 physici
280 705 355 767 cirri
373 700 547 765 habentur.”
579 703 614 764 ln
631 700 766 764 Aucheri
785 702 1180 770 GraecoArmenio·Laiino

84 815 201 878 editione
214 810 265 894 ³⁸)
286 810 510 876 chronicorum
530 809 768 874 Eusebianornm
797 811 884 874 Toni.
903 813 938 874 IL
969 833 1037 894 png.
1058 817 1119 877 907
1140 815 1180 877 cd

85 923 191 1004 Olymp
211 923 262 999 70,
285 923 312 984 1.
334 919 463 1000 iegitur:
484 918 677 998 ‚hellanicus
698 918 957 999 historiographus
977 927 1009 983 et
1024 922 1181 985 Democri-

84 1039 124 1094 tus
142 1040 171 1093 et
189 1028 360 1094 heraclitus
382 1027 542 1090 Criinaeus
564 1026 816 1108 (iegeScotinus)
840 1033 871 1088 et
887 1026 1084 1108 Anaxagoras
1105 1032 1181 1112 phy-

84 1139 131 1200 sici
149 1135 412 1219 agnosceremur?
445 1135 496 1198 Ad
517 1135 638 1217 Oiymp.
655 1137 739 1210 sui
766 1135 797 1196 in
818 1133 897 1197 Scab
919 1136 1009 1197 Thes·
1031 1137 1180 1221 temp.³⁹)

84 1247 139 1324 (vei
157 1247 203 1310 01.
225 1249 277 1324 86,
297 1247 317 1308 3
337 1251 368 1308 et
397 1246 418 1306 A
445 1245 491 1308 ed.
517 1246 602 1326 hini.)
628 1245 702 1306 haec
723 1242 813 1305 hebet
835 1242 998 1305 Eusebius:
1031 1243 1180 1329 Ληρόκρι-

83 1375 136 1433 τος,
149 1352 330 1440 Ἀβδηρίτης
352 1351 480 1438 φυσικὸς
496 1350 669 1437 φιλόσοφος
683 1349 874 1435 epoptes,
894 1349 947 1414 καὶ
958 1335 1181 1437 Ἐμπεδονλῆς,

83 1459 366 1546 ὁἈκραραντῖνος,
390 1459 442 1524 καὶ
461 1457 664 1543 Ἱπποκράτης
687 1455 780 1527 Krios
810 1457 927 1542 ἰητρός,
961 1457 1101 1544 Γοργίας,
1129 1460 1181 1524 καὶ

84 1565 228 1652 Πρόδικος.
265 1573 309 1638 ὡς
330 1567 365 1632 δέ
381 1589 469 1647 τινες,
487 1566 538 1630 καὶ
552 1563 661 1650 Ζήνων
679 1567 731 1630 καὶ
747 1564 942 1650 Παρμενίδης
959 1567 1037 1631 κατὰ
1055 1567 1183 1638 τούτους

83 1674 217 1759 ἤκμαζον.
272 1678 474 1759 hieronymus
496 1673 549 1757 ⁴⁰)
578 1675 683 1738 vertit:
726 1676 939 1753 „Democritus
959 1675 1129 1754 Abderites,
1151 1685 1183 1740 et

83 1783 272 1866 Empedocles
303 1791 334 1849 et
359 1785 562 1866 Hippocrates
591 1783 739 1862 medicus,
774 1784 904 1865 Gorg'as
933 1784 1119 1869 hippiasque
1152 1792 1184 1850 et

83 1893 217 1958 Prodicus
240 1900 273 1957 et
289 1895 376 1956 Zeno
398 1899 430 1956 et
448 1891 642 1955 Parmenides
666 1891 841 1973 philosophi
860 1892 991 1973 insignes
1009 1891 1182 1958 habenturl?

82 2001 137 2064 Sed
159 2003 238 2085 apud
259 2001 436 2066 Aucherum
450 1999 502 2081 ⁴¹)
522 2020 602 2062 anno
625 2000 762 2083 sequenti
783 2001 857 2063 haec
876 2001 1059 2080 tribuuntur,
1091 2001 1183 2085 siqui·

83 2107 143 2170 dem
170 2111 207 2172 ad
229 2109 282 2172 01.
302 2111 354 2187 86,
375 2111 395 2172 2
417 2108 601 2172 invenimus:
645 2107 858 2185 „Democritus
877 2108 1039 2172 Abderites
1061 2115 1091 2171 et
1114 2109 1184 2172 Ern-

83 2218 223 2296 pedooles
239 2225 272 2282 et
293 2217 495 2298 hippocrates
513 2217 658 2296 medicus,
679 2215 809 2296 Gorgias
821 2218 1014 2300 hippiasque,
1034 2217 1183 2280 Prodicus

83 2331 109 2386 et
128 2327 207 2389 Zeno
224 2332 258 2390 et
278 2325 472 2390 Parmenides
492 2325 666 2408 philosophi
684 2323 949 2406 agnoscebantur?
987 2325 1071 2387 idem
1089 2325 1184 2388 Euse-

82 2430 141 2494 bius
169 2435 205 2496 ad
235 2433 359 2515 Olyrnp.
388 2435 438 2511 ut,
460 2432 545 2516 4⁴¹)
570 2441 672 2497 notat:
713 2429 904 2515 Δημόκριτος
930 2431 1058 2515 τελευτᾷ
1090 2431 1184 2514 ζήσας

84 2534 128 2622 itu
148 2531 173 2624 ρ’.
200 2541 378 2622 Hieronymi
400 2541 608 2625 interpretatio
621 2539 673 2623 ⁴⁵)
693 2541 730 2603 ad
743 2561 811 2603 enm
824 2539 1019 2602 nunumnihil
1040 2540 1183 2618 continet,

83 2647 144 2710 nisi:
163 2650 376 2726 „Democritus
396 2649 552 2714 moritur.’'
593 2649 721 2713 Biennio
741 2649 894 2729 discrepat
913 2646 1011 2709 codex
1029 2646 1184 2710 Armeniu-

83 2773 138 2818 eus
180 2757 304 2841 Quippe
324 2759 406 2838 apud
426 2757 599 2822 Aucherum
619 2757 672 2837 ⁴⁴)
695 2758 759 2836 jam
781 2756 819 2818 ad
840 2755 961 2837 Olymp.
984 2755 1034 2831 ut,
1056 2757 1076 2816 2
1097 2775 1184 2836 repe·

83 2861 180 2928 rimus:
204 2865 421 2944 „Democritus
451 2863 557 2929 obiit'’
589 2865 727 2955 [Duplex
754 2883 849 2945 porro
878 2863 1045 2926 Democriti
1071 2863 1184 2926 meutio

83 2977 123 3032 est
140 2973 218 3054 apud
238 2973 388 3055 Cyriiium
410 2979 516 3037 contra
536 2972 682 3035 Iulianum
705 2973 756 3036 lib.
777 2973 798 3035 1.
819 2970 934 3055 ubist)
959 2971 1185 3056 ἑβδομηκοστῇ,

83 3077 177 3162 iuquit,
205 3081 373 3164 ὀλυμπιάδι
399 3081 474 3168 pusi
503 3077 647 3162 γενέσθαι
671 3079 860 3165 Δημόκριτον
889 3079 940 3142 καὶ
963 3076 1184 3164 Ἀναξαγόραν,

84 3229 274 3246 -ᾞ

147 3315 185 3380 ⁸²)
204 3317 360 3380 hieronym.
374 3317 471 3380 Inierp.
484 3317 580 3368 Chrou.
598 3317 694 3369 Euseb.
712 3332 737 3382 p.
750 3315 806 3369 130.
825 3317 955 3382 iuSoaiig.
975 3315 1051 3368 Thes.
1062 3316 1185 3380 Tempor.

145 3407 183 3470 ¹⁸)
206 3409 310 3460 Titulus
333 3407 412 3471 hiu'us
437 3409 540 3471 operis,
567 3408 640 3474 quod
666 3408 701 3460 ud
731 3409 855 3474 scaligeri
882 3409 989 3460 huodes
1023 3407 1186 3472 detegendas

85 3485 217 3546 Plurimum
245 3489 328 3551 vaiet,
357 3489 397 3540 sic
418 3501 448 3540 so
468 3489 562 3540 hahet:
600 3489 705 3542 Eueehii
733 3489 862 3555 Pamphili
886 3491 1035 3542 chronicon
1056 3489 1186 3538 Graeco-

84 3567 221 3701 irblwog-
236 3571 360 3623 Latinum
393 3569 435 3620 ed
472 3570 592 3635 Doptistu
625 3571 730 3622 Auchcr
755 3571 921 3637 Aueyruuus.
967 3571 1085 3624 venetiis
1112 3565 1186 3620 1813
1258 3637 1263 3648 ⁸

85 3651 90 3668 ⁸
137 3651 175 3712 oi„
210 3691 216 3702 .

146 3742 183 3805 ”i
204 3741 345 3794 Eusebio
366 3741 434 3792 Scai.
456 3741 532 3794 Titos.
549 3743 640 3808 Temp.
659 3757 684 3809 p.
706 3741 762 3796 172.

145 3833 183 3896 ⁴⁰)
202 3835 354 3899 hieronyrn
375 3833 390 3885 Ι.
407 3834 422 3884 Ι.
442 3848 468 3898 p.
491 3831 548 3884 iun.

146 3923 185 3988 ⁴¹)
201 3924 298 3976 Euseb.
317 3925 413 3978 Chrou.
435 3927 509 3977 Tom.
531 3927 552 3976 11
575 3939 634 3990 pag.
653 3923 706 3978 313
726 3926 767 3978 ed
786 3927 898 3979 Aucher.

146 4015 184 4078 ⁴⁹)
204 4015 301 4069 Euseb.
322 4019 417 4069 Chrou.
437 4019 463 4070 iu
482 4017 550 4069 Seni.
574 4019 650 4070 Thes.
668 4019 759 4084 Temp.
778 4035 803 4085 p.
822 4017 878 4072 173.

146 4105 184 4170 ⁴³)
203 4107 354 4174 hieronym.
373 4111 388 4160 1.
409 4122 432 4161 c.
454 4125 514 4176 pag.
536 4107 592 4163 131.

146 4195 186 4260 ⁴⁴)
205 4197 301 4252 huseb.
322 4201 418 4252 Chrou
439 4203 512 4255 Tum.
534 4203 564 4254 71.
585 4217 643 4266 pag.
665 4199 716 4253 717
743 4202 785 4255 ed.
801 4203 914 4254 Aucher.

146 4287 185 4350 ⁴⁵]
205 4291 290 4356 Cyriit.
308 4295 402 4346 conire
419 4293 553 4348 Jutiouutu
570 4295 614 4347 tib.
636 4297 644 4346 Ι
665 4309 724 4362 pag.
744 4291 777 4348 13
795 4295 837 4347 ed.
859 4294 956 4360 Spunh.
