2984 4876
354 307 439 364 Liber
457 307 505 364 lli.
537 307 608 366 Adn.
626 307 661 362 ad
681 307 760 364 Dan.
777 325 821 381 op.
840 307 934 381 lragm.
1133 311 1196 376 255

470 564 809 636 ADNOTthONES.

564 719 715 732 ..ιιι-ιι·

251 795 296 850 Δ.
335 791 580 842 ADNOTA'l’lONES
604 791 647 842 AD
668 789 859 844 FRAGMENTA
879 789 1028 844 nonaum.

172 909 198 970 1.
241 909 320 972 Mala
339 907 506 972 Haerenius
527 906 579 989 τὴν
602 906 653 969 καὶ
670 903 818 989 εὐθυμίαν
838 924 896 987 pro
919 906 972 988 τὴν
994 907 1028 970 δὲ
1043 907 1191 994 εὐθυμίην

83 1016 185 1079 edidit.
230 1019 312 1081 ldem
338 1037 400 1080 non
432 1022 593 1100 perspecto
622 1015 783 1076 verborum
812 1033 903 1076 sensu
925 1015 1122 1100 neglectaque
1139 1040 1192 1082 co-

82 1127 184 1188 dicum
205 1128 392 1204 auctoritate,
414 1123 446 1187 ἐν
468 1128 512 1210 τῷ
539 1123 609 1207 περὶ
631 1120 827 1204 εὐδαιμονίης
853 1125 954 1206 ψυχῆς
976 1124 1027 1187 καὶ
1050 1127 1190 1190 κακοδαι·

83 1233 207 1315 μονίῃς·
228 1230 417 1316 Εύάαιμονίῃ
444 1231 500 1295 οὐκ
530 1232 561 1294 ἐν
585 1231 771 1316 βοσκήμασιν
796 1226 890 1291 οἰκέει
910 1229 1050 1310 vulgavit.
1089 1235 1191 1298 Verba

81 1340 165 1424 ψυχὴ
190 1337 218 1402 δ’
239 1341 411 1425 οἰκητήριον
433 1340 577 1424 δαίμονος
598 1346 680 1402 recte
700 1344 913 1416 comparantur
935 1359 1003 1401 cum
1017 1342 1191 1422 Demophili

80 1455 154 1511 seut.
193 1450 279 1529 Pyth.
308 1469 338 1511 u.
360 1451 400 1511 45
434 1449 541 1528 (Orell.
563 1448 702 1528 opuscl
728 1467 757 1527 p.
781 1447 837 1524 42)
867 1449 969 1530 ψυχῆς
987 1447 1078 1529 ἁγνῆς
1097 1447 1188 1512 τύπον

81 1553 264 1640 οἰκειότερον
297 1555 345 1618 ἐπὶ
372 1559 428 1638 γῆς
455 1554 511 1618 οὐκ
538 1553 604 1640 ἔχει
625 1551 706 1621 θεός.
757 1555 805 1615 De
826 1572 903 1616 voce
926 1553 1042 1618 τύεστώ
1062 1557 1190 1622 diximus

78 1665 115 1726 ad
135 1666 291 1746 fragment.
312 1667 383 1728 206.

164 1775 193 1837 ³.
236 1774 350 1836 Eadem
379 1772 526 1836 sententia
553 1776 651 1832 exstat
677 1768 761 1849 apud
789 1770 898 1835 Autan.
922 1778 953 1834 et
974 1772 1054 1834 Max.
1076 1793 1106 1854 p.
1127 1776 1186 1838 991

77 1882 180 1944 addito
207 1883 348 1945 lemmate
374 1884 515 1962 Epicteti.
567 1880 629 1943 Sed
653 1879 694 1940 ibi
716 1897 876 1958 perperam
897 1885 1050 1942 exaratum
1073 1889 1119 1944 est
1139 1882 1189 1946 ἐπὶ

76 1990 109 2051 τὸ
132 1987 239 2052 καλύν.
290 1991 435 2053 Fortasse
464 1991 523 2052 hoc
552 1989 751 2068 fragmentum
781 1986 858 2050 iuter
885 1987 1030 2052 collectas
1049 1989 1188 2070 Epicteti,

76 2095 219 2160 Isocratis
248 2106 278 2162 et
301 2099 470 2161 Democriti
500 2096 663 2160 sententias
694 2094 911 2175 reperiebatur.
958 2096 1118 2160 Schowius
1137 2099 1189 2162 ad·

75 2213 169 2282 notat,
192 2206 223 2268 in
244 2207 311 2270 aliis
334 2207 491 2272 codicibus
512 2204 698 2280 Democrito,
727 2204 757 2264 in
779 2201 845 2264 aliis
866 2204 1063 2266 Demostheni
1083 2206 1185 2272 tribui.

161 2317 191 2377 4.
234 2317 295 2377 Pro
319 2315 508 2400 ἀνυβρίστως
528 2314 606 2377 Cod.
627 2311 720 2375 Putat.
740 2308 906 2393 ἀνύβριστοι
926 2312 1145 2378 adverbialiter.

160 2425 189 2484 b.
233 2424 309 2486 Cod.
336 2425 427 2487 Palat
454 2420 688 2507 πολυφροσύνῃ,
707 2418 817 2501 reliqui
840 2417 1028 2502 δικαιοσύνῃ.
1073 2426 1186 2486 Demo-

75 2533 185 2594 critum
215 2532 417 2594 existimamus
437 2527 656 2615 πολυφροσύνῃ
685 2527 853 2608 scripsisse.
899 2528 945 2590 Gi.
974 2529 1052 2592 intra
1079 2531 1184 2613 fragm.

77 2642 143 2702 141.
191 2641 373 2722 Caeteroqui
393 2661 407 2700 v
433 2635 704 2724 ἐφολκυστικύν,ιιῐ
723 2636 871 2718 praecipit
891 2637 1101 2716 grammaticus
1122 2639 1186 2704 Αυ-

73 2753 219 2826 gustanus
249 2749 286 2809 de
312 2747 442 2809 dialecto
463 2747 572 2810 Jonica
590 2767 620 2826 p.
643 2747 705 2810 669
725 2745 955 2808 Schaeseriauae
976 2744 1105 2826 Gregor.
1123 2747 1184 2812 Co

73 2857 162 2916 rinth.
178 2855 327 2932 editionis,
346 2855 519 2937 ubicunque
536 2856 566 2918 in
583 2855 699 2918 ionicis
713 2851 887 2934 philosophi
900 2853 988 2931 hujus
1009 2855 1184 2936 fragmentis

72 2963 297 3044 reperiebatur,
330 2962 436 3040 delevi,
467 2961 583 3025 servavi
610 2971 708 3025 autem
737 2962 769 3023 in
804 2961 840 3024 iis
874 2961 1070 3042 fragminibus
1104 2984 1183 3048 quae

71 3079 222 3148 auctores,
253 3091 273 3133 a
300 3071 408 3153 quibus
438 3091 474 3134 ea
500 3071 627 3133 mutuati
650 3089 762 3148 sumus,
795 3089 833 3131 ex
868 3069 968 3131 ionica
995 3070 1124 3134 dialecto
1151 3073 1183 3135 in

71 3198 262 3240 coumrunem
291 3185 510 3242 converterant.
558 3178 693 3240 Eandem
722 3177 819 3258 legem
850 3197 943 3259 quum
972 3177 1030 3240 sibi
1049 3179 1182 3244 Orellius

70 3293 98 3346 et
124 3287 322 3350 Burchardus
349 3288 508 3364 dhissere,
535 3295 635 3349 tamur
662 3284 821 3367 aliquoties
857 3285 1022 3365 migrarunt
1047 3305 1074 3350 v.
1098 3309 1125 3352 c.
1151 3289 1182 3351 iu

70 3394 175 3475 fragm.
198 3397 248 3472 22,
271 3396 324 3458 ubi
344 3401 471 3478 uterque
491 3393 633 3478 πάρεστιν
656 3412 714 3474 pro
735 3391 861 3474 πάρεστι
879 3394 981 3471 ponit;
1001 3395 1037 3454 ir.
1058 3396 1107 3470 41,
1129 3397 1182 3459 ubi

68 3503 264 3567 Burchardus
284 3503 371 3584 pouit
398 3501 619 3586 ἀμηχανίῃσιν;
643 3503 680 3564 cl.
701 3502 805 3580 fragm.
831 3501 881 3575 45,
904 3502 955 3577 46,
975 3503 1025 3578 47,
1046 3503 1096 3564 60.

154 3613 183 3674 6.
227 3611 362 3674 Orellius
383 3611 422 3674 ad
444 3611 522 3672 Ιιυυυ
541 3609 645 3672 locum
666 3609 804 3670 adnotat:
825 3607 980 3699 „hisolens
1002 3628 1130 3689 prorsus
1150 3619 1181 3674 et
1205 3633 1210 3652 ·

68 3719 149 3798 quod
173 3719 274 3795 sciam,
293 3717 358 3780 sine
380 3718 519 3798 exenrplo
539 3724 586 3780 cst
610 3717 695 3780 verbi
714 3713 844 3798 ἐρᾶσθαι
863 3715 926 3795 (vel
949 3716 1009 3780 ion.
1025 3715 1178 3800 ἐρέεσθαι,

67 3825 136 3888 Vid.
160 3825 309 3888 hlaittaire
330 3824 368 3886 de
390 3823 506 3889 dialect.
525 3847 594 3907 pag.
620 3829 679 3890 157
711 3824 757 3886 ed.
776 3823 890 3904 Stura)
914 3843 984 3886 cum
1003 3825 1178 3886 accusativo

66 3932 110 3992 rei
131 3939 246 3996 auratae
274 3932 469 3995 constructio.
519 3936 630 3998 Annon
655 3933 817 4014 legendum
840 3929 1018 4014 αἱρούμενος
1039 3929 1077 3991 τὰ
1097 3929 1176 3993 llud·

65 4060 138 4122 τερα
171 4038 316 4122 αἱρέεται.
360 4039 437 4104 Cod.
469 4037 560 4104 Palat.
594 4039 776 4126 ἐρευύρενος.
816 4038 928 4104 lllale.”
972 4037 1177 4102 Nihilominus

65 4145 259 4210 Burchardus
281 4145 445 4232 ἀρυόμενος
474 4156 505 4214 ct
527 4148 655 4234 ἑρέεται,
676 4147 863 4210 membranas
885 4153 1018 4222 secutus,
1040 4145 1070 4208 in
1092 4151 1177 4211 textu

63 4253 191 4336 reliquit,
218 4255 310 4319 allato
337 4257 486 4321 Herodoti
516 4258 588 4322 loco
618 4256 684 4338 (lib.
706 4257 728 4336 l,
754 4257 809 4338 43)
832 4253 995 4326 ἀκοντίζων
1026 4253 1076 4317 τὸν
1111 4257 1178 4335 σῦν,
