2956 4860
296 339 339 406 24
624 317 821 401 Quaestionum
838 334 1071 392 Damocritecmm

379 503 566 568 Censorinus
581 523 645 566 non
666 506 833 584 refragatur
855 503 971 566 calculo
999 509 1116 580 nostro,
1146 521 1318 585 quamquem
1342 499 1385 562 ait:

296 612 523 692 „Democritum
544 631 666 694 qnoque
693 611 868 688 Abderiten,
899 619 929 674 et
949 613 1113 674 Isocratem
1134 612 1283 673 rhetorem
1303 610 1386 670 lemnt

297 740 396 802 prope
418 721 457 781 ud
481 720 514 782 id
535 719 639 781 aetatis
660 720 835 800 pervenisse
863 739 925 801 quo
945 718 1081 798 Gorgian
1099 719 1286 796 Leontinum,
1313 735 1388 797 quem

298 827 432 891 omnium
450 834 585 890 veterum
605 827 733 890 maxime
761 846 864 890 senem
885 827 997 902 inisse,
1023 832 1054 889 et
1077 831 1150 888 octo
1173 845 1264 907 supra
1287 831 1389 886 centum

298 955 393 998 annos
413 933 554 999 habuisse
582 932 737 998 coustat’'
779 933 859 997 Male
886 941 1042 1014 comparat
1064 933 1272 996 Democritum
1295 937 1323 992 et
1338 929 1389 989 lso·

298 1049 410 1106 cratem
439 1063 509 1106 cum
537 1041 660 1123 Gorgia.
709 1043 854 1124 Gorgiam
880 1041 990 1104 Cicero
1003 1040 1011 1073 ¹
1024 1038 1054 1120 ⁵)
1082 1049 1207 1104 centum
1235 1045 1263 1100 et
1290 1042 1389 1115 septem

298 1151 497 1232 complevisse
520 1171 616 1214 annos
636 1151 738 1214 refert
765 1151 829 1214 Alii
839 1171 908 1214 eum
921 1149 1068 1231 usquead
1082 1148 1277 1212 centesimum
1292 1160 1390 1206 nonum

298 1277 407 1321 annum
435 1259 496 1322 vita
523 1277 683 1340 superasse
712 1259 849 1337 tradam,
874 1260 1038 1322 Isocratem
1062 1276 1139 1320 vero
1167 1253 1303 1320 unanima
1326 1267 1390 1312 voce
1442 1299 1443 1304 ,

298 1365 483 1447 antiquiores
509 1385 607 1448 prope
633 1367 672 1429 ad
698 1367 893 1430 centesimum
924 1384 1035 1428 muurn
1059 1364 1174 1428 vixisse
1203 1361 1389 1426 testificantur.
1442 1413 1443 1430 ,

298 1470 397 1535 Natus
426 1475 505 1536 euim
531 1475 580 1536 01.
602 1477 653 1554 86,
678 1479 704 1552 l,
742 1483 811 1539 ante
838 1474 910 1537 Chr.
939 1473 1001 1536 436
1026 1494 1054 1537 a.
1087 1473 1193 1538 audite
1223 1471 1336 1533 funesto
1360 1463 1390 1523 de
1442 1461 1443 1530 l

298 1596 399 1658 pugne
425 1580 464 1642 ad
490 1581 696 1646 Chaeroneam
724 1582 885 1646 commissa
910 1580 1023 1644 nuncio
1050 1583 1167 1663 patriae
1193 1574 1318 1642 libertati
1340 1589 1391 1634 noa

299 1693 453 1766 superstes
472 1709 547 1770 prae
575 1697 692 1753 terrore
711 1711 799 1773 quem
823 1691 898 1752 haec
913 1688 941 1750 ci
961 1708 1012 1751 res
1030 1689 1206 1764 incusserat,
1226 1685 1274 1749 Ol.
1296 1679 1390 1755 ll0‚3,
1442 1671 1443 1730 l

299 1797 368 1855 aute
386 1797 456 1859 Chr.
479 1799 541 1862 338
562 1818 588 1860 a.
610 1799 738 1860 animam
756 1797 875 1861 efflavit
905 1796 1110 1880 Quamobrem
1135 1797 1166 1860 iu
1183 1797 1242 1858 hoc
1255 1789 1390 1874 quodDe
1442 1763 1443 1808 ¹

298 1903 457 1965 mocritum
480 1912 510 1968 ct
521 1907 692 1984 Isocratem,
704 1905 756 1988 qui
770 1911 891 1968 centum
909 1923 1057 1967 annornm
1072 1924 1163 1968 senes
1182 1899 1315 1966 exstincti
1326 1897 1389 1967 smil,
1442 1951 1443 1996 3

299 2026 368 2070 cum
389 2012 504 2093 Gorgia
521 2015 684 2092 contendit,
705 2013 825 2095 lapsum
846 2032 913 2076 esse
934 2011 1137 2076 Censorinum
1159 2015 1290 2093 apparet
1315 1999 1390 2086 Quod

300 2120 504 2200 autemdicit,
532 2140 595 2184 non
617 2141 676 2204 pro
703 2127 788 2183 certo
818 2121 947 2182 affirmat
975 2119 1117 2200 scriptor,
1146 2139 1246 2204 neque
1265 2123 1297 2180 ut
1313 2128 1389 2182 sunu,
1442 2175 1443 2188 ,

299 2225 353 2286 sed
373 2233 407 2288 ut
425 2227 555 2292 aliomm
578 2229 751 2311 opinionem
774 2229 927 2310 proponit,
954 2234 988 2290 ut
1010 2247 1049 2289 cx
1070 2227 1136 2306 ejus
1157 2227 1258 2293 verbis
1276 2215 1389 2295 enrergit
1442 2253 1443 2298 p

379 2335 465 2398 Nihil
485 2357 534 2400 me
554 2343 656 2400 movet
676 2336 759 2419 quod
784 2336 824 2400 eit
851 2335 1038 2416 Thrasyllus,
1060 2336 1113 2419 qui
1136 2335 1194 2400 sub
1216 2323 1389 2396 Tiberiade
1442 2319 1443 2376 Ῠ

297 2458 379 2503 mum
407 2445 591 2525 Imperatore
621 2447 636 2525 (
642 2445 692 2508 vel
722 2446 849 2507 sortasse
879 2443 968 2506 ctiam
996 2442 1181 2526 postmodo)
1211 2440 1296 2518 vixit,
1326 2445 1390 2496 tnn⁰

296 2549 381 2630 prius
401 2552 528 2617 Socrate
560 2553 709 2617 Nostrum
734 2551 766 2613 in
793 2550 893 2616 lucem
922 2557 1096 2632 susceptum
1122 2569 1207 2628 esse,
1235 2536 1391 2629 praesertim

297 2657 454 2739 quianon
476 2667 591 2724 tantum
622 2661 660 2724 de
685 2658 862 2738 Democriti,
883 2659 996 2722 sedda
1017 2659 1144 2723 aliorum
1168 2673 1288 2744 quoque
1308 2644 1391 2732 philo
1442 2685 1443 2688 ,

296 2769 473 2847 sophorum,
500 2768 646 2851 imprimis
671 2767 882 2849 sophistarum,
915 2785 990 2829 aevo
1012 2767 1174 2850 loquentes
1196 2766 1273 2830 adeo
1293 2753 1391 2820 fluitant

297 2874 471 2955 scriptores,
501 2877 552 2959 qni
577 2877 774 2938 flaccescente
804 2875 971 2937 litterarum
999 2876 1076 2937 flore
1098 2875 1154 2938 sub
1176 2861 1391 2956 imperatoribus

187 3019 193 3032 -
296 2981 441 3043 Romanis
465 2982 618 3059 vixerunt,
645 2989 785 3064 tantaque
814 2981 964 3044 interdum
986 2989 1142 3063 portenta,
1171 2997 1299 3066 quorum
1317 2967 1390 3046 0⁶8⁰
1442 2967 1443 3056 i

296 3085 423 3164 inscitia,
441 3107 656 3171 nonnunquam
679 3087 793 3149 incuria
812 3093 841 3149 et
858 3088 1040 3169 negligentia
1060 3091 1124 3167 luit,
1142 3093 1286 3162 effutiunt,
1302 3069 1390 3156 utqui
1442 3075 1443 3136 Ῠ

296 3193 436 3257 omnibns
456 3197 581 3258 credere
598 3196 678 3273 velit,
690 3195 835 3275 vertigiue
848 3194 935 3276 quasi
958 3196 1138 3278 corripiatur
1159 3212 1285 3261 necesse
1302 3177 1390 3257 sit¹⁶)·

295 3302 390 3384 Atqui
417 3303 443 3365 si
470 3303 501 3364 in
529 3302 661 3364 finienda
687 3301 891 3381 sophistarum
919 3302 1108 3384 singulorum
1135 3313 1242 3381 aetate,
1271 3311 1342 3382 qnae
1361 3301 1391 3346 et
1442 3335 1443 3338 =

296 3409 440 3488 Plutonis,
462 3409 602 3472 lsocratis
625 3418 654 3472 et
675 3409 891 3490 Xenophontis
918 3412 1062 3492 operibus
1085 3413 1244 3495 diligenter
1264 3387 1390 3490 pernosti

367 3639 405 3702 ¹⁵)
424 3640 517 3692 Cicero
536 3639 570 3692 da
591 3642 696 3694 senect.
718 3642 744 3706 V,
763 3639 787 3692 l.

364 3731 404 3795 Ἰ)
428 3733 472 3782 Sic
496 3733 653 3784 lleinersius
680 3735 706 3783 in
728 3735 823 3786 Gesch.
844 3735 870 3785 d.
893 3736 991 3800 Uespa,
1020 3733 1107 3800 Fortg.
1127 3750 1152 3787 u.
1172 3733 1241 3786 Veri.
1262 3729 1309 3782 der
1325 3718 1390 3770 Wtffi·
1442 3763 1443 3766 =

295 3815 321 3864 in
342 3813 489 3864 Griecheul.
508 3813 563 3863 und
584 3813 650 3864 ltom
671 3815 745 3866 Tem.
765 3817 795 3864 ΙΙ.
816 3827 843 3879 p.
862 3811 919 3866 ild.
942 3815 1143 3866 memorabilem
1167 3817 1244 3866 affert
1264 3803 1332 3860 Plinii
1348 3791 1391 3858 (tib.

295 3894 403 3956 lllllltlt,
423 3888 457 3956 l.)
476 3907 596 3944 errorem
616 3897 758 3959 narrentis,
781 3897 906 3959 Gorgiam
929 3897 1002 3946 circa
1020 3899 1245 3960 septuagesimam
1267 3878 1392 3951 otympia-

295 3977 356 4027 dem
375 3987 485 4024 citream
513 3973 564 4025 sibi
591 3977 642 4040 ipsi
666 3980 783 4029 statuam
808 3976 916 4040 Delphis
936 3978 1068 4042 posuisse,
1091 3979 1119 4028 id
1143 3978 1215 4043 quod
1235 3971 1304 4026 nullo
1322 3957 1391 4028 lt⁸⁰¹⁰

294 4053 441 4108 defendere
459 4055 527 4107 licet.
566 4057 703 4122 Nimirum,
721 4057 854 4123 quonium,
870 4061 901 4107 ut
920 4057 965 4108 ubi
983 4058 1140 4110 bleinersius
1158 4057 1268 4114 monuit,
1287 4040 1391 4106 (ἲῡΐὸῑθῧι

294 4139 339 4201 qui
365 4138 543 4188 centesimum
566 4150 668 4208 nonum
693 4153 793 4191 anuum
818 4139 960 4188 essecutus
978 4139 1099 4200 videtur,
1129 4140 1248 4191 Socratis
1267 4121 1391 4193 sul)ersms

295 4217 344 4267 luit
362 4217 475 4278 (Quinct.
492 4219 533 4280 Ill,
547 4215 586 4282 1.),
612 4223 675 4284 post
696 4216 925 4284 septuagesimum
947 4218 1130 4284 Olympiadem
1153 4223 1244 4271 uatum
1269 4223 1326 4266 esso
1339 4207 1391 4254 &¹¹¹¹

293 4299 362 4348 ratic
381 4298 486 4350 evincit.
