2984 4876
367 318 454 374 Liber
471 319 518 378 111.
554 320 705 376 Democriti
724 337 835 392 opernm
853 321 1014 394 fragmenta.
1189 325 1251 390 199

214 486 285 548 911.
332 479 371 548 Οἱ
398 485 488 548 κακοὶ
512 483 608 554 ἰόντες
645 485 678 554 ἐς
708 484 762 553 τὰς
789 485 892 567 τιμαῖς,
930 485 1033 571 ὁκὸσῳ
1062 487 1097 551 ἂν
1130 492 1246 573 μᾶλλον

130 591 249 661 ἀνάξιοι
275 589 377 660 edures
404 590 491 671 ἴωσι,
526 591 663 677 τοσούτῳ
701 594 817 676 μᾶλλον
842 591 1012 675 ἀνακήδέες
1039 596 1170 677 γίνονται
1194 599 1245 661 καὶ

128 697 308 782 ἀφροσύνης
327 699 378 762 καὶ
400 699 533 784 θράσεος
554 700 750 782 πίμπλανται.
788 701 873 764 Stob.
898 701 982 764 Flor.
1003 703 1111 780 xuni,
1133 708 1182 768 45.

215 811 287 871 916.
321 801 417 870 Ὅταν
448 807 477 868 οἱ
505 809 669 890 δυνάμενοι
698 812 775 870 τοῖσι
800 807 841 892 μή
868 805 974 892 ἔχουσι
995 811 1046 873 καὶ
1067 812 1242 894 προτελέειν

126 913 285 997 reipsum
306 916 357 978 καὶ
384 913 562 998 ὑπουργέειν
591 915 642 976 καὶ
662 915 855 998 χαρίζεσθαι,
879 915 1030 1002 ἐντούτῳ
1054 915 1114 1000 ήδη
1138 917 1241 981 καὶτὸ

128 1021 286 1106 οἰκτείρειν
310 1019 417 1097 ἔνεστι,
436 1021 546 1106 καὶμὴ
569 1021 703 1107 ἐρήμους
722 1022 799 1084 εἶναι
819 1024 869 1086 καὶ
889 1025 923 1086 τὸ
947 1024 1086 1107 ἑταίρους
1106 1025 1241 1108 γίνεσθαι

127 1132 179 1194 καὶ
204 1132 239 1194 τὸ
263 1129 388 1212 ἀμύνειν
412 1129 573 1212 ἀλλήλοισι
591 1130 641 1192 καὶ
663 1130 734 1198 τοὺς
753 1131 900 1213 πολιήτας
921 1130 1073 1214 openiens
1094 1131 1171 1195 εἶναι
1192 1134 1241 1196 καὶ

127 1238 210 1302 ἄλλοι
238 1238 357 1321 ἀγαθαί,
387 1237 466 1301 doro
498 1236 599 1307 οὐδεὶς
624 1237 660 1302 ἂν
692 1237 813 1302 δύναιτο
836 1238 1010 1310 καταλέξαι.
1050 1242 1135 1305 Stob.
1157 1243 1239 1304 Flor.

126 1349 235 1428 XLlll,
256 1349 307 1410 to.

591 1508 653 1583 Περὶ
671 1511 777 1583 γήραος.

210 1632 283 1696 916.
323 1625 424 1712 Ἰαχὺς
445 1626 494 1688 καὶ
518 1625 671 1710 εὐμορρίη
703 1625 845 1710 νεότητος
872 1627 984 1710 ἀγαθαί,
1007 1633 1101 1714 γήρας
1123 1631 1157 1693 δὲ
1182 1655 1237 1696 σω·

126 1735 283 1824 φροαὺνής
301 1735 403 1804 ἄνθος.
445 1737 532 1800 Stob.
549 1736 634 1797 Flor.
656 1735 756 1814 CXV,
778 1740 825 1801 19.
866 1740 945 1800 lllax.
967 1761 998 1818 p.
1018 1743 1090 1802 866.

206 1847 279 1908 917.
323 1843 428 1928 Γέρων
455 1843 580 1929 εὔχαρις
611 1842 780 1926 ὁαίμὺλος
805 1845 857 1906 καὶ
879 1843 1138 1929 σπουδαιόρυθος.
1178 1850 1238 1910 lle·

124 1975 219 2020 moer.
244 1952 337 2016 Orell.
364 1973 393 2014 n.
419 1955 469 2015 70.

209 2064 282 2126 918.
319 2057 359 2123 Ὁ
381 2059 480 2144 γέρων
506 2059 576 2128 νέος
595 2058 726 2142 ἐγένετο,
748 2059 764 2122 ὁ
789 2059 824 2122 δὲ
846 2059 915 2128 νέος
940 2059 1055 2143 ἄδηλον
1080 2061 1108 2124 εί
1134 2060 1165 2131 ἐς
1185 2064 1235 2146 γή-

124 2191 182 2254 ρας
202 2168 356 2238 ἇπίξεται·
377 2168 412 2230 τὸ
434 2166 551 2236 τέλειον
572 2167 615 2230 ὦν
641 2165 757 2249 ἀγαθὸν
779 2169 834 2229 τοῦ
853 2166 1018 2251 μέλλοντός
1036 2191 1069 2232 τε
1090 2170 1140 2234 καὶ
1163 2169 1235 2253 ἀδή·

124 2282 181 2343 λου
204 2276 343 2362 κρέσσον.
384 2277 470 2340 Stob.
492 2275 575 2338 Flor.
599 2275 697 2352 CXV,
720 2279 770 2339 91.

208 2577 280 2638 911.
323 2573 455 2653 improbi
481 2573 508 2634 si
529 2574 663 2634 honores
690 2575 804 2652 petunt,
825 2591 887 2653 qno
911 2572 1023 2634 inerint
1043 2573 1234 2653 indigniores,

125 2687 186 2747 hoe
208 2689 240 2746 et
259 2681 493 2764 negligentiores
519 2680 645 2759 (adepto
666 2679 855 2759 magistratu)
882 2679 956 2740 11001
978 2679 1235 2762 imprudentisque

125 2791 221 2874 magis
250 2796 283 2854 et
302 2790 428 2852 andacia
448 2787 610 2868 replentur.

211 2899 282 2962 915.
324 2897 381 2959 Ubi
402 2903 543 2977 potentes
571 2895 610 2955 ad
632 2891 835 2956 sublevandos
859 2895 1004 2958 tenuioris
1024 2895 1161 2956 iortuuae
1184 2894 1237 2952 1ιο-

126 3011 221 3072 mines
244 3013 380 3085 sumptus
403 3007 502 3068 iacere
531 3003 679 3066 sustinent
701 2999 805 3082 eisque
836 3023 961 3083 operam
987 3022 1097 3066 navare
1119 3008 1150 3063 et
1170 3020 1237 3080 gra-

125 3118 249 3192 tificari,
284 3113 324 3174 ibi
351 3111 576 3174 misericordiae
604 3110 692 3171 locus
724 3116 784 3185 est,
812 3111 922 3191 singuli
956 3112 1037 3174 cives
1059 3129 1120 3172 non
1141 3108 1236 3170 disso-

126 3228 194 3291 ciati
214 3245 251 3287 ac
274 3221 385 3284 deserti
408 3227 486 3296 sunt,
510 3219 563 3280 sod
583 3223 687 3278 rnntna
706 3219 843 3295 societas,
866 3219 1002 3283 defensio
1024 3223 1054 3279 et
1072 3215 1236 3280 concordia

124 3339 290 3397 nascuntur
310 3336 400 3412 atque
422 3327 481 3389 alia
500 3327 580 3388 borna
601 3330 647 3387 tot
672 3332 820 3409 mritoque,
849 3332 884 3387 nt
905 3345 993 3388 neruo
1014 3325 1115 3388 verbis
1138 3323 1236 3404 expri-

126 3461 208 3504 mere
231 3437 338 3522 possit.

583 3601 621 3652 De
642 3600 789 3652 senectute.

212 3719 284 3781 916.
327 3716 434 3778 Robur
456 3719 486 3776 et
506 3713 701 3795 pulchritudo
721 3713 884 3791 juventutis
898 3712 979 3775 bona
999 3719 1079 3790 snut,
1098 3717 1238 3776 semotus

126 3835 229 3890 antem
250 3824 463 3904 temperantiae
486 3821 722 3903 prudentiaeque
742 3821 799 3883 llos
822 3825 875 3883 est

214 3935 287 3998 917.
334 3929 446 3992 Gratus
464 3936 510 3992 est
522 3911 616 3993 senex
631 3929 682 4011 qni
694 3929 769 3992 scite
777 3929 876 4008 jocari
891 3934 993 4010 potest
1006 3935 1036 3991 et
1051 3928 1130 3990 seria
1144 3926 1237 4007 loqui.

213 4042 286 4104 918.
330 4039 431 4101 Senex
450 4038 506 4100 init
523 4038 645 4119 juvenis
664 4037 840 4120 aliqnando:
872 4059 943 4100 num
964 4057 1037 4101 vero
1055 4035 1175 4116 juvenis
1195 4036 1240 4097 iu-

126 4148 275 4216 sumsit
299 4145 373 4210 olim
398 4165 507 4223 senex,
537 4149 684 4210 incertum
711 4151 764 4208 est.
817 4149 987 4212 Perfectum
1016 4146 1106 4228 igitur
1128 4145 1242 4206 bonum

128 4261 236 4323 intnro
258 4263 347 4340 atque
376 4255 493 4318 incerto
515 4254 714 4336 praestantius
735 4261 789 4317 est.
