2984 4876
429 312 514 368 Liber
531 313 580 372 ΙΙΙ.
609 314 759 370 Βοιοοάιί
779 329 890 384 operum
907 315 1069 387 immerita
1240 315 1306 380 213

190 480 371 564 διατοίχοος·
400 483 455 565 τὴν
484 479 542 564 γὰρ
562 473 679 565 ’φωνὴν
706 478 784 542 εἶναι
812 479 1023 564 θρυπτομένου
1055 486 1109 546 τοῦ
1139 482 1232 567 ἀέρος
1252 483 1303 547 καὶ

191 586 268 672 μετὰ
288 587 356 672 βίας
379 588 531 660 eluderet.
575 590 774 670 Tbeopbrast.
793 587 865 651 ibid.
888 590 938 651 55.

275 722 324 782 17.
360 714 479 806 Ὥσπερ
506 719 559 785 οὖν
590 721 677 790 ἐκτὸς
707 723 794 783 ποιεῖ
818 716 859 804 τῇ
881 719 950 804 ἀφῇ
969 720 1020 802 τὴν
1044 719 1196 803 αἴσθησιν,
1218 719 1301 784 οὕτω

188 821 228 910 τῇ
250 823 335 910 ἀκοῇ
357 826 451 897 ἐντός.
480 825 701 899 ’οξι1τατονδ’
724 826 859 902 ἀκούειν,
881 827 910 890 εἰ
932 827 948 890 ὁ
970 827 1026 910 μὲν
1048 826 1109 897 ἔξω
1132 830 1225 912 χιτὼν
1250 827 1299 912 εἴη

188 932 310 1015 πυκνός,
332 934 370 998 τὰ
390 935 425 998 δὲ
446 935 560 1022 φλέβια
582 935 656 1000 κενὰ
676 937 728 999 καὶ
750 939 792 1003 ὡς
813 935 943 1017 μάλιστα
958 933 1076 1018 ’ἀνικρα
1097 935 1148 998 καὶ
1169 933 1299 1020 εὕτρητα

187 1043 266 1104 κατά
288 1063 323 1104 τε
350 1043 385 1104 τὸ
414 1039 491 1106 ἀλλο
524 1047 615 1127 σῶμα
642 1043 694 1106 καὶ
715 1044 769 1128 τὴν
799 1043 939 1128 κεφαλὴν
959 1043 1010 1106 καὶ
1034 1041 1091 1110 τὰς·
1115 1041 1226 1121 ἀκοάς,
1256 1041 1299 1105 ἔτι

189 1148 224 1210 δὲ
245 1145 284 1210 τὰ
310 1147 385 1212 ὀστᾶ
406 1150 505 1215 πυκνὰ
527 1150 578 1215 καὶ
609 1151 626 1213 ὁ
653 1148 826 1234 ἐγκέφαλος
853 1149 1008 1234 εὔκρατος,
1028 1150 1130 1213 καὶτὸ
1154 1150 1224 1234 περὶ
1246 1148 1298 1211 σύ-

187 1255 303 1324 τὸνάις
324 1256 504 1342 ξηρότατον·
534 1257 649 1342 ἀθρόον
676 1257 733 1342 γὰρ
765 1257 802 1321 ἀν
834 1259 933 1328 οὕτως
962 1256 1084 1326 εἰςιέναι
1105 1257 1158 1339 τὴν
1182 1257 1297 1340 φωνήν,

188 1363 242 1427 ἅτε
265 1363 315 1427 διὰ
335 1366 454 1428 πολλοῦ
477 1369 568 1429 κενοῦ
591 1367 643 1428 καὶ
665 1365 793 1450 ἀνίκμοο
819 1369 870 1430 καὶ
889 1365 1036 1450 εὐτρήτου
1060 1363 1225 1442 εἰσιοῦσαν,
1247 1364 1298 1427 καὶ

186 1470 265 1556 ταχὺ
287 1471 467 1534 σκίδνασθαι
485 1475 536 1536 καὶ
559 1473 687 1557 ὁμαλῶς
706 1471 835 1538 κατὰτὸ
857 1479 960 1558 σῶμα,
980 1472 1031 1537 καὶ
1050 1471 1125 1536 οὐδὲ
1146 1470 1296 1534 ἐκπίπτειν

188 1575 258 1648 ἔξω.
301 1581 528 1662 Theophrastus
549 1581 621 1646 ibid.
645 1584 694 1644 56.

273 1713 321 1774 18.
364 1705 409 1774 Τὸ
433 1711 488 1796 μὲν
515 1709 569 1777 οὖν
597 1717 706 1798 σαφῶς
732 1712 889 1797 ἀφορίζειν
916 1711 1033 1795 ὁμοίως
1060 1709 1127 1800 ἔχει
1154 1714 1217 1779 τοῖς
1245 1710 1296 1773 oil-

186 1818 263 1894 λοις,
296 1817 408 1882 ἄτοπον
438 1819 473 1882 δὲ
506 1819 558 1883 καὶ
589 1819 704 1904 ἄδηλον
738 1819 815 1883 κατὰ
842 1823 902 1882 πᾶν
930 1819 965 1882 τὸ
998 1823 1088 1902 σῶμα
1115 1818 1166 1879 τὸν
1194 1816 1295 1901 ψόφον

186 1923 319 2001 electum,
338 1927 390 1989 καὶ
412 1926 484 1991 ὅταν
507 1927 630 2012 εἰςέλῧῃ
663 1929 713 1990 διὰ
740 1932 793 2012 τῆς
808 1927 913 2011 ἀκοῆς,
934 1927 1111 2012 διαχεῖσθαι
1127 1925 1204 1988 κατὰ
1226 1929 1296 2002 πᾶν,

186 2033 291 2118 ὥσπερ
308 2031 344 2096 od
364 2038 430 2102 ταῖς
446 2035 564 2114 ἀκοαῖς,
585 2036 656 2099 ἀλλ’
681 2037 746 2121 ὅλῳ
765 2040 808 2120 τῷ
822 2035 940 2117 σώματι
952 2034 1005 2116 τὴν
1028 2032 1169 2116 αἴσθησιν
1190 2030 1296 2096 οὖσαν.

187 2137 234 2204 (ld
256 2142 325 2226 γάρ,
348 2143 376 2205 ei
398 2141 449 2206 καὶ
472 2143 647 2227 σομπάσχει
667 2165 695 2207 τι
715 2146 755 2228 τῇ
777 2137 869 2225 ἀκοῇ,
893 2139 943 2203 διὰ
971 2143 1060 2202 τοῦτο
1082 2141 1133 2202 καὶ
1156 2139 1295 2203 αἰσθάνε-

187 2271 245 2312 ται.
290 2247 409 2319 Iidem<
437 2249 495 2334 γὰρ
526 2248 615 2315 τοῦτό
644 2273 680 2334 γε
708 2251 825 2337 ὁμοίως
856 2251 954 2311 ποιεῖ·
980 2250 1032 2312 καὶ
1055 2247 1092 2310 οὐ
1117 2245 1210 2329 μόνον
1231 2251 1296 2313 ταῖς

185 2475 284 2532 autern
305 2469 345 2531 ad
366 2470 482 2532 interna
499 2472 678 2550 pervenerit,
692 2470 831 2532 celeriter
851 2467 1014 2544 dimanare,
1030 2485 1097 2530 esse
1119 2467 1188 2546 (ie.
1207 2465 1296 2542 oriri)

185 2577 265 2640 eninr
287 2597 394 2641 vocem
412 2582 482 2639 abre
504 2579 635 2642 contrito
657 2585 687 2642 et
708 2579 846 2660 pervim
867 2576 1061 2657 ingrediente.

273 2713 322 2774 17.
364 2711 481 2773 Eodem
513 2711 605 2792 igitur
632 2713 726 2774 modo
754 2729 816 2793 quo
846 2709 1033 2771 extrinsecus
1061 2713 1142 2768 tactu
1174 2723 1295 2765 sensum

188 2818 254 2880 lieri
271 2819 383 2895 steterit,
407 2818 448 2880 ita
476 2818 557 2882 intus
579 2817 693 2883 auditu.
741 2818 924 2882 Acutissime
949 2815 1055 2891 audiri,
1080 2815 1104 2876 si
1125 2813 1297 2876 membrana

186 2931 310 2988 externa
330 2927 431 3002 densa,
453 2944 547 2989 venae
572 2925 675 2990 inerres
703 2931 733 2988 el
764 2947 852 3008 quam
880 2923 1008 2986 maxime
1030 2922 1095 2984 siue
1117 2922 1244 2983 lrumore
1266 2925 1296 2980 et

187 3033 264 3096 bene
283 3040 345 3096 tum
365 3033 404 3097 ad
425 3033 576 3117 reliquum
598 3054 710 3114 corpus
728 3043 791 3095 tum
817 3034 856 3095 ad
878 3036 971 3112 eaput
991 3049 1141 3111 auresque
1162 3029 1297 3108 perfora-

187 3149 244 3220 tae,
266 3162 337 3205 ossa
356 3149 455 3206 autem
484 3144 570 3205 lirma
593 3151 623 3206 et
650 3144 808 3206 cerebrum
835 3141 913 3203 bene
933 3139 1067 3214 mixtum,
1087 3141 1117 3198 ct
1138 3135 1222 3218 quod
1240 3133 1298 3194 cir-

189 3251 320 3327 cumdet,
342 3270 431 3332 quarn
452 3251 649 3316 siccissimum
670 3250 716 3314 sit.
746 3253 790 3312 ltn
807 3249 886 3311 enim
907 3267 1012 3310 vocem
1034 3245 1155 3325 plenam
1177 3243 1297 3312 intrare,

187 3377 244 3436 per
264 3357 391 3420 multum
411 3378 541 3421 vacuum
562 3365 594 3421 et
612 3361 738 3423 humore
759 3376 866 3420 carens
885 3361 915 3418 et
932 3354 1010 3416 bene
1029 3353 1213 3434 perforatum
1230 3369 1298 3430 pro-

188 3483 330 3544 gressam,
363 3465 563 3548 celeriterque
595 3468 748 3530 dimanare
777 3463 976 3548 aequabiliter
1010 3481 1066 3544 per
1093 3479 1205 3540 corpus
1235 3477 1298 3520 ser-

188 3571 300 3652 pendo,
320 3591 419 3656 neque
441 3573 591 3638 excidere.

277 3705 325 3766 18.
368 3705 564 3769 Democritus
591 3707 681 3788 igitur
707 3707 737 3768 in
763 3707 801 3767 iis
824 3723 901 3787 quae
917 3701 1078 3783 perspicue
1099 3701 1201 3762 defurit
1219 3698 1299 3759 simi-

189 3811 230 3874 lia
252 3813 371 3892 profert
392 3833 429 3876 ac
453 3815 566 3878 caeteri
591 3813 803 3896 (philosophi),
831 3813 966 3892 ineptmn
984 3827 1058 3870 vero
1079 3813 1169 3892 atque
1190 3806 1299 3868 obscu-

193 3940 261 3982 rum
281 3927 327 3982 est
350 3921 448 4004 (quod
470 3923 525 4002 ait)
552 3943 608 4003 per
630 3929 727 3984 totum
749 3941 864 4000 corpus
892 3925 1050 4000 penetrare
1072 3935 1180 3978 sonum
1201 3919 1231 3974 et
1249 3913 1299 3975 ubi

191 4047 248 4108 per
271 4047 377 4091 aurern
395 4029 558 4108 intraverit,
577 4035 742 4111 pertulum
762 4049 875 4108 corpus
894 4025 1031 4102 diffundi,
1046 4023 1132 4108 qnasi
1153 4029 1215 4084 tum
1239 4041 1302 4084 non

190 4137 276 4200 solae
298 4155 396 4215 aures,
418 4138 473 4200 sed
493 4139 669 4201 uuiversum
689 4157 803 4216 corpus
823 4136 940 4198 sentiat
971 4133 1051 4196 Nam
1072 4131 1097 4194 ei
1122 4131 1194 4214 quid
1215 4129 1303 4192 etiam

194 4265 254 4308 uua
275 4265 345 4308 enm
376 4248 500 4311 auribus
529 4248 667 4326 afficitur,
692 4248 763 4310 ideo
793 4253 981 4309 tamennon
1015 4247 1044 4304 et
1075 4241 1174 4324 ipsum
1205 4239 1302 4302 sentit.
