2938 4864
305 274 368 338 311
638 271 834 335 Quaestionum
865 269 1096 324 Democritearma
1396 257 1398 356 ι

307 441 429 523 negotia
453 439 713 516 administraverit,
738 459 808 502 eum
833 457 896 502 nou
926 437 1043 500 minore
1064 435 1181 499 infanda
1200 435 1321 498 laborare
1338 451 1373 490 ne·
1397 372 1399 480 i

307 569 393 612 cesse
414 557 461 612 est
488 569 577 632 qnam
598 546 649 630 qui
671 547 702 608 in
724 547 816 608 rebus
844 546 969 626 privatis
989 545 1066 608 aiios
1086 545 1217 608 homiues
1236 541 1333 624 injuriis
1347 541 1374 598 ai·

308 657 387 734 iecit,
408 656 548 740 quoniam
568 655 620 739 qui
644 653 766 736 publico
787 655 890 718 officio
910 654 1014 730 detuit,
1027 653 1161 736 quamvis
1178 672 1270 735 neque
1288 647 1376 710 laeserit
1400 598 1401 690 i

308 785 503 847 quemqnam,
538 781 636 846 neque
666 761 761 824 nilum
787 763 972 825 commiserit
1001 761 1159 843 flagitium,
1191 781 1249 824 non
1275 755 1377 837 siugulis,

308 873 363 934 sed
386 873 525 938 omnibus
544 873 664 935 videtur
682 869 820 948 iujuriam
843 869 988 933 intulisse.
1039 873 1116 934 Cum
1137 871 1226 933 rebus
1247 872 1332 930 auten
1346 881 1378 922 ne·
1402 917 1403 922 ,

309 980 424 1062 glectis,
445 991 537 1061 prout
555 982 684 1060 majores
713 985 765 1040 ant
784 979 917 1042 minores
936 986 1017 1056 sunt,
1042 977 1091 1040 vei
1111 978 1231 1040 infamia
1249 975 1292 1036 rei
1312 989 1381 1052 poena
1403 936 1404 1002 i

310 1091 472 1168 conjuncta
491 1093 546 1148 est.
589 1091 676 1168 Quae
699 1107 792 1169 quum
812 1087 853 1148 ita
872 1085 940 1164 sint,
960 1087 1096 1150 urortaiis
1112 1095 1235 1149 naturae
1255 1081 1381 1145 infirmita.
1404 1048 1405 1104 ¹

310 1217 370 1280 qua
389 1196 528 1277 proiecto
549 1214 676 1276 peccare
695 1194 842 1276 cogimur,
859 1214 925 1257 eam
942 1201 1047 1276 posset
1066 1195 1178 1258 trabere
1195 1194 1261 1269 vim,
1275 1198 1304 1252 ut
1321 1186 1383 1250 onie
1405 1162 1406 1204 ¹

311 1305 353 1366 sis
372 1303 502 1384 negotiis
524 1301 657 1382 publicis
679 1301 772 1385 quieti
791 1322 848 1365 nos
868 1303 1009 1366 ‹laremus
1030 1303 1079 1366 vei
1099 1309 1221 1366 nostras
1238 1305 1338 1362 tanturn
1353 1311 1384 1352 ro
1406 1274 1407 1290 ἵ

310 1431 478 1494 ageremus,
499 1411 676 1492 praesertim
698 1430 792 1493 quum
813 1418 1009 1490 peccatorum
1031 1411 1150 1474 veniam
1178 1405 1348 1473 mutante
1361 1401 1384 1462 ab
1407 1388 1408 1402 ¹

309 1521 376 1584 aliis
400 1521 603 1601 impetremus.
647 1519 709 1581 Sed
732 1525 829 1580 tamen
857 1539 949 1601 quum
971 1539 988 1582 c
1007 1527 1090 1582 recta
1113 1518 1301 1600 publicorum
1321 1529 1385 1590 nego

311 1629 422 1692 tiorum
443 1627 659 1710 procuratione
682 1627 815 1689 omnium
834 1626 915 1688 seius
934 1629 1072 1708 pendeat,
1091 1626 1267 1707 gravissima
1288 1619 1386 1684 ourninn

309 1738 504 1818 negotiorum
527 1735 648 1816 publica
667 1734 862 1799 existimanda
883 1733 981 1798 suut’'

395 1847 466 1916 214.
510 1845 704 1907 Burchardus
731 1843 876 1925 loquendi
897 1843 1057 1906 sonnuiam
1085 1840 1182 1911 ἰόντες
1211 1840 1242 1909 ἐς
1262 1837 1310 1906 τὰς
1328 1831 1388 1916 τιμάς

312 1973 402 2034 quam
431 1954 644 2034 iuterpretatur
672 1951 846 2014 aecadmtcr
877 1951 923 2012 ad
953 1951 1081 2014 honores
1110 1951 1290 2032 posterioris
1314 1941 1389 2008 aetati

312 2061 505 2142 graecitatem
533 2060 740 2143 imprimisque
765 2059 903 2122 vitiosam
935 2065 995 2122 τῶν
1019 2055 1230 2142 Ἧλληνιστῶν
1263 2055 1389 2118 dictionem

310 2169 452 2232 redolere
477 2170 527 2234 ait.
578 2173 664 2251 Quae
686 2170 752 2250 ipsa
771 2187 821 2232 res
848 2187 917 2230 eum
939 2167 1063 2246 induxit,
1089 2175 1122 2230 ut
1144 2169 1205 2231 hoc
1228 2170 1390 2246 fragmentum

312 2278 490 2341 Democrito
510 2277 703 2356 abjudicaret
754 2275 827 2338 Non
855 2275 975 2338 memini
994 2297 1042 2338 ure
1063 2277 1134 2339 aiibi
1160 2277 1284 2339 eandem
1300 2275 1391 2351 jum-tu·

311 2403 377 2446 ram
398 2385 542 2466 reperire.
585 2385 648 2447 Sed
675 2383 841 2446 cavendum
862 2391 916 2462 est,
944 2405 982 2448 ne
1006 2385 1157 2448 deteriora
1177 2391 1392 2466 putemusque

312 2512 330 2553 a
353 2491 469 2572 vulgari
491 2491 612 2554 dicendi
635 2492 854 2554 consuetudine
883 2493 1055 2555 abhorrent
1103 2494 1177 2556 Mihi
1201 2497 1261 2556 hoc
1281 2481 1392 2572 loquenti

310 2619 416 2679 genus,
438 2607 471 2662 ut
493 2600 586 2661 rnnlta
606 2598 666 2662 alia
683 2601 712 2662 in
735 2601 909 2681 fragmentis
934 2601 1145 2677 Dcrnocriteis,
1166 2603 1317 2682 poeticum
1335 2593 1393 2654 ride-

310 2715 367 2769 tur.
411 2707 579 2770 Democriti
600 2706 768 2770 orationem
790 2709 878 2772 etiarn
898 2709 1090 2789 agnoscimus
1111 2710 1140 2770 in
1155 2729 1234 2772 voce
1248 2699 1393 2784 ἀντκηὸέες.

310 2816 355 2876 lta
378 2815 458 2877 enirn
478 2813 637 2894 legendum
665 2835 733 2878 esse
755 2835 813 2897 pro
835 2815 871 2880 dv
893 2814 1033 2898 ἀκηδέες,
1056 2818 1138 2898 qnod
1158 2825 1206 2880 est
1228 2819 1258 2879 in
1280 2810 1395 2876 membra-

310 2921 367 2999 nis,
387 2929 474 2984 acnte
501 2922 576 2985 vidit
605 2923 807 3002 Burchardus
842 2925 893 3007 qui
926 2924 1004 2986 idem
1037 2923 1220 2987 vocabulum
1250 2917 1395 2986 Democrito

310 3030 442 3092 reddidit
455 3031 561 3110 fragm.
577 3033 646 3106 118,
659 3031 711 3094 ubi
729 3032 799 3094 vide
814 3040 949 3094 nostram
969 3031 1203 3097 adnotationem.
1235 3025 1396 3096 Gaisiordin

310 3157 345 3198 re
365 3158 427 3199 non
454 3145 614 3218 perspecta
643 3136 679 3201 dv
710 3147 833 3202 etextu
853 3140 949 3218 ejicit;
979 3140 1113 3204 Orellius
1142 3148 1245 3202 mouet
1266 3135 1396 3201 delendnn

312 3263 380 3307 esse
402 3242 437 3306 ἂν
467 3253 519 3308 aut
543 3245 735 3308 scribendum
759 3247 916 3327 γίγνοιντο.
966 3249 1014 3308 De
1043 3248 1160 3330 reliquo
1191 3269 1261 3310 cum
1281 3249 1332 3308 hac
1350 3257 1397 3302 sun·

206 3393 211 3400 -
312 3351 405 3414 tentia
428 3353 465 3414 ci.
488 3353 600 3414 Auton.
620 3353 689 3416 Mei.
717 3377 746 3434 p.
767 3358 827 3418 517
849 3353 991 3434 proverb.
1016 3357 1057 3416 ⁸28
1077 3363 1107 3417 et
1129 3359 1178 3420 29.

395 3462 466 3522 215.
508 3460 665 3524 Edidimus
687 3465 765 3524 τοῖσι
788 3483 846 3543 pro
873 3465 954 3536 τοῖς,
981 3463 1156 3544 aparctiam
1188 3471 1217 3525 et
1245 3454 1396 3542 ὑπουργέειν

310 3588 368 3648 pro
388 3569 546 3650 προτελεῖν
572 3576 603 3631 et
624 3569 798 3654 ὑπουργεῖν,
821 3571 968 3654 πολιήτας
990 3573 1087 3654 (quod
1108 3581 1138 3635 et
1155 3570 1344 3654 Burchardus
1363 3564 1397 3620 iu·

309 3677 375 3754 bet)
395 3695 453 3756 pro
475 3675 608 3744 πολίτας.
652 3677 685 3738 lu
716 3679 817 3740 verbis
843 3683 921 3742 τοῖσι
945 3681 985 3763 μὴ
1011 3677 1119 3764 ἔχουσι
1141 3699 1244 3742 mrsns
1265 3667 1397 3740 Democri·

311 3791 393 3846 teum
409 3783 563 3846 scribendi
592 3805 688 3865 genus
715 3790 915 3868 agnoscimus.
959 3789 1037 3852 Vide
1060 3809 1137 3870 qnae
1156 3787 1354 3850 adnotavimus
1371 3773 1396 3834 nd

308 3894 413 3973 fragm
437 3895 487 3954 20.
538 3893 733 3956 Burchardus
761 3899 813 3978 qui
844 3899 875 3959 in
903 3899 963 3960 hcc
993 3897 1159 3976 fragmento
1185 3893 1396 3956 Christianorum

310 4001 547 4063 uriserieordiam
559 4003 709 4084 reperisse
728 4003 784 4066 sibi
806 4006 889 4069 visus
901 4013 955 4079 est,
974 4005 1040 4068 sine
1065 4006 1157 4068 dubio
1177 4003 1298 4065 iaiiitnr.
1337 3995 1396 4056 ΜΝ

310 4107 466 4190 οἰκτείρειν
495 4131 533 4172 eo
564 4132 625 4191 quo
646 4110 695 4172 iric
726 4114 850 4192 ponitur
871 4133 962 4177 seusu
985 4115 1049 4192 jaim
1069 4115 1106 4176 ab
1128 4115 1260 4176 Homero
1280 4095 1396 4182 usurpari

310 4221 436 4288 constat,
458 4216 541 4278 velut
567 4217 648 4280 lliad.
666 4221 751 4296 xvi,
776 4225 805 4284 5.
