2956 4860
269 307 313 372 ltfl
596 308 792 372 iterationem
818 307 1052 364 Democriteum

270 475 416 560 quasdam
434 478 549 540 iuturas
570 476 650 538 felici
672 496 818 540 successu
838 474 1044 557 praedixisset,
1068 477 1132 554 jam
1150 475 1252 538 divino
1274 475 1379 556 spiritu
1455 487 1456 530 ἲ

270 591 384 648 tactum
404 585 558 668 plerisque
577 585 748 648 homiuibus
769 605 837 647 esse
860 583 968 646 vnum.
1012 585 1083 646 Duo
1104 583 1276 665 hujusmodi
1297 603 1379 664 prae-

271 693 437 756 dictionum
465 693 603 775 exempla
631 694 804 775 suppeditat
824 692 947 770 Plinius,
966 711 1096 776 quorum
1118 713 1211 756 uuum
1230 713 1323 774 quum
1343 691 1379 752 ab

271 801 338 864 aliis
366 809 502 864 veterum
536 801 574 864 de
596 802 720 866 Thalete
751 807 899 876 narretur,
931 801 1094 863 admodum
1124 807 1299 881 suspectum
1328 805 1380 874 est,

271 909 399 972 alterum
418 909 458 971 ad
477 929 541 972 rem
560 909 680 972 facilem
700 917 730 972 et
747 907 902 990 vulgarem
922 909 1077 990 pertinens
1097 910 1177 972 adeo
1195 907 1280 972 nulla
1299 927 1380 986 saga-
1456 909 1457 976 j

273 1018 363 1081 citate
390 1017 526 1096 excellit,
551 1025 585 1082 ut
607 1019 638 1080 in
662 1018 825 1100 agricolam
855 1017 975 1097 potina,
1007 1038 1097 1101 quam
1118 1018 1149 1080 iu
1169 1016 1380 1099 philosophum

271 1127 406 1210 quadret
447 1127 536 1188 Prius
564 1127 639 1190 illud
654 1126 681 1208 ¹)
705 1128 743 1188 ad
772 1126 833 1189 olei
861 1126 1062 1190 coemtionem
1085 1133 1210 1208 spectat,
1232 1125 1318 1203 quus
1338 1123 1380 1184 rei

271 1239 310 1300 ab
344 1235 411 1298 aliis
453 1233 541 1298 aliter
578 1234 689 1296 relatae
714 1233 780 1311 jam
811 1241 899 1296 autea
930 1233 962 1296 in
999 1236 1060 1300 hoc
1087 1234 1168 1297 libro
1200 1231 1322 1296 memini
1342 1231 1380 1310 ⁴).
1457 1307 1458 1322 η

273 1346 428 1410 Posterius
447 1344 491 1407 sic
513 1363 546 1406 se
569 1339 715 1422 lrabet⁵):
759 1342 915 1419 „Tradunt
936 1345 1066 1406 eundem
1086 1343 1295 1405 Democritum
1323 1361 1382 1402 me·
1457 1329 1458 1346 ¹

272 1461 353 1518 teuta
383 1454 474 1515 tratre
507 1452 572 1531 ejus
607 1453 750 1528 Damaso,
770 1450 981 1514 ardentissimo
1003 1457 1097 1530 aestu,
1119 1469 1232 1526 orasse,
1260 1457 1295 1512 ut
1317 1447 1382 1510 reli-

272 1583 349 1646 quae
383 1559 479 1640 segeti
509 1563 650 1640 parceret
679 1564 860 1642 raperetque
890 1561 1011 1624 desecta
1034 1562 1093 1624 sub
1126 1565 1254 1634 tectum,
1280 1559 1382 1637 paucis

272 1675 344 1752 post
364 1667 448 1730 horis
467 1685 558 1730 saevo
580 1665 675 1728 imbre
698 1667 909 1731 vaticinatione
930 1669 1106 1750 approbata
1116 1666 1132 1694 ”
1174 1667 1256 1730 ldem
1279 1665 1381 1727 litteris
1458 1721 1459 1732 ,

273 1775 463 1858 consignavit
475 1774 616 1838 Clemens
628 1769 659 1855 ⁶)
678 1777 789 1840 Strom
811 1776 863 1840 lib.
875 1778 916 1839 Vl
935 1797 1003 1858 pag.
1016 1779 1077 1840 λοῦ
1100 1777 1147 1839 οά.
1165 1775 1251 1855 Sylb.
1265 1774 1310 1854 (p.
1324 1775 1380 1836 755
1458 1759 1459 1804 θ

272 1888 319 1950 οά.
341 1883 469 1965 Pottcr.)
515 1883 564 1945 Ob
584 1885 661 1945 hanc
681 1884 772 1965 igitur
802 1886 973 1948 fumeorum
1002 1885 1257 1966 praesensionem,
1284 1883 1333 1944 vel
1353 1889 1382 1943 ut

272 1993 413 2058 Clemens
424 1989 455 2071 ⁷)
478 1990 529 2068 ait,
547 1991 630 2073 quod
650 2011 689 2054 ex
713 1993 887 2056 sublimium
917 1993 1129 2056 observatione
1155 1991 1250 2054 mulia
1269 1990 1382 2071 praedi-

273 2108 365 2179 ceret,
389 2099 561 2180 Sapientiae
583 2120 752 2181 cognomen
774 2101 887 2164 invenit
905 2101 1109 2165 Democritus,
1146 2101 1219 2163 Non
1242 2097 1381 2162 dissimile

273 2216 328 2288 est,
349 2209 432 2292 quod
447 2207 591 2271 Aelianus
603 2207 633 2294 ⁸)
650 2210 814 2272 momoriae
833 2211 976 2293 prodidit,
997 2209 1158 2273 Abderitas
1178 2207 1381 2272 Democritum

274 2518 409 2580 exscripta
434 2517 559 2580 leguntur
583 2515 656 2580 apud
683 2515 845 2582 Hesyclrium
869 2517 999 2568 ilitesium
1023 2532 1049 2582 p.
1071 2513 1104 2566 18
1128 2517 1169 2568 ed.
1194 2515 1271 2565 orell.
1302 2515 1381 2564 Diuus

273 2603 348 2650 recte
365 2599 489 2662 Diogenis
510 2599 671 2661 interpretes
691 2613 722 2649 ea
741 2599 865 2660 reddunt,
882 2601 951 2648 iuter
970 2613 1038 2664 quos
1059 2597 1216 2648 tnrbrosius
1233 2599 1273 2646 sic
1293 2596 1380 2645 uertit:
1460 2615 1461 2632 ι

274 2680 338 2743 „Ubi
365 2683 456 2731 autem
483 2679 571 2728 lutura
603 2679 735 2744 quaedum
756 2681 939 2743 praedixerat,
964 2693 1135 2744 separansque
1159 2693 1251 2728 rerum
1276 2681 1382 2729 eventus

275 2763 357 2814 iidem
376 2761 489 2822 lecerat,
512 2759 609 2810 divinis
632 2759 687 2822 jam
714 2759 862 2810 honoribus
880 2761 976 2823 dignus
993 2773 1010 2809 a
1025 2760 1160 2824 plerisque
1173 2759 1311 2822 judicatus
1325 2753 1382 2807 esi?

274 2843 363 2906 Longe
391 2841 486 2893 melius
511 2839 635 2903 Hesyohli
663 2840 796 2902 interpres
823 2840 973 2892 Hadrianus
997 2841 1093 2891 lunius
1119 2853 1229 2891 sensum
1250 2839 1381 2904 exprimit:

274 2926 435 2987 „postquam
456 2935 520 2974 vero
541 2923 566 2972 in
591 2934 624 2971 eo
647 2921 859 2984 praedictionem
885 2921 1036 2972 futurorum
1056 2924 1169 2972 euentus
1194 2919 1382 2985 comprobavit,

274 3001 421 3052 divinitatis
440 3004 593 3066 opinionem
619 3003 714 3066 vulgus
743 3003 777 3053 de
804 3003 846 3054 llio
874 3003 1019 3067 concepit.''
1055 3003 1196 3054 Caeterum
1217 3002 1278 3052 niiiii
1297 3001 1382 3050 serius

274 3081 380 3132 Raurici
397 3083 524 3147 Stephani
543 3083 577 3134 ad
595 3081 680 3134 verba
698 3077 789 3134 άνθάοο
806 3079 883 3152 θόξης
903 3082 973 3153 παρὰ
990 3087 1044 3140 τοῖς
1063 3079 1193 3140 πλείστοις
1211 3077 1313 3153 ἠξιώθη
1330 3080 1380 3130 ad-

275 3163 420 3224 notatione,
440 3166 500 3229 qui:
528 3167 618 3228 „mire,
639 3165 731 3230 inquit,
756 3165 808 3216 hoe
830 3165 932 3216 dictum
958 3163 1098 3230 (siquidem
1117 3177 1245 3228 germana
1262 3167 1303 3214 est
1320 3162 1380 3212 haec

274 3242 363 3304 lectio)
389 3257 438 3306 pro
462 3258 494 3296 eo
514 3245 587 3308 qum
612 3247 655 3296 est
677 3240 779 3315 ηξιὼθη
808 3249 855 3296 τοῦ
875 3243 960 3296 δοκεῖν
987 3241 1051 3294 εἶναι
1079 3238 1177 3301 ἔνθεος.
1223 3245 1279 3294 llere
1297 3247 1379 3293 utilem

275 3317 363 3379 Ινθιος
392 3325 579 3386 exponendum
606 3339 667 3377 esse
692 3327 818 3378 dixerim:
855 3328 973 3392 percitus
993 3328 1084 3376 oestro
1106 3326 1224 3392 quodam
1248 3326 1335 3377 diuino
1355 3323 1378 3370 oi

274 3403 440 3466 prophetico,
458 3406 515 3455 siva
533 3407 603 3469 quali
625 3407 772 3471 prophetae
790 3409 874 3460 silleri
893 3406 1036 3460 solebant.''

345 3503 368 3566 ⁸)
387 3501 449 3553 Plin.
467 3502 511 3557 lib.
528 3503 596 3557 xvu
616 3519 675 3572 cap.
694 3505 736 3560 28.

345 3595 367 3658 ⁴)
388 3593 425 3644 Cl.
444 3595 507 3660 Cap.
526 3597 559 3647 Ν
577 3599 637 3650 adn.
659 3596 700 3651 29.

346 3686 368 3749 ⁵)
387 3687 449 3737 Pitn.
470 3688 530 3741 hist.
547 3693 600 3740 nat.
621 3689 664 3742 lib.
681 3690 756 3754 livii,
775 3689 817 3744 35.

345 3777 369 3842 ⁸)
389 3779 511 3832 Clemens
531 3782 628 3833 Strom.
646 3783 660 3834 l.
680 3797 703 3835 ο,
722 3779 916 3848 θοοθιξαμόνοο
933 3779 958 3851 η’
978 3777 1025 3833 οὖν
1046 3776 1125 3832 adadu
1143 3775 1196 3842 (τὸν
1218 3773 1380 3847 Δημόκριτον]

274 3855 440 3930 φιλοφρόνως
453 3855 578 3928 Δαμάσου
597 3865 645 3915 τοῦ
660 3861 786 3935 άθιλροῦ,
799 3863 995 3935 τεκμηράμενος
1016 3861 1046 3914 ἔκ
1066 3879 1144 3913 sitiat
1163 3859 1288 3930 όΰτέΡωνν
1306 3851 1380 3907 mistav

275 3937 398 4009 ότόμινον
417 3943 536 4011 epatium
555 3939 664 4016 ὄμβρον.

346 4033 369 4097 ²)
390 4033 512 4086 Clemens
532 4035 725 4090 Alexandrinus
743 4037 757 4087 l.
779 4038 793 4088 Ι.
821 4032 985 4106 Δημόκριτος
1011 4033 1039 4088 tt
1058 4031 1088 4086 a
1107 4035 1153 4102 τῆς
1173 4035 1225 4084 τῶν
1244 4023 1380 4100 „scepsius

276 4111 482 4185 παρατηρησιως
505 4113 590 4168 πολλά
607 4115 742 4188 προλόγων
763 4113 846 4187 Σοφία
866 4111 1053 4185 ἐπωνομάσθη.

345 4205 368 4268 ‘J
386 4207 484 4256 Aelium
502 4220 558 4259 var.
579 4209 638 4260 hist
659 4209 700 4270 lV,
719 4207 768 4260 20:
796 4205 821 4259 ol
842 4202 994 4279 Ἀβδηρῖται
1022 4205 1134 4260 ἐκάλουν
1158 4201 1203 4258 τὸν
1224 4196 1379 4272 Δημόνῑρῑτον

273 4282 439 4357 ηιλοοορόαν,
456 4284 500 4340 τόν
522 4285 550 4341 θλ
570 4284 745 4361 Πρωταγόραν
764 4285 850 4357 λόγον.
