2938 4864
349 279 435 336 Liber
453 279 505 335 lll.
541 279 611 336 Ην.
627 277 663 334 ni
683 279 762 336 Det.
781 299 825 355 op.
844 284 939 356 fragm.
1136 287 1199 354 291

83 443 119 508 eri
139 441 249 527 λέγειν,
280 464 338 525 pro
367 441 496 527 ἔργμασι
516 443 652 508 Holsteu.
683 453 714 508 et
739 445 823 510 Gelo.
854 445 978 532 ἔργοισι.
1026 451 1115 518 luitio
1138 475 1196 536 pro

81 551 190 620 καλοῖς
212 552 390 634 scripsimus
412 550 543 614 καλοῖσι.

168 661 237 724 193.
281 660 396 722 Eodem
415 658 562 722 sententie
581 667 701 724 servato
722 667 769 724 est
791 641 868 724 iuter
891 664 1193 734 Pseudodemocruti-

79 786 131 830 cos
154 767 198 850 (n.
209 769 248 830 14
265 767 384 847 orell).
428 766 567 829 Priorum
587 767 751 832 editionum
771 771 950 850 scripturam
973 769 1192 858 Μεμρομένων

79 873 209 960 φαύλων
233 874 249 938 ὁ
273 873 390 957 ἀγαθὸς
419 870 456 936 oh
485 875 618 938 ποιεῖται
640 872 730 958 λόγον
750 865 836 941 recte
857 879 982 942 mutovit
1001 881 1135 947 Orellius
1153 904 1191 949 ex

77 982 214 1047 Stobeeo
232 989 323 1066 etque
345 1001 383 1046 ex
405 981 482 1044 eod.
502 982 604 1060 Pelet,
632 983 686 1046 ubi
707 990 754 1047 eet
775 983 987 1068 μωμεομένων
1009 987 1147 1074 ραιίρων.

165 1092 239 1178 mh,
275 1089 426 1171 Apposite
451 1095 608 1170 comperet
633 1091 827 1155 Durchordus
856 1091 962 1156 Pittaci
990 1094 1083 1158 verbo
1108 1099 1191 1178 apud

78 1197 164 1260 Stob.
185 1197 268 1260 Flor.
288 1199 338 1276 lll,
366 1219 395 1278 p.
419 1199 461 1260 96
489 1197 594 1280 καιρὸν
621 1195 725 1280 γνῶθι.
771 1199 916 1263 Similiter
941 1200 1084 1266 Socrates
1102 1205 1188 1270 Stob.

77 1305 161 1382 Xlll,
183 1307 224 1368 46
244 1305 370 1388 (Aulon.
393 1312 423 1368 et
443 1306 523 1368 Mox.
547 1326 577 1385 p.
598 1306 693 1387 252):
715 1303 778 1390 Τῆς
796 1304 969 1390 παρρησίας
987 1306 1091 1392 ὥσπερ
1106 1311 1189 1395 ὥρας

78 1412 111 1475 ἐν
136 1416 236 1500 καιρῷ
271 1412 292 1496 ἡ
320 1412 409 1497 χάρις
431 1412 538 1495 ἡδίων.
581 1414 731 1478 Eusebius
756 1413 999 1495 Neoplctonicus
1025 1434 1074 1496 ep.
1101 1418 1187 1483 Stob.

75 1523 229 1600 Xlll,ll:
249 1518 408 1604 Παρρησίη
432 1519 492 1584 ἀπὸ
514 1521 638 1604 γνώμης
659 1519 827 1606 ἐλευθέρης
846 1521 897 1584 καὶ
919 1521 1066 1604 ἀληθείην
1092 1521 1187 1588 ἀσπα-

76 1625 208 1710 ζομένης
227 1625 427 1711 προέρχεται·
446 1626 594 1712 παρέξεαι
616 1628 651 1691 δὲ
673 1627 766 1712 αὐτὴν
788 1626 968 1712 ἀμώμητον,
990 1626 1026 1690 οὐ
1048 1633 1093 1715 τῷ
1111 1633 1186 1695 πᾶσι

73 1734 126 1799 καὶ
152 1737 195 1802 ὡς
223 1731 329 1818 ἔτυχεν
362 1731 499 1819 ἐπιτιμᾷν
524 1733 576 1797 καὶ
598 1733 824 1819 λωιδρρέεσίίαι,
846 1734 977 1818 νομίζων
998 1739 1087 1800 τοῦτο
1110 1736 1189 1802 εἶναι

72 1844 128 1926 τὴν
148 1839 335 1925 ταρρησίην·
363 1839 431 1905 ἀλλ’
464 1841 494 1905 el
517 1842 594 1926 πρὸς
622 1839 676 1912 οὓς
702 1842 753 1904 δεῖ
776 1841 828 1906 καί
849 1842 925 1927 ὑπὲρ
946 1843 1034 1905 τίνων
1052 1843 1113 1928 χρὴ
1135 1845 1187 1909 καὶ

73 1947 106 2012 ἑν
132 1943 158 2033 ᾧ
180 1949 253 2032 χρή,
274 1947 350 2032 μετὰ
365 1952 420 2012 τοῦ
438 1948 592 2035 χρησίμου
613 1953 674 2012 τῶν
692 1947 927 2032 παρισταμένων
950 1947 1000 2020 ξὺν
1016 1947 1080 2034 νόιρ
1099 1973 1186 2038 προς-

72 2053 240 2138 διαλέγοιρ.

161 2165 230 2226 125.
273 2163 298 2224 E
327 2165 474 2226 sententio
510 2163 703 2244 praecedenti
732 2164 852 2226 obrmde
883 2163 1074 2245 intelligitur,
1111 2187 1186 2249 quo·

69 2271 166 2333 modo
188 2271 263 2333 haec
282 2271 459 2351 explicando
487 2271 534 2334 sit.
587 2271 744 2334 Stutucbat
765 2271 957 2333 Democritus
984 2271 1096 2334 nullam
1117 2293 1185 2337 esse

70 2377 274 2442 difficiliorem
306 2385 401 2440 artem
433 2399 521 2461 quom
554 2378 672 2440 tacendi
704 2398 762 2440 suo
797 2385 934 2459 tempore
967 2386 998 2441 et
1030 2378 1184 2462 loquendi,

69 2505 225 2570 quumque
245 2485 395 2548 sermonis
416 2485 584 2548 libertatem
607 2485 841 2561 commendaret,
861 2484 983 2548 volebat
1002 2491 1100 2550 tomen
1114 2506 1184 2567 per-

67 2598 166 2674 petuo
192 2593 269 2672 loci,
296 2593 457 2673 temporis,
485 2591 640 2654 hominum
671 2594 818 2655 notionem
848 2592 959 2655 heberi.
1017 2597 1119 2676 Quare
1143 2613 1183 2657 ne

67 2720 146 2764 voro
167 2702 288 2783 quidem
309 2721 431 2782 semper
453 2700 511 2763 dici
528 2701 663 2780 jubebat,
690 2709 724 2762 ut
746 2720 821 2782 quae
843 2719 905 2762 non
928 2699 1066 2762 omnibus
1086 2720 1182 2784 oeque

67 2810 276 2872 convenirent
320 2809 484 2872 Stobueum
505 2813 604 2870 eutem
621 2827 692 2870 reor
709 2807 769 2869 hoc
787 2808 1008 2888 apophthegm
1023 2804 1101 2868 mule
1121 2807 1185 2870 col-

68 2917 190 2980 locasse
212 2916 290 2978 inter
314 2914 487 2996 Sophoclis,
515 2914 653 2977 Pisandri
678 2933 714 2976 oc
742 2913 858 2995 Diphili
880 2916 1053 2994 fragmenta,
1074 2915 1182 2996 quibus

67 3023 228 3088 mendacio
254 3031 443 3087 excusentur.
495 3023 542 3085 Cl.
567 3023 650 3098 Xlll,
675 3023 704 3084 4.
729 3025 759 3084 6.
789 3024 837 3084 ίί.
867 3024 916 3086 12.
964 3021 1073 3102 Neque
1103 3022 1182 3082 enim

68 3133 199 3209 mentiri,
227 3131 282 3194 sod
306 3131 449 3193 simulare
472 3129 521 3192 vel
551 3129 739 3192 dissimulare
764 3128 969 3210 perhibendus
998 3132 1044 3190 est
1072 3127 1106 3206 is,
1129 3129 1182 3212 qui

66 3240 201 3320 tempori
223 3239 358 3302 servieus
377 3256 450 3299 veru
470 3256 532 3299 nou
551 3236 713 3320 eloquitur,
738 3237 822 3299 velut
841 3237 868 3300 si
892 3235 959 3318 quis
981 3233 1035 3298 lilii
1053 3243 1182 3300 mortem

66 3348 150 3427 petri
167 3347 357 3410 nuntiaturus
378 3344 469 3420 vonit,
488 3345 543 3406 sed
555 3345 635 3406 hunc
656 3349 813 3424 aegrotum
828 3343 984 3424 morbique
1002 3343 1032 3404 vi
1052 3344 1082 3406 iu
1101 3344 1182 3407 lecto

66 3456 202 3517 defixum
222 3454 328 3516 videns
362 3453 440 3516 scire
462 3472 496 3515 se
518 3451 612 3513 tilium
633 3450 746 3532 optime
766 3452 867 3514 volere
889 3451 939 3528 eit,
960 3449 1042 3513 aliud
1062 3459 1182 3532 tempus

66 3563 106 3624 ad
128 3581 192 3624 rem
215 3561 425 3624 enuntiandum
449 3558 548 3640 aptius
567 3564 755 3638 exspectans.
799 3561 834 3620 ln
855 3558 938 3620 dicto
958 3558 1184 3621 Pseudodemo-

67 3671 186 3732 cretico
206 3669 317 3749 (Orell.
344 3687 373 3730 n.
399 3669 467 3750 10):
495 3662 714 3747 Ἀληῦόμυῦον
739 3664 800 3749 χρὴ
829 3662 924 3741 εἶναι,
950 3662 987 3726 οὐ
1009 3663 1183 3746 colchi-soe

65 3779 126 3859 (ito
147 3776 205 3856 leg.
227 3795 272 3856 pr.
298 3773 487 3856 τολύλοηον)
512 3791 576 3836 non
594 3780 729 3835 extreme
749 3778 864 3834 tontum
886 3769 923 3833 oh
943 3767 1128 3851 πολυλόηρν,
1150 3775 1185 3832 ut

64 3883 267 3946 Burchordus
297 3883 439 3946 observat
466 3899 504 3944 ex
531 3880 705 3942 ὁτουλωων
734 3887 879 3959 corrupto
905 3884 985 3953 sunt,
1012 3876 1067 3940 sed
1087 3877 1185 3958 prime

66 4009 194 4074 quoque
213 3991 306 4052 verbu
323 3991 482 4072 genuinam
502 3986 669 4050 Democriti
692 3987 854 4049 dictionem
876 4005 939 4049 uon
961 3983 1091 4064 amplius
1113 4003 1186 4046 oon-

66 4097 175 4176 tineut
196 4095 222 4160 si
252 4095 374 4178 quidem
395 4093 554 4176 probabile
584 4098 631 4154 est
652 4112 754 4156 rorum
772 4093 846 4156 iilud
866 4091 1050 4156 vocabulum
1072 4089 1185 4172 ἀληθο·

66 4201 215 4286 μυῦιίιιν
240 4221 303 4266 nou
324 4202 397 4264 satie
426 4201 588 4284 perspicue
615 4201 646 4264 in
668 4201 776 4264 codice
804 4201 906 4283 aliquo
928 4197 1077 4280 scriptum
1096 4203 1186 4280 etque

840 4333 846 4348 .
911 4309 949 4370 ηρ
974 4305 995 4348 e
