2892 4872
294 321 338 386 98
620 317 817 380 Quaestionum
843 315 1078 374 Democriteum·

296 486 448 570 Thrasylli
468 485 615 548 elassibus
627 485 770 547 Phaedon
786 491 911 567 quartus
933 485 1049 566 primae
1069 484 1243 566 tetralogiae
1262 484 1390 565 dialogus

297 597 370 660 lude
392 594 557 676 probabilis
585 593 707 656 ducitur
727 594 911 672 eorrjectura,
940 592 1074 656 Platonis
1103 595 1251 656 librorum
1273 593 1393 654 ordinem

299 704 350 787 qui
372 702 534 782 Thrasyllo
557 701 706 776 tribuitur,
727 707 757 764 ct
778 701 829 782 qui
851 721 932 763 nune
953 721 1076 784 quoque
1099 701 1127 764 in
1146 702 1297 784 plerisque
1318 701 1392 762 codd

299 831 390 874 rnanu
411 810 540 872 exaratis
558 808 718 889 reperitur,
734 811 798 888 jam
820 813 889 870 ante
908 808 1098 888 Thrasyllum
1121 829 1182 872 non
1204 817 1314 872 muham
1330 810 1394 872 Var-

301 918 379 994 roni,
401 918 454 980 sed
477 917 617 980 omnibus
639 917 733 979 luisse
754 923 870 990 notram,
883 916 923 979 ita
940 922 974 978 ui
993 917 1077 980 solus
1098 917 1245 980 librorum
1269 934 1395 979 numerus

301 1027 340 1090 ad
359 1026 561 1106 designandos
590 1025 727 1104 singulos
756 1023 894 1104 dialogos
923 1024 1083 1088 sufficeret.
1128 1027 1195 1088 Jam
1217 1027 1244 1088 si
1263 1033 1340 1088 recte
1359 1044 1395 1084 ar-

302 1141 520 1216 gumentamur,
542 1153 609 1196 cum
630 1151 666 1194 aa
686 1131 886 1214 quommodo
908 1131 1168 1213 pronuntiavimus
1189 1134 1331 1197 scatentia
1346 1133 1396 1192 lor-

302 1249 382 1304 tassr
411 1241 456 1303 sic
487 1239 643 1304 conciliari
670 1246 772 1318 potest
800 1239 883 1322 quod
911 1240 1073 1302 mernoriae
1101 1242 1204 1320 prodit
1230 1239 1396 1320 Thrasyllus

303 1350 457 1412 Platonem
476 1369 571 1428 opera
590 1367 646 1410 sua
661 1344 738 1408 aurai
756 1345 950 1428 τετραλογίαν
971 1348 1054 1410 foras
1075 1349 1204 1426 dedisse,
1226 1357 1261 1412 ut
1280 1350 1396 1410 dicamus

305 1457 503 1538 Thrasyllum,
527 1475 620 1537 quum
645 1475 663 1516 a
686 1454 839 1516 veteribus
859 1455 1036 1534 accepisset,
1060 1475 1079 1516 a
1101 1457 1229 1519 Platone
1252 1455 1397 1519 nonnullos

304 1566 443 1645 dialogos
465 1563 541 1626 aurci
562 1559 756 1644 τετραλογίαν
772 1561 942 1642 divulgatos
962 1581 1038 1640 esse,
1056 1585 1210 1647 quumque
1228 1585 1299 1627 eum
1323 1583 1396 1646 quen

304 1674 405 1734 Varro
428 1679 458 1732 ct
477 1670 584 1752 reliqui
605 1689 710 1730 omnes
740 1675 888 1733 noverant
910 1669 1101 1750 dialogorum
1121 1673 1342 1735 Platonicorum
1360 1688 1398 1729 or·

305 1781 404 1840 dinem
425 1779 455 1840 in
478 1777 659 1839 membranis
676 1777 847 1854 invenisset,
867 1778 923 1838 hae
940 1787 1058 1840 servata
1078 1779 1229 1844 librorum
1250 1780 1325 1843 serie
1342 1795 1398 1839 aras

304 1885 476 1965 tetralogias
508 1885 707 1947 constituisse.
734 1887 766 1946 la
781 1885 826 1946 his
846 1885 1012 1965 tetralogiis
1031 1887 1135 1966 negari
1150 1889 1255 1972 nequit
1275 1886 1399 1971 quasdam

304 2014 371 2056 esse
389 1993 514 2055 Platone
535 2011 597 2054 uon
619 1992 764 2074 indiguas,
786 1995 880 2057 veluti
897 1995 1024 2074 primaru
1045 2002 1076 2056 et
1097 1998 1271 2074 secundam,
1291 2011 1400 2078 quarum

291 2092 356 2162 'itta
377 2121 415 2160 ex
443 2101 672 2180 Euthyphrone,
698 2101 851 2182 Apologia
879 2102 1024 2179 Socratis,
1054 2103 1182 2167 Critone
1207 2113 1239 2168 et
1258 2103 1399 2166 Phaedone

305 2208 474 2286 composita
496 2214 550 2283 est,
573 2209 648 2270 haec
671 2227 708 2270 ex
727 2209 862 2288 Cratylo‚
885 2211 1058 2287 Theaeteto,
1075 2211 1222 2291 Sophiste
1241 2222 1272 2276 et
1289 2209 1398 2274 Politico

305 2321 438 2388 coustat;
460 2313 515 2377 sed
534 2314 694 2397 plerasque
717 2335 823 2378 omnes
841 2317 938 2380 minus
960 2319 1038 2381 bene
1061 2320 1205 2384 arateriae
1227 2317 1399 2384 similitudine

304 2441 372 2484 esse
396 2424 581 2500 conpunctas,
605 2423 750 2505 quasdam
771 2423 860 2487 etiam
881 2425 931 2486 vix
952 2426 1091 2490 ferendas
1117 2427 1224 2506 videri,
1245 2429 1275 2488 in
1295 2432 1398 2507 promta

304 2536 359 2591 est
399 2529 462 2592 Sed
482 2530 570 2608 euim,
591 2530 618 2592 si
647 2530 774 2610 primam
806 2533 991 2613 tetralogianr
1015 2555 1084 2598 euru
1106 2537 1242 2598 secunda
1263 2549 1399 2613 compara·

304 2655 380 2714 mus
397 2637 459 2716 jam
482 2637 556 2700 haec
578 2638 711 2700 nascitur
731 2638 902 2715 difficultas,
924 2643 1008 2720 quod
1027 2643 1169 2722 Cratylus
1190 2651 1221 2704 et
1237 2645 1399 2705 Theaetetus

304 2745 449 2824 temporis
473 2744 580 2807 ordine
603 2745 852 2824 Euthyphronenr
881 2749 1079 2826 praecedunt,
1107 2751 1138 2812 id
1156 2751 1242 2832 quod
1262 2749 1345 2812 lacile
1364 2751 1400 2806 est

303 2851 342 2914 ad
373 2851 598 2932 intelligendum
621 2851 736 2932 Crotyli
761 2853 851 2914 finem
881 2875 949 2917 cunr
979 2857 1132 2919 Theactcti
1162 2863 1346 2938 argumento,
1372 2871 1400 2914 ac

305 3162 321 3199 e
339 3148 456 3212 scioppii
473 3147 627 3208 conjectura
645 3146 740 3198 edidit:
773 3147 868 3210 „Plato
888 3149 917 3200 in
934 3157 1057 3217 quattuor
1071 3150 1214 3216 liamiuihas
1233 3151 1303 3218 aprad
1318 3149 1401 3212 inseror

304 3244 370 3294 qaae
386 3228 447 3288 siat,
465 3227 493 3277 in
513 3225 551 3276 tta
568 3242 646 3277 unam
668 3227 805 3279 Tartarum
822 3229 955 3300 appellat‚·
976 3247 1057 3296 qnare
1080 3231 1185 3281 Tartari
1205 3233 1277 3298 origo
1292 3225 1401 3296 graecal'

304 3311 401 3359 testem
418 3308 548 3360 adhibens
564 3308 700 3358 Platonem
719 3310 859 3361 Phaedone
881 3328 905 3375 p.
927 3309 976 3361 tra
989 3325 1063 3376 seqq.
1090 3312 1210 3363 sabulosa
1233 3314 1268 3362 de
1285 3313 1401 3376 quattuor

305 3389 353 3437 iilis
375 3387 528 3438 huminibus
550 3392 712 3440 narrantem.
755 3393 787 3440 ht
811 3405 916 3454 vereor,
945 3406 978 3442 nc
1005 3393 1147 3443 Muellerus
1171 3393 1306 3443 Platonem
1322 3393 1401 3453 ipsum

304 3467 421 3517 hicnon
445 3469 606 3530 inspexerit,
638 3483 706 3520 neve
727 3484 789 3521 cum
815 3473 941 3536 Scioppio
974 3473 1078 3522 initium
1108 3473 1180 3537 quod
1205 3475 1333 3536 integrum
1358 3471 1400 3524 est·

304 3548 371 3598 male
389 3549 540 3608 tentaverit,
566 3547 638 3598 haud
666 3551 715 3599 leri
736 3552 833 3601 mendo
859 3553 885 3602 iu
913 3552 1007 3602 mediis
1035 3551 1125 3602 verbis
1145 3554 1244 3612 relicto.
1282 3550 1400 3600 Nimirum

303 3629 431 3692 quattuor
449 3629 491 3676 illa
510 3627 619 3676 flumina
635 3629 707 3690 apud
724 3631 787 3681 Piat
804 3630 820 3680 l.
841 3644 864 3682 c.
882 3635 945 3682 suut
962 3632 1092 3693 Oceanus,
1116 3634 1245 3694 Acheron,
1270 3626 1399 3694 Pyriphle-

302 3709 400 3772 gethon
420 3709 448 3758 et
465 3708 530 3771 Styx
547 3708 605 3758 sive
624 3707 749 3772 Cocytus.
780 3713 823 3760 hit
842 3713 912 3762 euim
929 3713 1052 3775 scriptor,
1068 3716 1097 3762 ut
1108 3713 1179 3764 hene
1192 3707 1399 3776 wyttenbachius

304 3789 501 3851 interpretatur,
513 3790 681 3850 prostremam
700 3791 885 3852 cognominari
898 3789 1124 3858 (ἐπονομάζεσθαι)
1138 3797 1252 3858 Stygem,
1270 3787 1398 3854 proprium

302 3873 393 3917 urriern
413 3869 436 3917 ei
459 3881 556 3918 nnnren
577 3881 637 3919 csse
657 3863 751 3934 (ὄνομα
771 3866 799 3920 δὲ
817 3867 902 3939 τούτῳ
921 3869 982 3932 tori)
1003 3872 1143 3935 Cocytum.
1180 3875 1315 3923 Tartarum
1338 3877 1398 3916 vero

301 3947 375 3996 Plato
392 3946 514 4010 perhibet
542 3963 602 4000 esso
630 3949 747 4010 hiatum,
777 3951 802 4000 in
828 3965 908 4017 quem
934 3952 1006 4002 llurii
1026 3965 1121 4010 omnes
1141 3955 1275 4004 confluant
1293 3953 1319 4000 et
1333 3944 1398 3996 trade

301 4040 395 4078 rursus
412 4027 520 4078 esiluant
540 4027 584 4089 (εἰς
605 4025 654 4096 γὰρ
681 4031 758 4079 τοῦτο
784 4027 813 4078 τὸ
837 4032 926 4100 χοὶαμα
948 4029 1082 4102 αοῤῥέουσί
1098 4048 1126 4082 rr
1145 4033 1237 4088 πάντες
1256 4029 1279 4082 oi
1295 4021 1399 4091 ποταμοὶ

300 4105 345 4156 καὶ
362 4104 393 4156 ta
409 4105 502 4158 achron
521 4107 597 4159 adira
619 4106 768 4178 rapsacen).
807 4113 900 4176 ltaque
918 4113 1044 4162 Varronis
1062 4113 1146 4164 verba
1166 4115 1190 4162 in
1206 4113 1277 4162 hunc
1297 4107 1397 4159 modum

300 4188 428 4238 elinando:
465 4187 540 4237 Pluto
557 4189 585 4238 ia
601 4195 694 4254 quarto
712 4187 744 4239 de
756 4189 900 4252 fluminibus
919 4191 988 4258 apud
1003 4192 1101 4255 inseror
1126 4191 1228 4258 loquens
1247 4190 1353 4247 hialam,
1373 4183 1397 4234 in

298 4283 371 4334 quem
388 4283 415 4320 ac
433 4268 574 4334 amandarat,
595 4268 732 4320 Tartaron
752 4269 885 4337 appellen
906 4289 987 4339 quare
1009 4271 1116 4325 Tartari
1133 4273 1204 4340 oripo
1219 4283 1322 4338 praeco.
