2892 4872
321 289 363 354 78
647 283 844 350 Quaeationnar
874 283 1106 340 Democritcarcm

321 455 402 540 apud
431 457 530 536 ipsum
558 453 658 516 Rhodi
680 460 768 531 esset,
790 453 1022 533 pulcherrimam
1041 451 1151 514 uidisse
1171 469 1270 513 navem
1289 465 1392 528 eumque

321 573 472 648 precatur,
496 571 530 626 ut
555 565 632 625 hanc
659 560 815 623 celerrime
847 560 939 622 adse
962 559 1066 622 mittat
1108 560 1171 623 Sibi
1191 558 1263 620 enim
1284 577 1316 619 ca
1332 573 1393 635 opus

322 695 389 738 esse
410 674 448 735 ad
467 673 523 734 iter
544 672 597 734 illo
610 677 747 750 tempore
762 669 913 731 Abderam
930 667 1107 732 iaciendum.
1133 668 1222 730 Sexta
1239 661 1394 746 epistola³³)

321 785 524 862 Hippocrates
542 777 768 858 Philopoemeni
789 776 954 839 Abderitae
973 777 1098 857 copiose
1118 775 1238 856 exponit
1249 769 1396 847 Aesculapii

321 890 479 972 imaginem
501 908 558 968 per
576 885 726 948 somnium
755 885 812 947 sibi
831 885 976 965 ingestam
999 904 1066 948 esse
1087 865 1225 966 opinanti,
1250 883 1351 960 sejam
1367 877 1397 939 ad

321 999 519 1064 Abderitanae
539 1003 643 1078 portas
665 992 847 1076 pervenisse.
890 997 1051 1075 Quumque
1081 994 1154 1056 deus
1176 997 1308 1073 porrecta
1326 1007 1397 1049 manu

320 1108 481 1187 benignum
509 1125 542 1166 se
573 1102 749 1182 praeberet,
773 1099 815 1161 ait
841 1118 876 1161 se
901 1099 986 1162 illum
1014 1107 1176 1182 precatum,
1205 1118 1242 1161 ue
1266 1117 1297 1160 se
1314 1097 1340 1158 in
1359 1115 1398 1156 cu-

320 1217 417 1278 rando
438 1211 614 1275 Democrito
635 1209 797 1283 desereret,
831 1208 890 1270 hoc
913 1205 1018 1272 tulisse
1039 1227 1230 1288 responsum:
1249 1205 1333 1282 „nihil
1347 1222 1398 1264 mea

321 1342 416 1404 opera
436 1321 466 1384 in
489 1318 657 1402 praesentia
681 1315 806 1396 indiges,
829 1333 935 1378 verum
954 1316 1028 1378 haec
1046 1315 1212 1379 communis
1231 1322 1286 1377 tarn
1301 1314 1399 1376 immor-

320 1429 423 1492 talium
442 1448 531 1510 quam
555 1425 727 1490 mortalium
750 1424 807 1486 dea
824 1429 854 1485 te
877 1443 958 1486 nunc
977 1424 1128 1505 hospitem
1149 1422 1300 1486 deducet''
1332 1423 1398 1482 Hanc

320 1537 406 1597 deam
426 1535 521 1616 ipsam
544 1536 638 1598 luisse
656 1533 821 1596 Veritatem
844 1551 923 1612 quae
955 1551 989 1594 se
1012 1533 1051 1594 ad
1071 1533 1200 1610 dommn,
1223 1533 1272 1594 ubi
1288 1537 1397 1612 paratum

319 1649 438 1723 putaret
472 1643 650 1722 hospitium,
689 1639 872 1719 perduxerit
924 1639 1085 1702 Praeterea
1118 1659 1152 1702 se
1188 1639 1316 1701 interitum
1347 1649 1398 1694 esse

319 1749 503 1830 Opinionem
533 1748 615 1829 apud
642 1746 803 1810 Abderitas
832 1746 1021 1809 habitantem.
1081 1749 1193 1811 Postea
1222 1747 1398 1825 experrechm

319 1877 385 1918 eam
404 1875 437 1917 se
459 1855 548 1934 hujus
570 1854 680 1918 somnii
701 1854 933 1934 explicationem
954 1855 1113 1934 reperisse,
1142 1863 1177 1918 ut
1199 1852 1329 1936 quoniam
1349 1848 1398 1927 ipse

319 1965 394 2026 deus
416 1962 556 2024 medendi
576 1969 684 2025 auctor
706 1963 909 2040 discessisset,
940 1963 1149 2025 Democritum
1175 1962 1283 2024 diceret
1304 1955 1398 2018 medico

297 2105 298 2110 κ
318 2091 380 2135 non
400 2091 499 2152 egere,
517 2069 683 2132 Veritatem
704 2071 787 2151 apud
802 2070 1019 2148 Democritum,
1049 2071 1134 2156 quod
1155 2088 1242 2132 sanus
1260 2076 1337 2140 esset
1353 2081 1399 2124 na·

317 2199 399 2256 nere,
421 2179 604 2259 Opinionem
628 2179 710 2258 apud
732 2177 901 2254 Abderitas,
923 2178 1007 2259 quod
1028 2184 1227 2258 aegrotarent,
1247 2171 1399 2238 domicilium

318 2287 519 2350 constituisse.
560 2287 695 2367 Septima
719 2283 911 2365 epistola-³⁴)
938 2285 1141 2367 Hippocrates
1168 2288 1316 2348 crateram
1331 2277 1399 2358 jubet

317 2396 425 2458 herbas
453 2396 491 2458 ad
519 2395 685 2457 sanandum
714 2394 921 2456 Democritum
951 2393 1139 2456 necessarias
1165 2393 1271 2474 legere.
1308 2391 1399 2451 Oetam

318 2499 509 2583 epistola³⁶)
537 2522 614 2583 quae
645 2504 813 2581 Damageto
839 2501 984 2581 inscripta
1009 2507 1055 2564 est
1081 2501 1163 2564 huuc
1184 2501 1332 2564 certiorem
1347 2489 1399 2555 latit

316 2610 526 2692 Hippocrates,
548 2611 756 2674 Democritum
776 2628 838 2671 non
863 2608 1000 2686 delirare,
1024 2609 1078 2670 sed
1098 2629 1216 2690 sapere.
1248 2608 1296 2669 Ait
1313 2609 1399 2672 auten,

316 2737 350 2781 se
362 2719 401 2780 ad
420 2719 519 2800 ipsum
538 2720 689 2782 remisisse
707 2736 814 2780 clavem
827 2738 886 2800 qua
899 2735 1049 2798 prospera
1070 2737 1144 2780 usus
1165 2715 1341 2798 navigatione
1354 2707 1401 2771 Ab

315 2825 419 2887 derant
439 2826 607 2908 appulisset
628 2845 666 2888 eo
688 2824 745 2902 die,
767 2845 828 2906 quo
842 2844 876 2887 se
896 2824 1095 2888 adventurum
1117 2831 1260 2905 putasset
1280 2823 1400 2900 „Omnes

315 2931 426 3014 inquit,
455 2955 512 3014 pro
541 2933 638 3015 portis
669 2941 869 3014 congregatos
898 2931 1086 3009 offendimus
1107 2952 1182 3011 nos,
1204 2939 1238 2996 ut
1257 2936 1300 2994 est
1318 2922 1401 2989 verisi-

314 3039 394 3114 mile,
417 3049 635 3121 exspectantes,
655 3059 719 3102 non
740 3041 823 3104 viros
845 3040 954 3117 solum,
981 3039 1036 3102 sed
1065 3041 1153 3103 etiam
1175 3042 1309 3104 mulieres
1330 3039 1400 3112 atque

314 3144 404 3207 etiarn
424 3167 521 3225 senes,
538 3168 663 3230 pueros,
682 3148 819 3210 inientes.
854 3148 893 3210 Hi
916 3167 1058 3210 moerore
1079 3149 1318 3221 conficiebantur,
1335 3133 1400 3221 quod

313 3253 506 3318 Democritus
533 3257 683 3319 insaniret
735 3257 792 3316 Ubi
819 3263 919 3318 autem
950 3275 999 3318 me
1028 3256 1182 3334 viderunt,
1216 3254 1334 3318 laetiore
1358 3261 1399 3324 spe

313 3360 408 3422 teneri
432 3361 590 3426 visisunt
629 3364 709 3426 luter
733 3383 788 3426 eos
816 3363 1033 3444 Philopoemen
1061 3383 1111 3426 me
1135 3365 1166 3425 in
1187 3362 1341 3444 hospitium
1357 3354 1399 3412 dll-

313 3485 384 3527 cere
402 3469 534 3547 parabat,
563 3471 594 3532 id
624 3471 706 3552 quod
729 3471 869 3534 omnibus
896 3472 1089 3552 probabatur.
1132 3472 1173 3533 At
1197 3491 1262 3552 ego,
1282 3487 1300 3530 ο
1319 3459 1400 3527 Abda

312 3573 395 3650 ritae,
423 3575 496 3635 nihil
523 3579 596 3639 mihi
624 3577 709 3657 prius
731 3578 901 3640 laciendum
923 3579 1078 3654 existimo,
1100 3598 1191 3659 quam
1213 3589 1246 3640 ut
1266 3565 1400 3638 Democri-

311 3687 374 3742 tum
394 3681 519 3746 videam.
570 3689 640 3766 Quo
664 3683 766 3744 audito
790 3684 890 3748 laetati
920 3685 963 3748 illi
991 3707 1061 3749 cum
1082 3682 1339 3748 acclamationibus
1358 3688 1401 3752 per

310 3785 411 3850 forum
431 3809 479 3851 me
502 3791 539 3853 ad
561 3792 680 3854 moenia
692 3791 722 3852 in
745 3791 854 3854 collem
873 3793 975 3871 altum,
998 3793 1097 3874 longis
1119 3793 1279 3874 densisque
1298 3777 1401 3868 populls

311 3949 509 3967 n———

378 4051 418 4116 ³³)
434 4068 493 4118 pag.
512 4053 578 4104 1177
598 4057 672 4105 Tem.
692 4050 715 4107 ll
734 4056 774 4107 ed
796 4056 869 4106 Fces.
892 4057 959 4120 (pag.
980 4051 1032 4106 788
1050 4055 1123 4106 Tcm.
1141 4049 1175 4108 111
1196 4055 1236 4106 ed
1258 4049 1344 4110 lltthn)

379 4143 419 4207 ³⁴)
438 4158 497 4210 pag.
518 4145 585 4198 1278
605 4149 678 4198 Tem.
697 4143 719 4200 ll
741 4149 783 4199 cd.
800 4147 874 4198 Foes.
895 4148 964 4211 (pag.
984 4144 1036 4198 790
1055 4146 1128 4198 Pom.
1145 4140 1180 4198 lll
1200 4145 1241 4198 ed.
1258 4141 1345 4202 Khhul

378 4234 418 4298 ³⁵)
436 4251 495 4302 pag.
515 4235 581 4290 1279
602 4240 675 4290 Tem.
694 4233 716 4290 ll
741 4239 783 4291 cd.
804 4238 878 4292 Poes.
898 4240 966 4304 (pag.
984 4235 1036 4291 793
1054 4239 1127 4290 Tem.
1144 4233 1178 4290 111
1196 4237 1237 4290 cd.
1256 4231 1344 4292 llhhu.)
