2892 4872
258 299 320 368 lffl
588 299 785 365 Quaestionum
805 255 1039 356 Denocnteernn

258 467 485 548 inscriptionem
508 485 610 530 veram
632 483 700 528 esse
720 469 839 546 putens,
859 463 956 528 simile
983 463 1128 530 volumen
1149 468 1325 549 suspicatur
1348 471 1379 532 ei

258 576 342 659 quod
363 571 739 657 dicebatuerurutrrjpto
760 579 791 635 et
810 571 895 635 addit
910 571 1076 636 certissimo
1097 593 1165 638 esse
1183 585 1378 658 argumento,

258 685 403 766 pleraque
422 683 452 744 in
479 681 648 744 Democriti
671 679 793 760 seriptis
821 697 884 742 non
911 679 1045 762 abipso
1073 683 1166 746 tuisse
1192 691 1379 766 composite,

257 792 313 856 sed
331 811 370 854 ex
390 789 520 852 aliorum
545 788 631 852 libris
658 793 810 868 excerpto,
841 806 879 850 ec
902 787 1077 868 priscorum
1103 791 1258 854 hominum
1279 794 1381 856 inisse

257 917 383 977 morem,
405 897 498 961 multu
519 896 664 978 colligere
680 901 711 958 et
729 900 844 974 notare,
875 895 1042 980 dequibus
1063 916 1121 978 per
1142 898 1237 960 otium
1249 900 1381 978 judico-

257 1014 334 1085 rent,
355 1007 387 1068 id
401 1005 485 1088 quod
504 1005 654 1068 librorum
667 1003 941 1084 Hippocrateorum
965 1004 1105 1084 exemplo
1122 1007 1286 1084 ostendere
1308 1009 1383 1070 niti-

257 1123 317 1178 tur.
349 1114 433 1177 ldem
450 1131 513 1176 non
531 1111 619 1175 valde
638 1111 807 1190 refragetur
820 1128 926 1173 eorum
946 1109 1092 1191 opinioni,
1107 1113 1159 1194 qui
1176 1113 1382 1197 χειρακίνητα

256 1221 417 1304 legendum
436 1226 570 1297 censent,
598 1237 637 1280 ne
665 1219 803 1281 diversos
831 1218 869 1280 sit
895 1216 972 1280 liber
1002 1219 1041 1280 ab
1061 1239 1099 1282 eo
1127 1223 1215 1299 cujus
1235 1222 1382 1286 meminit

257 1330 371 1394 Plinius
391 1328 412 1390 l.
424 1328 443 1392 l.
485 1326 643 1389 Exstitisse
662 1325 773 1388 librum
788 1325 982 1390 Chiroct'mto
1000 1325 1177 1409 inscriptum
1197 1347 1262 1390 non
1283 1349 1383 1412 nega-

258 1439 360 1514 verim,
373 1436 427 1500 sed
448 1453 527 1515 opus
539 1434 767 1496 Democriteum
786 1433 889 1508 luisse,
907 1451 1059 1516 nunquam
1079 1436 1151 1497 mihi
1169 1436 1381 1517 persuadebo,

257 1567 350 1630 quum
367 1543 482 1608 Plinius
509 1542 539 1604 in
566 1560 604 1604 eo
632 1541 715 1622 quod
740 1541 858 1622 magica
880 1541 1033 1604 volumina
1053 1543 1229 1606 Denroorito
1260 1543 1381 1622 tribuit,

257 1652 407 1717 manifesti
426 1649 539 1714 erroris
552 1649 616 1726 jam
637 1647 709 1710 alibi
729 1667 748 1711 a
768 1648 858 1712 nobis
878 1649 1035 1714 convictus
1054 1651 1102 1713 sit
1136 1656 1237 1731 Quare
1260 1671 1381 1735 nequa·

258 1783 346 1845 quem
379 1757 624 1823 committendum
645 1761 699 1833 est,
730 1763 764 1819 ut
795 1777 832 1820 ex
866 1755 992 1840 χαρνικὰ
1025 1757 1228 1842 προβλήματα
1263 1761 1380 1840 magici

257 1866 400 1950 opusculi
418 1865 538 1930 titulum
561 1885 579 1926 a
599 1863 697 1926 Plinio
719 1874 870 1927 servatum
890 1865 1043 1928 secunus.
1085 1867 1246 1928 Praeterea
1267 1866 1379 1932 nanus

257 1973 442 2042 oSolmesio
465 1973 653 2054 excogitatus
673 1968 862 2056 χειρόκμητα
879 1969 899 2055 ἢ
923 1970 1038 2056 φυσικὰ
1056 1973 1264 2057 προβλήματα
1283 1993 1379 2054 pror·

256 2105 308 2150 sus
333 2085 453 2162 ineptus
477 2086 531 2143 est
574 2080 655 2142 Nem
683 2085 717 2144 ut
741 2077 816 2142 nihil
842 2079 940 2141 dicem
968 2080 1006 2142 de
1033 2080 1137 2161 priore
1169 2079 1379 2162 explicatione

258 2211 348 2274 quam
363 2192 427 2269 jam
456 2187 576 2250 abunde
596 2188 753 2268 Menagius
779 2187 935 2265 redolevit,
966 2207 1005 2250 ne
1026 2188 1228 2269 posteriorem
1250 2189 1378 2272 quidem

257 2295 439 2381 explanandi
458 2294 606 2356 rationem
626 2295 777 2369 sufficere,
799 2293 828 2354 in
851 2302 974 2374 promtu
996 2299 1051 2358 cst
1094 2294 1172 2376 Quis
1195 2297 1275 2358 enim
1296 2299 1377 2360 ierat

256 2402 429 2485 butiusmodi
448 2401 582 2464 titulum:
604 2421 703 2463 manu
714 2400 816 2482 facta
836 2404 898 2464 siue
912 2402 1044 2483 phyma
1061 2401 1275 2482 problemata?
1321 2406 1377 2468 Ni-

256 2513 365 2575 mirum
385 2525 584 2593 quaecunque
606 2507 651 2570 sic
679 2517 854 2589 comparato
875 2517 953 2587 sunt,
979 2515 1012 2572 nt
1033 2529 1121 2572 manu
1141 2508 1192 2572 vel
1211 2509 1278 2572 lieri
1303 2532 1378 2592 pos

256 2618 317 2680 sint
336 2614 385 2678 vel
407 2615 486 2676 iacta
501 2616 566 2694 jam
586 2615 655 2692 sint,
677 2633 740 2677 uon
753 2616 853 2680 solent
873 2617 1061 2699 problemate
1081 2615 1239 2680 nominari.
1260 2617 1378 2702 Neque

256 2743 331 2787 vero
353 2741 391 2784 ex
411 2740 448 2784 eo
470 2723 553 2803 quod
576 2723 715 2786 Zosimus
744 2723 856 2806 aliique
882 2723 1071 2808 χειρόκμητα
1092 2724 1281 2805 scripserunt
1302 2747 1378 2790 con-

207 2893 209 2896 .
252 2833 350 2911 jicere
371 2850 428 2894 nos
448 2851 506 2913 por
526 2838 581 2911 est,
602 2831 682 2892 idem
703 2830 834 2912 elogium
861 2833 930 2896 libri
951 2831 1137 2896 Democritei
1157 2831 1260 2896 luisse.
1302 2829 1376 2896 Χει-

259 2937 439 3020 ρατμήματα
452 2945 482 3000 et
494 2937 758 3024 χαιροταχνήματα
773 2947 937 3021 propterea
948 2939 1117 3019 displicent,
1129 2940 1211 3023 quod
1228 2939 1376 3006 eltemtre

258 3045 466 3108 emendatione
488 3047 626 3122 admissa,
650 3045 833 3109 vocabulum
854 3047 1057 3131 προβλήματα
1076 3048 1158 3130 quod
1181 3048 1212 3108 in
1230 3050 1375 3113 omnibus

258 3152 348 3216 codd.
369 3171 439 3216 mss.
463 3161 518 3233 est,
539 3155 634 3218 deleri
658 3158 823 3232 oporteret.
861 3154 1001 3236 Denique
1021 3157 1243 3238 χειροτονητῶν
1265 3158 1375 3220 electo

256 3278 329 3320 rum
357 3260 585 3341 inscriptionem
611 3259 769 3340 reprobari
794 3279 919 3323 necesse
946 3267 1004 3340 est,
1033 3261 1180 3344 siquidem
1208 3263 1320 3326 Graeci
1342 3265 1373 3326 in

256 3365 407 3428 frontibus
427 3367 575 3430 librorum
605 3366 644 3430 od
670 3368 748 3430 bauo
770 3367 925 3430 notionem
955 3368 1165 3431 enuntiandam
1190 3365 1252 3433 non
1270 3392 1371 3455 χειρο-

256 3471 376 3553 τανητά,
396 3474 451 3535 sed
468 3470 595 3554 intepet
610 3475 771 3555 ponebant
799 3479 902 3558 Quare
923 3477 995 3538 nihil
1015 3483 1116 3553 restet,
1128 3475 1186 3540 nisi
1207 3483 1242 3539 nt
1256 3477 1296 3540 ad
1315 3497 1371 3539 no-

257 3598 326 3640 vam
345 3579 585 3642 emendationem
611 3581 828 3662 confugiamus
868 3583 1018 3664 Suspicor
1041 3583 1133 3664 igitur
1154 3583 1297 3665 opusculi
1317 3585 1371 3645 bu-

253 3687 306 3766 jus
333 3684 463 3748 indicem
485 3684 578 3749 inisse
599 3683 773 3771 Χειρωνικὰ
795 3689 1007 3774 προβλήματα,
1029 3709 1068 3752 eo
1088 3710 1188 3768 sensu,
1212 3699 1248 3754 ut
1268 3711 1317 3754 res
1338 3693 1370 3752 iu

257 3797 322 3854 arte
346 3791 495 3853 medicine
516 3793 680 3871 obscurae,
710 3796 747 3857 de
769 3796 878 3877 quibus
904 3797 1066 3860 identidem
1094 3799 1299 3881 quaerendum
1323 3817 1371 3859 es-

258 3905 313 3976 set,
336 3897 547 3979 intelligentur.
597 3901 719 3983 Quippe
745 3902 886 3966 Chironis
908 3905 1044 3967 centauri
1064 3905 1187 3967 salutari
1204 3913 1270 3969 arte
1285 3905 1371 3969 nobi-

256 4005 332 4068 lituti
353 4025 463 4068 nomen
482 4007 534 4069 teli
561 4009 648 4089 operi
675 4009 832 4089 praeponi,
857 4009 969 4072 nemini
989 4011 1098 4074 mirum
1123 4012 1269 4076 videatur.
1311 4015 1370 4076 Po-

257 4120 370 4175 strumo
397 4114 473 4174 hanc
501 4117 655 4178 materiem
675 4116 727 4178 illo
749 4136 844 4197 opere
872 4117 1096 4199 aphilosopbo
1117 4127 1224 4184 nostro
1248 4119 1368 4183 bactu-i
1443 4153 1444 4178 u

256 4221 405 4302 potuisse,
435 4241 505 4284 cum
531 4221 660 4286 aliorum
679 4223 842 4304 titulomm,
876 4231 938 4288 tum
972 4226 1038 4306 eins
1069 4245 1159 4309 quem
1188 4225 1282 4308 paulo
1299 4233 1367 4288 eote
1443 4213 1444 4218 ¹

1306 4352 1365 4398 me·
