2984 4876
309 309 372 374 214
639 304 836 369 ornanum
858 305 1091 360 nenorensem

310 478 363 560 τὴν
387 474 554 558 λεγομένην
573 472 785 554 πεντάφυλλον
812 470 975 557 βαιροίχιύν
999 493 1043 546 τε,
1071 471 1109 555 ἣν
1127 472 1335 558 χρυσιίνῦεμον
1360 497 1393 535 κα

228 586 409 664 §.salodon
449 579 509 644 Καὶ
531 580 668 644 καίλόλου
701 581 736 641 δὲ
763 579 821 642 ὅσα
849 579 884 642 ἂν
912 576 933 664 η’
964 577 1134 662 πεφυκότα,
1162 579 1202 662 μὴ
1231 580 1403 664 φυτευθέντα

313 692 500 775 ὑπάρχοντα,
532 688 612 750 ἀλλὰ
640 687 779 772 αὐτοφυῆ
810 685 918 770 χλωρὰ
945 688 995 748 καὶ
1021 686 1129 770 εύερνῆ
1159 689 1209 750 καὶ
1237 688 1340 756 δασέα,
1362 711 1403 768 ση-

228 814 300 884 μεθ,
314 799 414 883 μαίνει
444 797 502 881 ἀφ’
531 796 642 864 uidero<
670 794 773 862 αιίτοῖς
799 795 851 876 τὴν
882 795 996 878 τροφὴν
1024 791 1235 859 ἀναδίδοσθαι.
1286 796 1338 858 Διό
1363 797 1406 858 καὶ

315 906 365 967 δεῖ
387 904 584 972 πιστεύοντας
613 905 676 971 τοῖς
705 903 851 970 τοιούτοις
890 901 1027 983 σημείοις
1061 899 1221 986 ὀρύσσειν,
1248 903 1407 988 ἀποβάντας

315 1012 376 1077 ἀπὸ
399 1017 458 1075 τῶν
488 1012 623 1096 σημείων
651 1013 838 1093 κατιύτερον·
872 1009 924 1072 ἐὰν
954 1005 1012 1094 ἔχη
1046 1009 1139 1092 κλίμα
1169 1010 1185 1072 ό
1210 1009 1316 1088 τόπος,
1345 1012 1407 1074 diter
1464 1054 1465 1082 ,

229 1135 303 1204 537.
316 1120 511 1204 ὑπερδεξίους
536 1119 589 1186 τὰς
613 1117 712 1202 πηγὰς
733 1118 908 1202 λαμβάνεις.
949 1114 990 1179 ‘ll
1018 1115 1166 1203 ίιιιτουριςΙ
1180 1116 1214 1179 ἐκ
1235 1120 1289 1180 τοῦ
1308 1117 1407 1200 ἐτύμου

310 1230 345 1292 τὸ
370 1226 468 1311 ὄνομα
489 1225 632 1290 ἔσπασεν.
663 1222 748 1288 Ἔστι
769 1223 826 1308 γὰρ
848 1224 941 1307 όμοία
954 1229 992 1307 τῇ
1004 1227 1057 1286 τού
1081 1223 1173 1287 inserto
1196 1225 1284 1310 odpqi,
1304 1223 1408 1309 ἔχουσα

310 1337 349 1400 τό
378 1335 481 1422 φύλλα
505 1339 571 1403 ταῖς
600 1334 692 1418 ίλριζὶν
723 1333 816 1416 όμοια
845 1333 896 1394 καὶ
926 1331 1017 1394 αὐτὸν
1053 1333 1103 1394 τόν
1128 1333 1242 1396 καυλόν
1273 1332 1408 1416 ἀγόμενον

312 1443 372 1508 ἀπὸ
389 1447 442 1526 τῆς
464 1443 547 1527 ῥίζης
567 1446 609 1511 ύις
630 1441 679 1504 ἐπὶ
696 1442 729 1504 τό
752 1439 843 1523 ἄκρον
867 1437 1057 1522 λεπτότερον.
1092 1437 1193 1509 Atre<
1215 1443 1250 1506 δὲ
1272 1442 1288 1506 ό
1310 1438 1410 1506 καυλός

313 1550 376 1614 ἐστι
396 1549 493 1625 κενός,
521 1553 563 1617 ὡς
591 1550 784 1630 όκοίλαμος,
814 1544 895 1632 ἔχων
924 1545 961 1609 τό
993 1545 1093 1631 ἄρθρα
1116 1547 1299 1632 διηρημένα,
1327 1547 1356 1616 ἐξ
1375 1547 1408 1608 dn

315 1658 438 1744 ἄρίλριυν
475 1657 506 1720 αἱ
537 1657 697 1741 τριχώδεις
729 1655 883 1740 φυλλάὸες
915 1653 1067 1738 πέφυκαν.
1111 1652 1166 1718 Ἐκ
1201 1661 1255 1720 τοῦ
1288 1657 1322 1720 de
1344 1653 1410 1718 elem
1465 1637 1466 1648 ό

231 1782 303 1852 qus,
317 1766 391 1830 αιίτό
413 1765 586 1848 σαλπίγγων
599 1761 864 1848 προςαγυρεύεται.
897 1759 1056 1846 Βούτομον
1075 1762 1190 1846 γίνεται
1208 1765 1239 1828 ἐν
1256 1769 1317 1834 τοῖς
1329 1763 1410 1834 ἕλεσι,

315 1873 418 1960 φύλλα
438 1874 472 1936 δὲ
499 1871 587 1957 φέρει
609 1869 703 1954 όμοια
726 1869 864 1954 λειρίοις·
893 1870 922 1932 oi
949 1868 1019 1955 βόες
1041 1870 1119 1934 oded
1140 1873 1244 1954 ἡδέως
1266 1873 1411 1959 βόσκονται

315 1982 366 2045 καὶ
388 1981 591 2066 ἑκβράσσουσι
610 1977 637 2041 δ’
658 1978 692 2042 ἐκ
706 1981 775 2062 μιᾶς
796 1977 878 2060 ῥίζης
893 1977 928 2040 οὐ
949 1977 1022 2040 καίν’
1042 1979 1074 2042 ἓν
1096 1978 1166 2042 ἀλλ’
1191 1983 1234 2050 ὡς
1254 1983 1282 2044 oi
1303 1982 1410 2063 ὓιίμνοι.
1466 2043 1467 2074 ,

232 2087 533 2177 qnellermipullor
557 2086 591 2150 ἐκ
613 2089 683 2169 μιᾶς
705 2085 788 2169 ῥίζης
812 2085 913 2147 πολλὰ
932 2085 1081 2170 ἀναφέρει
1105 2089 1222 2152 κλωνία
1243 2088 1411 2174 καρφοειύη.
1466 2079 1467 2084 ’

314 2194 509 2277 σπιθαμιαῖα,
533 2194 564 2266 ἐξ
586 2195 628 2258 ὧν
651 2194 667 2256 ό
690 2191 816 2276 καρπός.
851 2191 962 2256 Φύλλα
986 2193 1020 2254 δὲ
1044 2191 1110 2279 ἔχει
1124 2193 1248 2260 ἐοικότα
1266 2197 1412 2282 ἡδυόσμιρ.

312 2413 384 2477 liter
407 2419 437 2475 et
461 2413 601 2476 hederam
638 2412 782 2474 virentem
810 2429 899 2492 quam
930 2411 1066 2474 nonnulli
1098 2412 1332 2494 rualacocissou,
1362 2415 1413 2476 hoe
1467 2467 1468 2472 ,

314 2526 370 2598 est,
385 2519 507 2583 mollem
524 2522 666 2584 hederam
693 2520 914 2600 cognominant,
944 2519 1083 2580 ellicum
1105 2521 1284 2602 silvestrem,
1307 2531 1337 2586 et
1355 2521 1414 2586 suli·
1467 2517 1468 2572 l

315 2649 380 2690 cern
404 2628 578 2710 ulmuurque
598 2633 755 2708 agrestem,
776 2646 871 2705 porro
893 2625 1060 2708 equisetum
1084 2633 1114 2688 et
1133 2629 1367 2713 quinquefolium
1390 2635 1414 2690 et
1467 2617 1468 2626 ¹

315 2735 521 2813 raurruculum,
555 2755 645 2817 quam
680 2735 803 2796 herbam
836 2734 1096 2812 chrysanthemum
1127 2736 1271 2802 vocitant.
1332 2741 1367 2802 Et
1389 2739 1415 2798 iu

313 2843 487 2906 universum
507 2861 703 2925 quaecunque
730 2849 817 2904 enata
838 2847 907 2903 suut
934 2847 965 2902 et
990 2859 1054 2902 uon
1079 2842 1221 2922 plantata,
1243 2848 1298 2909 sed
1317 2853 1415 2928 sponte

265 3021 273 3036 .
312 2957 436 3012 naturae
456 2951 563 3012 viridia
583 2956 614 3012 et
642 2949 750 3010 florida
768 2969 805 3010 ae
834 2949 935 3026 densa,
958 2967 994 3010 ea
1017 2948 1127 3010 iudicia
1149 2959 1230 3031 suut,
1254 2955 1415 3018 alimentum

312 3057 387 3137 ipsis
408 3059 446 3120 ab
472 3077 549 3140 aqua
576 3056 771 3138 suppeditari
824 3060 1020 3137 Quapropter
1050 3058 1198 3135 ejusmodi
1219 3063 1313 3142 siguis
1332 3061 1415 3122 lidere

313 3171 437 3246 oportet
454 3186 489 3227 ac
511 3165 625 3241 ledere,
647 3163 685 3225 ab
713 3162 787 3243 ipsis
808 3163 901 3243 siguis
930 3162 1055 3224 iulerius
1078 3167 1313 3246 progrediendo,
1334 3169 1360 3232 si
1379 3168 1416 3227 in-

313 3272 505 3334 clinationem
524 3271 632 3333 habeat
649 3270 746 3344 locus,
765 3268 845 3331 uude
862 3271 961 3332 fontes
980 3269 1046 3332 aliis
1061 3273 1219 3337 uberiores
1237 3273 1415 3359 adipisceris.

313 3377 489 3458 Equisetum
507 3397 544 3437 ex
567 3375 767 3440 similitudinis
794 3374 918 3438 veritate
938 3396 1049 3440 nomen
1071 3381 1168 3444 traxit.
1209 3384 1266 3446 Est
1287 3386 1365 3446 enim
1383 3381 1416 3444 si-

312 3483 383 3546 mile
404 3484 519 3547 caudae
537 3484 672 3568 equinae,
690 3482 762 3544 lolia
780 3483 894 3545 habeus
915 3486 987 3548 setis
1008 3485 1116 3548 similia
1139 3494 1169 3550 et
1190 3489 1291 3569 ipsum
1308 3489 1417 3554 caulem

312 3591 511 3672 prodeuntem
539 3611 557 3652 a
583 3591 685 3652 radice
705 3610 800 3671 usque
832 3591 871 3652 ad
898 3611 1058 3670 summum,
1085 3595 1261 3661 tenuiorem.
1310 3600 1416 3660 Verum

312 3699 379 3779 ipse
397 3698 491 3761 caulis
510 3717 622 3760 vacuus
642 3701 695 3772 est,
716 3697 799 3758 velut
818 3700 946 3780 arundo,
965 3699 1109 3764 articulos
1127 3702 1240 3766 habens
1258 3705 1416 3777 distinctos,

313 3825 351 3868 ex
375 3805 485 3889 quibus
504 3803 638 3866 cunculis
660 3804 823 3883 capillacea
852 3806 924 3868 lolia
944 3807 1130 3871 exoriuntur.
1174 3811 1216 3872 At
1236 3830 1311 3875 vero
1331 3831 1368 3873 ex
1387 3827 1416 3869 re

311 3913 379 3993 ipsa
406 3911 577 3993 salpingion
603 3909 781 3990 appellatur.
833 3914 997 3976 Butomum
1030 3915 1061 3976 in
1093 3914 1253 3994 paludibus
1282 3918 1417 3990 nascitur,

311 4020 385 4082 lolia
404 4027 503 4083 antem
524 4018 594 4080 liliis
612 4018 671 4080 lert
693 4018 811 4094 similia,
834 4027 919 4100 grate
939 4021 1039 4084 bubus
1059 4020 1181 4101 pabula,
1207 4044 1285 4106 quae
1304 4045 1342 4086 ex
1361 4042 1416 4086 una

308 4126 459 4205 pullulant
478 4125 587 4202 radice,
607 4145 670 4186 nou
689 4126 868 4206 singulatim,
890 4129 944 4189 sed
966 4129 1059 4191 instar
1082 4129 1232 4194 fruticum.
1268 4132 1415 4213 Quinque

306 4232 413 4296 lolium
433 4234 471 4296 ab
495 4252 555 4296 una
572 4231 674 4295 radice
702 4232 814 4296 multos
841 4234 973 4298 ramulos
1003 4237 1124 4318 profert
1153 4235 1276 4302 festucis
1298 4235 1415 4307 simdes,
