2984 4876
344 301 430 358 Liber
445 301 495 357 lll.
529 301 680 358 Democriti
700 319 810 375 oporam
830 304 990 377 fragmento.
1166 305 1229 374 193

103 489 168 534 των
191 466 254 532 ἐστὶ
275 465 354 530 doce
381 465 484 552 ψυχὴν
513 464 596 552 ἔχει·
625 467 670 553 τῷ
699 468 735 530 δὲ
765 467 803 552 δὴ
837 467 993 554 ἀνθρώπῳ
1019 469 1148 556 νδριρον
1167 471 1229 556 ἤδη

103 575 282 658 πεποίηται,
301 576 382 638 ὥστε
404 575 455 637 καὶ
479 573 642 660 ἐπαύρεοίν
664 597 730 638 τινα
751 575 906 658 especiem
926 577 987 642 ἀπὸ
1011 582 1065 642 rod
1087 578 1226 663 ἐκηδνου.

104 686 195 750 Stob.
219 686 303 748 Flor.
326 685 473 762 LXXVI,
497 684 546 747 17.
1089 765 1095 772 ·

198 795 267 856 185.
313 789 358 856 Ob
381 791 484 855 δοκέει
512 813 565 876 per
586 795 698 876 χρῆναι
719 791 832 858 παῖδας
851 792 997 856 κτᾶσθαι·
1030 793 1146 879 ἐνορέω
1169 795 1228 880 γὰρ

107 899 142 962 ἐν
164 900 283 964 παίδων
303 900 403 982 κτηαιι
428 897 564 966 πολλοὺς
591 897 644 982 μὲν
674 898 725 961 καὶ
753 899 905 983 ρεηοὶλους
925 900 1090 979 κινδύνους,
1109 902 1228 972 πολλὰς

53 1063 58 1078 ,
107 1009 145 1071 δὲ
173 1006 288 1084 λύπας,
321 1005 409 1089 dli-pa
443 1007 478 1068 δέ
513 1005 551 1068 τὰ
582 1004 770 1089 τδ8ηνέοντα
801 1006 852 1068 καὶ
877 1011 972 1070 ταῦτα
1001 1009 1098 1073 λεπτά
1121 1011 1228 1074 τεκαὶ

107 1114 256 1180 ἀσθενέα.
298 1115 390 1202 §tob
412 1115 497 1178 Flor.
516 1115 660 1192 LXXVI,
686 1118 733 1178 15.

197 1225 267 1286 186.
310 1219 500 1306 Δημόκριτος
532 1222 632 1305 γάρον
658 1223 710 1286 καὶ
737 1222 933 1286 παιδοποιΐαν
961 1227 1153 1307 παραιτεῖται
1177 1222 1228 1288 διὰ

106 1329 164 1400 τὰς
181 1328 300 1398 πολλὰς
320 1328 351 1400 ἐξ
371 1327 472 1393 αὐτῶν
494 1328 604 1414 ἀηδίας
620 1352 653 1393 τε
675 1330 726 1392 καὶ
748 1329 887 1414 ἀρολκδς
906 1331 966 1395 ἀπὸ
986 1335 1046 1396 τῶν
1067 1329 1226 1414 ἀναγκαιο-

106 1437 219 1522 τέρων.
263 1439 359 1502 Clem.
379 1439 466 1502 Alex.
489 1440 599 1502 Strom.
618 1441 644 1500 ll
665 1459 694 1520 p.
718 1439 789 1502 rot.
1077 1423 1079 1427 ’

198 1548 267 1610 187.
311 1543 518 1630 Τεκνοτρορίη
542 1545 712 1630 σφαλερόν·
736 1547 788 1629 τὴν
809 1546 863 1628 μὲν
887 1545 944 1630 γὰρ
968 1545 1123 1632 ἐπιτυχίην
1148 1547 1225 1630 ἀγῶ-

106 1673 163 1722 νος
185 1654 296 1736 μεστὴν
320 1653 371 1716 καὶ
394 1653 555 1739 φροντίδος
574 1652 725 1737 κέκτηται,
742 1654 794 1734 τἠν
818 1653 852 1715 δὲ
874 1653 1041 1740 ἀποτυχίην
1061 1655 1225 1742 ἀνυπέρδε-

107 1783 163 1824 τον
189 1759 294 1844 ἑτέρην
318 1759 439 1846 δδδνην.
481 1763 569 1826 Stob.
591 1763 675 1826 Flor.
694 1762 838 1839 LXXVI,
865 1763 914 1826 13.

198 1871 267 1932 188.
304 1863 408 1954 Ὅττιρ
429 1870 574 1955 χρήματά
602 1867 683 1944 ἐστι,
713 1869 810 1931 παῖδα
831 1868 1018 1953 melancoliae
1041 1869 1076 1934 ἐκ
1097 1873 1156 1936 τῶν
1180 1872 1226 1958 pt·
1289 1889 1297 1906 ·

108 1980 175 2040 λων
198 1973 268 2059 ἐμοὶ
291 1975 393 2041 δοκέει
415 1977 539 2062 ἄμεινον
563 1975 655 2040 εἶναι·
678 1976 728 2041 καὶ
750 1980 795 2062 τῷ
818 1976 872 2060 μὲν
892 1981 963 2046 παῖς
983 1975 1068 2041 ἔσται
1078 1983 1224 2057 τοιοῦτος,

110 2084 179 2148 οἷον
204 2081 239 2148 ἂν
260 2083 424 2170 βούληται·
452 2086 515 2149 ἔστι
544 2085 601 2170 peip
626 2084 810 2156 ἐκλέξασθαι
834 2085 897 2148 οἷον
922 2084 1109 2163 &deleuerat
1136 2087 1169 2156 δς
1190 2085 1225 2150 ἂν

109 2191 209 2276 δοκέη
239 2191 410 2276 ἐπιτήδειος
438 2192 516 2256 εἶναι
544 2193 595 2257 καὶ
625 2193 756 2276 μάλιστα
784 2191 861 2256 κατὰ
888 2192 977 2277 φύσιν
1001 2193 1119 2277 ἕπηται
1167 2191 1228 2258 Kal

108 2303 203 2365 τοῦτο
231 2303 377 2364 τοσοῦτον
403 2301 554 2388 διαφέρει,
589 2297 662 2362 door
698 2299 830 2362 ἐνταῦθα
860 2301 915 2383 μὲν
950 2297 1013 2362 ἔστι
1046 2302 1097 2363 τδν
1129 2301 1227 2366 παῖδα

109 2523 249 2586 homines
280 2529 379 2585 onum
410 2523 469 2585 boc
493 2528 633 2606 tanquam
659 2523 738 2586 vitae
770 2523 937 2586 institutum
966 2523 1008 2584 ito
1032 2523 1095 2599 jem
1116 2521 1227 2584 invete-

109 2631 199 2709 ravit,
220 2637 254 2693 ut
276 2630 433 2694 utilitatem
455 2631 543 2706 etiam
567 2651 584 2694 e
604 2631 752 2712 progenie
772 2650 827 2692 sua
847 2630 1022 2711 percipiant.

201 2741 269 2803 185.
312 2739 385 2801 Nou
403 2739 504 2818 probo
526 2739 692 2801 liberorum
711 2740 963 2820 procreationem.
994 2737 1123 2799 Nomio
1145 2738 1227 2818 ipso-

110 2867 181 2911 rum
202 2847 398 2928 possessione
418 2847 510 2909 multo
537 2866 703 2929 ruegnaque
723 2847 859 2927 pericula
880 2846 979 2908 inesse
999 2845 1088 2908 video
1111 2853 1141 2908 et
1162 2865 1226 2908 mo

109 2955 217 3018 lestias
241 2955 402 3036 plurimos,
431 2955 569 3036 exiguom
596 2975 671 3018 vero
702 2955 875 3017 felicitatem
897 2973 1022 3035 eamque
1052 2959 1173 3016 tenuem
1195 2959 1226 3015 et

110 3062 232 3126 exilem.

201 3171 270 3234 186.
314 3171 508 3233 Democritus
536 3169 756 3233 matrimonium
782 3168 1008 3250 liberorumque
1038 3169 1227 3249 procreatio-

109 3295 184 3342 nem
205 3278 303 3356 rejicit
330 3283 494 3359 propterea
523 3279 606 3362 quod
634 3277 745 3340 multae
771 3277 841 3338 iude
866 3277 1001 3340 orientur
1021 3276 1176 3340 molestiae
1196 3283 1226 3340 ot

108 3385 198 3469 quod
221 3384 276 3448 bae
299 3384 415 3446 rotioue
438 3404 456 3444 a
478 3385 568 3449 rebus
590 3386 684 3466 magis
706 3383 885 3447 necessariis
907 3403 1077 3447 avocemur.

200 3493 269 3556 187.
313 3493 494 3555 Liberorum
518 3493 658 3555 educatio
685 3492 803 3555 lubrica
831 3511 880 3556 res
901 3503 955 3554 est.
998 3493 1077 3556 Nam
1099 3494 1125 3555 si
1148 3493 1225 3556 bene

108 3600 210 3676 cedat,
229 3600 356 3664 multum
376 3620 535 3665 aerumnae
557 3607 588 3664 et
607 3620 747 3664 curarum
770 3601 866 3679 babet,
888 3601 915 3663 si
935 3601 1022 3680 mole,
1042 3601 1118 3664 alios
1139 3600 1225 3664 dolo·

107 3725 164 3770 res
185 3707 371 3772 inevitabiles
391 3710 478 3791 parit.

200 3819 269 3881 188.
313 3817 374 3898 Qui
393 3817 502 3880 divitiis
526 3817 629 3893 affluit,
656 3817 681 3879 is
709 3817 819 3880 melius
844 3817 916 3878 mibi
945 3816 1064 3879 videtur
1081 3816 1224 3894 securus,

106 3925 137 3988 si
169 3924 257 3986 omioi
291 3923 420 4002 alieuius
448 3923 544 3988 filium
571 3923 628 3986 sibi
656 3923 790 4005 adoptat.
837 3923 937 4006 Atque
963 3924 1034 3987 huie
1061 3929 1124 3986 tum
1146 3923 1225 3985 lilius

107 4030 178 4106 crit,
200 4032 318 4114 qualem
340 4031 479 4096 voluerit.
522 4031 609 4094 Licet
638 4032 716 4094 enim
742 4033 862 4114 eligere,
883 4033 1001 4114 qualem
1023 4031 1173 4094 desideret
1196 4036 1227 4094 et

108 4137 165 4224 qni
197 4139 324 4204 idoneus
348 4139 538 4221 meximeque
565 4147 672 4202 natura
698 4139 738 4201 ed
765 4139 965 4203 obedientiam
989 4157 1162 4222 propensus
1183 4139 1227 4200 vi-

108 4249 229 4312 dentur.
270 4248 440 4312 Discrimen
467 4255 567 4312 eutem
597 4248 628 4311 iu
653 4249 712 4312 boc
740 4247 872 4328 positum
893 4255 947 4326 est,
968 4246 1229 4332 quododopunei

959 4359 997 4420 13
