2892 4872
290 289 334 358 96
623 283 818 348 oaeoahm
846 283 1078 342 oenomaum

292 465 375 545 patet
395 455 560 532 erroribus,
590 455 620 516 ia
644 471 722 536 quos
745 471 807 516 non
829 451 994 530 incidisset,
1019 452 1045 515 si
1071 458 1122 518 ant
1140 450 1264 516 vivendo
1282 425 1375 530 attigis

292 579 339 634 set
359 563 577 640 Democritum,
599 569 651 625 aut
669 561 775 625 saltem
801 561 888 642 prior
906 566 1002 624 aetate
1023 561 1136 624 luisset.
1176 561 1252 622 luter
1270 563 1320 622 hos
1337 579 1377 622 er·

292 696 380 740 rores
399 691 590 738 numeramus
609 677 639 733 ct
660 689 738 745 eum,
756 669 841 752 quod
860 668 898 731 dc
920 669 1067 750 temporis
1086 671 1192 752 spatio,
1212 689 1270 751 qno
1288 665 1378 728 vixerit

291 784 495 860 Democritus,
518 782 594 844 falsa
621 777 750 855 tradidit,
780 784 810 840 et
838 775 921 858 quod
943 775 981 838 dc
1001 775 1170 842 Anterastis
1189 779 1230 840 ita
1244 773 1378 856 judicavit

292 900 326 958 nt
347 911 456 975 neque,
475 889 573 952 sintne
594 885 729 950 Platonis
749 905 788 970 au
806 904 869 946 non
891 884 951 947 sint
974 893 1164 966 compertum
1190 886 1219 948 ei
1236 885 1320 947 tuisse
1337 901 1379 961 ap

227 985 232 996 ⁵
291 1006 409 1083 pareat,
441 1017 540 1078 neque
574 994 682 1078 quibus
711 991 896 1074 argumentis
928 994 1107 1057 Democrito
1136 993 1168 1058 in
1195 995 1252 1058 hoo
1278 991 1379 1070 dialogo

291 1112 394 1173 locum
412 1103 619 1180 vindicaverit,
641 1101 713 1166 satis
732 1101 924 1164 manifestum
941 1102 989 1166 sit
1029 1102 1093 1166 Sed
1113 1102 1152 1167 de
1169 1109 1293 1186 utroque
1309 1101 1380 1180 lapsu

285 1221 351 1298 jam
371 1216 450 1278 libro
475 1213 574 1294 primo
603 1210 717 1274 mentio
744 1211 823 1274 iacta
846 1217 900 1273 est
953 1214 1041 1293 Quae
1068 1212 1203 1294 quamvis
1230 1211 1268 1274 ita
1293 1229 1322 1272 se
1341 1209 1381 1268 ha·

290 1327 389 1402 beant,
408 1331 508 1386 umen
527 1339 567 1382 ue
589 1317 766 1400 Thrasyllus
791 1317 912 1401 quidem
928 1319 1019 1382 nobis
1044 1319 1253 1402 despiciendus
1275 1312 1380 1396 estqui
1425 1343 1426 1346 ¹

292 1433 322 1495 in
349 1427 537 1494 conficiendo
563 1434 594 1491 et
628 1426 763 1490 Platonis
792 1432 823 1489 et
849 1427 1019 1491 Democriti
1052 1431 1251 1512 scriptionum
1276 1423 1381 1488 elencho
1425 1455 1426 1466 .

291 1539 477 1622 antiquiores
502 1536 622 1598 videtur
643 1540 785 1598 stratores
812 1543 944 1599 secutus.
993 1539 1087 1618 Quod
1108 1545 1143 1601 ut
1165 1537 1289 1613 credam,
1306 1529 1382 1615 pluri-
1425 1587 1426 1612 p

290 1647 349 1710 bus
368 1645 505 1708 adducor
522 1641 699 1706 rationibus.
733 1645 894 1706 Caeterum
915 1643 952 1707 de
965 1645 1194 1709 Platonicorum
1215 1645 1381 1724 dialogorum

292 1754 398 1818 ordine
420 1753 505 1833 prius
534 1751 624 1816 nobis
645 1751 908 1815 commentandum
937 1759 998 1832 est,
1034 1773 1125 1837 quam
1145 1754 1185 1818 ad
1202 1751 1382 1818 Democritum

291 1862 440 1927 accedere
464 1860 562 1924 liceat.
1425 1867 1426 1956 t

373 1971 420 2032 Ac
441 1967 571 2050 primum
594 1967 718 2050 quidem
741 1967 919 2050 Thrasyllus
940 1969 1023 2051 apud
1043 1970 1215 2052 Diogenem
1233 1971 1281 2034 lib.
1298 1965 1381 2042 lllhb
1425 1975 1426 2022 i

290 2080 428 2154 affirmat,
451 2076 609 2138 Platonem
629 2075 726 2138 libros
748 2095 821 2146 suos
844 2076 885 2140 ita
905 2077 1025 2141 dedisse
1048 2079 1141 2158 loras,
1171 2087 1206 2144 nt
1224 2077 1382 2160 tragiconm
1425 2077 1426 2114 t

290 2193 448 2270 poetarum
477 2184 651 2266 tetralogias
679 2183 860 2264 imitaretur,
889 2185 938 2247 vel
969 2193 1004 2248 ut
1029 2187 1124 2249 verba
1152 2207 1260 2269 graeca
1277 2201 1381 2266 ponant

290 2291 473 2379 Θρασύλαος
490 2290 525 2354 δέ
547 2313 623 2376 φησι
642 2291 694 2354 καλ
713 2290 791 2354 κατὰ
813 2292 866 2376 τὴν
887 2293 1029 2376 τραγικὴν
1049 2295 1245 2378 τετραλογίαν
1264 2291 1383 2355 ἐκδοῦναι

290 2402 382 2467 αὐτὸν
409 2399 483 2468 τοὺς
505 2397 677 2481 διαλόγους.
728 2400 907 2482 Thrasyllus
932 2401 1025 2482 igitur
1053 2403 1243 2482 opinabatur,
1265 2394 1383 2483 quemad·
1425 2385 1426 2466 l

290 2511 414 2575 modum
436 2507 543 2589 tragici
563 2507 751 2572 Graecorum
775 2517 885 2590 poetae
909 2507 940 2570 in
961 2508 1090 2590 publicis
1112 2487 1197 2574 ludis
1217 2531 1252 2574 ao
1271 2501 1384 2572 certami-

288 2621 377 2684 nibus
398 2619 437 2679 de
457 2616 557 2697 palma
578 2616 656 2678 inter
675 2635 744 2680 sesc
764 2621 913 2680 certantes
934 2618 1112 2698 compositis
1133 2627 1276 2701 quattuor
1294 2610 1384 2678 sabulis

288 2729 320 2790 in
346 2726 502 2807 publicum
526 2723 649 2804 prodire
672 2725 819 2803 solebant,
847 2724 892 2787 sic
921 2725 1079 2789 Platonem
1103 2745 1165 2788 nou
1186 2715 1385 2807 simulasset
1425 2773 1426 2790 ,

290 2842 452 2918 quaternos
474 2832 612 2912 dialogos
638 2839 816 2914 argumento
832 2832 1026 2917 pleramque
1044 2833 1244 2899 cohaerentes
1262 2830 1384 2896 emisisse·

1344 2937 1386 2998 ht·

289 3058 461 3110 ministeria
488 3057 623 3120 scriptura
648 3056 722 3121 apud
748 3059 866 3110 Graecos
891 3061 940 3110 est.
979 3059 999 3109 λ
1025 3060 1124 3112 Latinis
1145 3064 1300 3112 constanter
1314 3056 1386 3107 Thra-
1425 3045 1426 3094 l

290 3139 373 3203 sylius
391 3138 548 3202 appellatur.
581 3137 657 3188 Adde
674 3138 741 3190 locis
760 3153 843 3204 supra
869 3140 957 3192 citatis
976 3139 1049 3191 hunc
1064 3140 1203 3194 tricenalis
1222 3153 1326 3193 versum
1343 3137 1386 3186 Sal

276 3215 411 3281 -v1‚575:
448 3219 506 3269 Non
531 3218 582 3270 ibit
604 3221 706 3282 pariter
729 3222 848 3272 numeris
867 3221 995 3270 revocata
1017 3220 1152 3285 Thrasylli.
1196 3225 1296 3274 Graece
1312 3221 1385 3269 autem

288 3302 334 3364 qui
362 3293 513 3369 Θράσυλλος
537 3299 642 3363 dicitur,
667 3301 784 3352 eundem
811 3303 873 3354 licet
898 3294 1033 3368 θρααλλον
1061 3313 1161 3353 vocare
1189 3308 1217 3354 et
1243 3296 1385 3372 eptatico.

286 3381 343 3430 vid.
366 3381 393 3431 C.
418 3381 528 3430 Reiiium
559 3381 715 3434 doctissimo
743 3382 778 3433 do
801 3382 853 3434 hoc
884 3382 1023 3432 nominum
1051 3395 1149 3447 genere
1177 3385 1346 3436 disserentem
1366 3378 1385 3424 in

286 3472 360 3524 spec.
378 3462 556 3524 onomatoiog.
577 3475 614 3525 gr.
635 3463 748 3526 (Lipsiae
759 3457 835 3525 18⁴0)
855 3475 914 3526 pag.
926 3459 961 3514 68
975 3465 1002 3513 et
1020 3477 1089 3528 quos
1107 3463 1143 3514 ibi
1166 3468 1266 3516 excitat
1282 3465 1385 3513 rei-eran

287 3541 452 3603 scriptorum
478 3541 662 3604 explicatores.
702 3543 777 3606 Nam,
805 3547 835 3594 ut
858 3557 942 3594 unum
967 3544 1120 3608 hujusmodi
1144 3558 1244 3596 nomen
1264 3543 1386 3608 praeierit

287 3620 430 3683 proferam,
451 3622 608 3672 notissimae
630 3625 694 3674 sunt
720 3625 810 3675 tudae
837 3623 958 3688 ejusdam
982 3625 1107 3674 vocabuli
1131 3623 1235 3677 forulae
1257 3617 1386 3676 Battum.

288 3694 419 3760 Betthar,
446 3693 595 3758 Baitheo.
629 3703 666 3768 Ci.
686 3704 823 3755 Domostb.
850 3700 914 3774 πρὸς
932 3698 1050 3755 Βοιωτὸν
1072 3701 1135 3775 ὑπὲρ
1155 3703 1262 3776 προικὸς
1280 3695 1387 3772 μητρῴας

288 3795 348 3846 pag.
376 3777 458 3843 1009,
484 3777 525 3831 26.
574 3784 665 3848 steph.
689 3785 764 3850 (pag.
792 3781 844 3836 265
871 3785 912 3836 ed.
940 3785 1065 3849 Bethar).
1107 3787 1211 3837 Authci.
1240 3787 1291 3838 Pal.
1315 3781 1337 3844 7,
1354 3776 1387 3829 3⁰·

287 3862 412 3913 hibeni
440 3875 465 3925 p.
493 3859 533 3913 20.
553 3863 582 3915 D.
620 3865 719 3928 hiciph.
747 3866 794 3927 iii,
819 3862 865 3928 68,
892 3863 917 3916 o.
965 3866 1033 3917 ilinc
1066 3867 1177 3918 evidens
1210 3871 1267 3930 est,
1297 3869 1387 3916 errasse

288 3943 462 3995 iluebnerum
487 3945 531 4008 qui
557 3945 583 3994 in
603 3944 728 4010 Diogenis
751 3947 848 3997 Laertii
875 3946 993 3998 editione
1015 3947 1116 4012 ubique
1139 3949 1249 4011 scripsit
1268 3937 1387 4016 spacio:

286 4038 337 4088 pro
371 4018 522 4094 θράσυλλας
557 4023 622 4077 fisus
661 4026 839 4078 Ambrosiam
870 4027 997 4091 Diogenis
1031 4029 1205 4080 translatione
1242 4027 1388 4083 laudatoque

286 4105 460 4156 Bnissonadio
488 4104 523 4154 ad
550 4105 707 4157 Aristaenet.
737 4109 825 4170 cpistt.
855 4122 880 4170 p.
900 4104 959 4159 iti.
996 4108 1068 4160 'Vide
1093 4110 1151 4174 cius
1174 4109 1234 4160 adn.
1263 4106 1298 4157 ad
1325 4103 1387 4162 uros·

285 4187 329 4238 lib.
351 4184 441 4249 111‚i;
463 4185 503 4246 ix,
523 4181 555 4235 41
574 4189 633 4246 etc..
659 4186 704 4237 ubi
731 4188 809 4238 codd.
833 4182 984 4258 θράσυλλος
1009 4187 1117 4251 habent,
1142 4180 1328 4248 succusso
1350 4177 1387 4228 uhi
1425 4175 1426 4194 ¹

287 4271 402 4320 structae
423 4265 597 4318 membranae
620 4267 647 4318 in
666 4270 801 4333 scriptura
819 4262 971 4338 Θρααλλαος
992 4271 1171 4322 consentiunt.
