2892 4872
368 351 451 408 Liber
472 353 492 409 l.
530 353 573 408 De
594 353 746 408 Democriti
767 355 833 412 rita.
1117 353 1158 418 75

61 521 230 600 excogitatae
247 526 315 583 sunt
339 519 508 582 tabularum
522 519 604 582 nulla
617 527 671 597 est,
683 525 729 583 tot
742 541 812 583 cum
826 521 991 584 mendaciis
1013 529 1157 605 tantoque

60 629 295 703 cumverborum,
308 629 444 711 quamvis
465 628 596 690 inanium
611 636 719 691 ornatu
740 628 903 691 memoriae
925 630 1052 709 prodito,
1068 652 1157 713 quom

59 757 124 818 quae
138 737 173 798 de
191 737 355 800 Democriti
377 737 492 800 insania
513 757 548 798 ac
571 737 609 797 de
624 737 812 816 Hippocrate
835 737 874 800 ad
895 738 972 800 lianc
994 740 1156 800 curandam

58 847 185 907 aSenatu
198 845 375 927 populoque
395 844 609 907 Abderitarum
632 845 730 906 accito
749 845 779 906 in
799 845 936 926 epistolis
959 847 1070 926 legitur
1084 849 1158 927 Hip-

57 951 161 1030 pocrati
187 959 216 1014 et
245 953 423 1016 Democrito
451 953 529 1015 salso
559 953 706 1033 ascriptis
758 953 850 1035 Quod
876 959 910 1015 ut
930 954 1020 1033 plane
1041 954 1158 1035 perspi-

58 1059 157 1136 ciatur,
195 1061 329 1123 breviter
365 1062 484 1124 illarum
526 1061 722 1142 epistolarum
758 1067 966 1140 argumentum
1010 1062 1157 1124 enarrabo

59 1173 153 1246 postea
174 1167 449 1246 demonstraturus,
487 1170 641 1232 cardinem
682 1169 726 1232 rei
761 1188 851 1251 quem
884 1169 1058 1232 contineant
1091 1189 1158 1232 esse

57 1275 213 1353 figmentum
235 1277 386 1360 siurrdque
406 1277 592 1340 iudicaturus
611 1285 731 1358 tempus
750 1259 812 1359 quo
828 1277 1015 1358 compositae
1036 1277 1158 1340 videan-

56 1389 104 1446 tur.
138 1385 320 1466 Incipiamus
341 1386 378 1449 ab
397 1407 433 1448 ca
454 1386 583 1466 epistola
602 1406 692 1470 quam
703 1387 832 1448 Senatus
854 1385 1047 1468 populusque
1057 1385 1158 1448 Abd‘e

56 1490 155 1555 ritanus
170 1493 223 1576 ¹⁸)
243 1495 425 1576 Hippocrati
448 1495 608 1574 scripsisse
633 1494 751 1557 dicitur.
796 1499 899 1576 Quum
921 1499 1003 1555 tanta
1024 1500 1105 1555 esset
1126 1493 1157 1554 in

55 1601 216 1666 Democrito
243 1623 348 1665 rerum
372 1604 568 1665 liumanarum
595 1601 730 1664 omniurn
752 1602 963 1682 despicientia,
992 1610 1026 1663 ut
1046 1606 1157 1662 morta-

56 1705 117 1770 lium
136 1729 182 1773 res
204 1711 357 1774 secundas
379 1717 469 1795 atque
491 1712 642 1786 adversas,
663 1717 698 1772 ut
723 1709 899 1790 quotidiana
924 1709 1003 1770 vitae
1025 1709 1156 1788 negotia,

56 1827 246 1900 mercaturam,
277 1820 451 1896 conciones,
476 1819 654 1900 legationes,
673 1830 707 1879 ut
728 1817 928 1897 magistratus,
953 1822 989 1879 ut
1016 1817 1157 1894 honores,

56 1929 83 1985 ut
98 1930 200 2007 gaudia
220 1935 251 1992 et
270 1929 453 2009 voluptates,
476 1935 511 1990 ut
538 1927 728 2008 singulorum
759 1925 909 1987 tristitiam
929 1933 1019 2010 atque
1038 1945 1159 1988 moero-

56 2051 108 2096 rem
129 2055 297 2121 eorumque
325 2037 417 2098 modo
448 2045 549 2098 ortum
579 2036 671 2097 modo
694 2032 847 2095 interitum
868 2033 1002 2098 ludibrio
1025 2032 1159 2109 baberet,

56 2159 190 2226 quumque
218 2144 389 2228 inquireret
416 2144 447 2206 in
474 2165 526 2222 ea,
554 2163 630 2227 quae
654 2142 737 2224 apud
763 2142 879 2205 interos
905 2144 979 2206 liunt
1004 2163 1040 2206 ao
1061 2143 1099 2206 de
1121 2143 1159 2206 iis

56 2249 185 2316 scriberet
207 2260 237 2316 et
259 2253 424 2334 imaginum
446 2252 568 2334 plenum
588 2271 690 2314 acrem
712 2271 779 2314 esse
801 2251 915 2313 diceret
943 2272 1037 2334 seque
1059 2252 1160 2314 avium

56 2373 134 2420 voces
159 2360 333 2442 inteHigere
358 2361 532 2442 perhiberet
559 2381 595 2422 ac
617 2377 835 2440 saepenumero
863 2357 901 2420 de
921 2367 1010 2422 nocte
1031 2379 1159 2440 surgens

56 2463 127 2530 solus
144 2470 268 2550 placide
296 2489 405 2532 canere
433 2470 602 2546 videretur,
631 2489 725 2552 quum
745 2467 875 2549 denique
893 2485 1108 2550 riorrnunquam
1129 2468 1160 2529 in

56 2571 212 2642 intinitatem
234 2597 360 2642 omnem
383 2597 416 2639 se
438 2555 623 2659 peregrinari
646 2577 843 2638 contenderet
865 2583 895 2636 et
915 2574 1159 2637 ¹innumerabiles

56 2698 156 2765 eosque
170 2687 219 2749 sui
230 2687 348 2750 similes
362 2705 429 2750 esse
440 2686 634 2748 Democritus
653 2703 775 2766 praese
796 2684 904 2744 terret:
925 2682 1005 2743 lrunc
1025 2682 1160 2764 alioquin

55 2795 193 2873 egregium
204 2795 315 2873 virum,
324 2795 354 2856 in
368 2815 430 2878 quo
444 2795 601 2858 universae
621 2793 749 2857 civitatis
763 2792 844 2854 salus
864 2791 1019 2866 niteretur,
1033 2787 1161 2850 Abderi-

56 2901 209 2966 tremente
231 2911 357 2984 captum
378 2921 446 2966 esse
467 2902 524 2964 rati
539 2902 654 2964 litteras
676 2901 865 2982 scripserunt
884 2897 923 2959 ad
936 2897 1160 2977 Hippocratem,

56 3025 119 3086 quas
139 2991 172 3073 ei
185 3015 421 3094 Amelesagoras
444 3011 553 3074 civium
572 3031 698 3073 suorum
721 3008 843 3072 norrrine
857 3025 925 3069 cum
947 3005 1013 3067 aliis
1035 3004 1162 3068 adeum

55 3115 152 3182 missus
173 3121 315 3184 reddidit.
363 3121 417 3184 llis
447 3119 554 3182 litteris
577 3117 693 3201 precati
721 3122 792 3180 sunt
818 3115 891 3176 artis
913 3113 1051 3176 salutaris
1073 3131 1163 3192 cory-

56 3221 169 3299 phaeum
183 3228 370 3310 Aesculapio
393 3229 469 3291 inter
483 3228 570 3290 divos
583 3227 679 3289 relato
699 3243 809 3306 genere
821 3228 944 3305 arteque
959 3222 1162 3310 conjunctum,

56 3338 84 3391 ut
103 3355 159 3398 non
175 3339 267 3402 unius
289 3339 418 3400 hominis
437 3357 536 3414 causa,
554 3336 609 3398 sed
628 3341 807 3397 cunctorum
829 3329 1041 3392 Abderitarum
1062 3329 1161 3409 gratia

58 3444 132 3519 quasi
155 3447 247 3508 totius
261 3446 369 3509 Joniae
384 3445 526 3507 fundator
542 3445 662 3508 iuturus
675 3442 842 3522 urbemque
857 3438 994 3519 ipsorum
1008 3435 1160 3500 sanctiore

57 3567 132 3614 muro
160 3554 402 3618 circumdaturos
438 3555 477 3616 ad
502 3551 711 3616 Democritum
746 3548 914 3610 sanandum
940 3546 1064 3608 veniret.
1124 3546 1163 3606 Et

58 3663 179 3736 quamvis
201 3663 276 3743 ipsis
302 3683 479 3744 persuasum
501 3668 590 3736 esset,
615 3658 698 3740 apud
718 3656 935 3737 Hippocratem
954 3654 1024 3736 plus
1048 3651 1161 3715 doctri-

57 3782 105 3826 nae
123 3789 210 3851 quam
227 3771 365 3834 fortunae
380 3771 526 3834 rationem
539 3768 648 3846 valere,
668 3775 768 3829 tamen
786 3785 820 3828 se
835 3763 994 3826 maximam
1015 3760 1161 3842 pecuniae

58 3890 190 3940 surumam
211 3899 269 3960 pro
291 3882 429 3943 restituta
450 3879 523 3942 tanti
552 3876 626 3940 civis
647 3874 773 3938 sanitate
795 3873 922 3934 daturos
944 3889 1010 3932 esse
1034 3867 1162 3950 polliciti

58 3990 124 4046 sunt
164 3987 309 4070 Sequitur
327 3987 520 4069 Hippocratis
541 3981 765 4066 responsio²⁹)
801 3981 831 4042 in
860 3980 938 4041 hanc
959 3979 1022 4040 iere
1045 3984 1163 4040 senten-

58 4133 248 4155 -·-—-

121 4231 159 4294 ¹⁸)
179 4247 240 4299 pag.
258 4231 324 4286 1273
344 4237 417 4286 Tora.
434 4230 456 4286 ll
477 4233 517 4285 ed.
538 4233 613 4283 Foes.
632 4229 702 4294 (pag.
722 4225 774 4280 775
794 4228 867 4278 Tom.
886 4219 920 4277 lll
938 4225 981 4277 ed.
1000 4203 1094 4288 Huhu.)

120 4323 158 4386 ²¹³)
177 4339 236 4390 pag.
259 4323 323 4376 tam
344 4327 417 4378 Tom.
437 4320 460 4378 ll
483 4325 524 4376 ed.
540 4325 614 4375 Foes.
633 4323 704 4386 (pag.
723 4317 775 4371 778
793 4321 865 4372 Tam.
883 4313 918 4372 lll
938 4319 981 4370 ed.
998 4317 1093 4378 lilino.)
