2984 4876
383 354 468 412 Liber
486 355 536 412 111.
568 355 721 412 Democriti
737 369 848 428 oporam
866 355 1027 429 fragmenta.
1196 359 1261 426 219

148 519 183 586 ἐκ
205 521 346 606 μεγάλων
365 522 417 588 καλ
438 522 475 588 οὐ
498 525 683 609 περιφερῶν,
714 519 787 586 ἀλλ’
818 519 867 586 ἐπ’
897 521 984 587 ἐνίων
1007 523 1061 608 μὲν
1083 527 1258 613 σκαληνῶν·

148 629 195 694 διὸ
216 627 533 717 citramontanam.
578 628 733 696 Βούλεται
754 631 790 694 δὲ
811 628 948 715 σκαληνὰ
971 629 1080 714 λέγειν,
1102 633 1180 721 ἅπερ
1202 660 1258 701 πα·

148 737 289 820 ράλλαξιν
311 737 377 824 ἔχει
397 739 474 824 πρὸς
495 738 617 824 ἄλληλα
636 739 688 803 καλ
714 738 902 822 συμπλοκήν.
946 735 1099 822 Μεγάλων
1124 742 1190 826 μὲν,
1213 745 1259 810 ὅτι

146 844 166 926 ἡ
188 843 317 930 ἁλμυρλς
337 845 530 920 ἐπιπολάζει·
562 843 654 930 μικρὰ
672 845 729 930 γολρ
751 844 834 926 ὄντα,
860 845 911 909 καλ
930 844 1102 930 τυπτόμενα
1124 853 1187 920 τοῖς
1206 875 1258 916 πε-

147 950 295 1038 ριέχουσι,
319 953 481 1037 μίγνυσθαι
501 953 537 1018 ἂν
556 958 601 1040 τῷ
618 952 723 1018 παντί·
751 950 788 1015 οὐ
808 957 983 1037 περιφερῶν
1004 952 1051 1036 δέ,
1079 954 1180 1020 ὅτιτὸ
1202 957 1257 1042 ρλν

143 1057 283 1144 ἁλμυρὸν
310 1061 420 1147 τραχύ,
449 1063 483 1128 τὸ
510 1063 546 1126 δὲ
573 1059 736 1147 περιφερὲς
765 1061 866 1123 λεῖον·
895 1061 1054 1145 σκαληνῶν
1085 1062 1120 1126 δέ
1151 1062 1257 1130 διὰτὸ

146 1166 188 1250 μὴ
204 1168 474 1252 περιπλάτπτσίλαι·
496 1171 544 1234 διὸ
569 1169 716 1255 ψαφαρὸν
736 1167 823 1231 εἶναι.
867 1170 1096 1250 Theophrastus
1117 1173 1187 1238 ibid.
1206 1177 1257 1238 66.

229 1278 279 1340 29.
323 1271 383 1339 Τὸν
412 1276 447 1339 δὲ
480 1276 623 1362 δριμὺν
645 1278 749 1361 μικρὸν
771 1276 823 1340 καὶ
845 1281 994 1362 περιφερῆ
1013 1279 1064 1342 καὶ
1084 1280 1258 1364 γωνιοειδῆ,

145 1381 297 1467 σκαληνὸν
322 1383 356 1446 δέ
380 1381 437 1448 oda
455 1383 556 1471 ἐχειν·
576 1385 628 1448 τὸν
655 1382 788 1470 μὲνγὰρ
816 1383 922 1470 δριμὺν
945 1387 1136 1469 πολυγώνων
1157 1392 1256 1452 ποιεῖν

143 1491 184 1572 τῇ
204 1490 379 1576 τραχύτητι,
411 1492 597 1578 θερμαίνειν,
623 1493 675 1557 καλ
699 1493 816 1579 διαχεῖν
847 1492 898 1556 διὰ
923 1492 957 1556 τὸ
983 1495 1087 1580 μικρὸν
1110 1491 1258 1560 εἶναικαὶ

142 1602 294 1684 περιφερῆ
314 1601 365 1664 καλ
391 1600 570 1684 γωνιοειδῆ·
596 1601 648 1664 καὶ
677 1597 734 1684 γιλρ
760 1602 795 1664 τὸ
816 1601 993 1684 γωνιοειδὲς
1012 1599 1091 1666 εἶναι
1107 1607 1256 1668 τοιοῦτον.

136 1701 300 1774 Ὣσαίιτωτ
322 1706 357 1771 δὲ
377 1708 428 1772 καὶ
448 1707 502 1777 τὰς
523 1707 620 1778 ἄλλος
647 1706 776 1772 ἑκάστου
801 1707 945 1793 δυνάμεις
966 1709 1165 1791 ἀποδιῶωσιν,
1186 1711 1257 1775 ἀνά-

141 1833 205 1896 γων
226 1812 271 1883 είς
285 1812 324 1877 τὰ
340 1815 497 1900 σχήματα·
522 1816 664 1881 ἁπάντων
685 1815 719 1878 δὲ
734 1819 793 1878 τῶν
811 1816 978 1900 σχημάτων
999 1814 1088 1880 οὐδὲν
1112 1818 1257 1906 ἀκέραιον

143 1918 221 1984 εἶναι
249 1921 301 1985 καλ
326 1921 432 2006 ἀμιγὲς
459 1927 524 1993 τοῖς
552 1923 667 2004 ἄλλοις,
698 1922 772 1988 ἀλλ’
803 1923 834 1988 ἐν
864 1923 985 2008 ἑκάστῳ
1016 1927 1133 2012 (χυλῷ)
1154 1926 1257 1992 πολλὰ

143 2024 222 2090 εἶναι
249 2027 301 2092 καί
327 2029 378 2092 τὸν
408 2028 499 2093 αὐτὸν
530 2027 612 2116 ἔχειν
639 2032 723 2096 λείου
756 2032 808 2096 καὶ
837 2029 968 2116 τραχέος
997 2033 1049 2097 καὶ
1070 2040 1256 2120 περιφεροῦς

142 2134 194 2198 καί
217 2134 304 2208 ὀξέος
332 2137 384 2200 καλ
412 2140 472 2200 τῶν
494 2139 626 2202 λοιπῶν·
659 2137 676 2202 ὃ
708 2139 736 2202 δ’
767 2139 802 2202 ἂν
827 2138 883 2222 ἐνῇ
903 2141 1057 2220 πλεῖστον,
1086 2145 1175 2206 τοῦτο
1204 2145 1258 2227 μά-

142 2244 231 2306 λιστα
264 2242 413 2329 ἐνισχύειν
438 2243 514 2330 πρός
542 2268 576 2308 τε
603 2248 656 2329 τὴν
688 2246 829 2331 αἴσθησιν
857 2247 908 2310 καὶ
939 2248 992 2329 τὴν
1019 2247 1155 2334 δύναμιν.
1191 2247 1259 2316 Ἔτι

142 2465 335 2548 glutinosum.
378 2468 503 2531 Salsum
532 2489 605 2532 vero
636 2491 653 2532 c
683 2471 799 2551 niagnis
824 2489 882 2532 nee
912 2471 1060 2547 roturrdis
1081 2467 1136 2533 sed
1158 2469 1257 2552 aliqua

142 2581 228 2656 parte
257 2575 479 2662 inaequalibus,
505 2584 536 2641 et
565 2581 643 2640 banc
668 2580 710 2640 ob
736 2597 800 2640 rem
826 2595 889 2638 non
918 2579 1071 2642 flexuosis.
1113 2579 1257 2660 mtclngit

142 2690 242 2746 autem
263 2685 430 2768 inaequalia
448 2707 525 2769 quae
547 2686 743 2749 variationem
767 2705 938 2767 nexumque
962 2686 1041 2749 inter
1061 2707 1096 2750 sc
1118 2686 1255 2749 babeant

141 2790 168 2852 E
185 2793 301 2874 maguis
323 2795 452 2875 quidem,
472 2795 614 2878 quoniam
635 2793 776 2875 salsilago
800 2793 886 2874 (inde
913 2793 1097 2873 redundans,
1117 2793 1256 2875 corpori)

141 2899 267 2975 innatam
288 2923 395 2982 parvas
417 2905 495 2967 enim
514 2903 678 2984 particulas
699 2901 953 2966 circumdantibus
977 2899 1082 2982 pulsas
1102 2922 1172 2965 curn
1190 2902 1256 2964 uni-

140 3027 231 3072 verso
252 3027 383 3091 corpore
406 3012 604 3076 commisceri.
654 3011 679 3072 E
704 3029 766 3073 non
787 3009 925 3073 rotundis
948 3027 1031 3087 vero,
1052 3009 1124 3092 quia
1144 3009 1256 3073 salsum

141 3137 292 3198 asperum,
314 3121 477 3184 rotundum
505 3129 605 3184 autem
627 3120 765 3200 glabrum
787 3117 834 3180 sit.
877 3119 924 3180 Ex
946 3116 1154 3201 inaequalibus
1172 3115 1256 3179 deni·

142 3245 209 3308 que,
232 3227 314 3309 quod
334 3229 412 3306 (aliis
435 3229 611 3310 saporibus)
631 3246 694 3289 non
719 3227 868 3288 obruatur
887 3225 1018 3309 ideoque
1038 3223 1132 3288 durus
1154 3223 1203 3288 sil,

225 3338 275 3399 29.
319 3337 477 3401 Postremo
500 3331 603 3400 acrem
630 3355 773 3416 saporem
808 3353 935 3416 parvum
966 3339 997 3395 et
1027 3332 1191 3396 rotundum
1224 3337 1256 3395 et

140 3443 324 3526 angadarem,
346 3447 479 3509 sednon
502 3444 703 3528 inaequalem:
723 3464 824 3507 aorem
847 3443 926 3506 enim
951 3441 1113 3523 asperitate
1131 3461 1186 3504 sua
1204 3460 1257 3504 an-

141 3551 282 3632 gulosum
304 3552 377 3636 quid
404 3555 534 3634 eiicere,
564 3553 730 3618 calclmcre
752 3558 782 3615 et
800 3551 994 3632 pertundere,
1023 3550 1166 3633 quoniam
1187 3569 1256 3630 par-

141 3677 198 3722 vus
218 3668 248 3724 et
267 3662 415 3724 rotrmdrm
436 3671 466 3726 et
483 3663 636 3745 angularis
653 3662 692 3724 sit
710 3679 861 3742 omneque
878 3658 1021 3741 angulare
1040 3659 1082 3722 ita
1094 3678 1127 3721 se
1143 3658 1259 3721 babeat.

141 3767 210 3832 Pari
229 3774 328 3832 autern
360 3771 453 3834 modo
483 3772 617 3855 reliquas
645 3761 792 3851 cujusque
822 3769 902 3833 vires
930 3769 1065 3849 exponit,
1090 3766 1128 3830 ad
1146 3767 1259 3846 liguros

142 3876 291 3952 refecerim
313 3898 418 3942 verum
441 3880 574 3943 omniurn
596 3880 760 3960 figurarum
780 3877 894 3940 nubam
916 3896 984 3940 esse
1000 3877 1149 3938 sinceram
1167 3879 1258 3958 atque

142 4003 162 4045 a
190 3993 377 4048 caeterarum
405 3987 588 4052 admixtione
616 3987 751 4063 liberam,
775 3986 883 4048 sedin
907 4003 1092 4067 unoquoque
1118 3983 1258 4064 (saporo)

142 4091 252 4155 multas
275 4112 359 4171 esse,
385 4093 574 4177 eundemque
605 4095 716 4158 trabere
746 4095 902 4176 (liguram)
930 4092 1027 4174 glabri
1058 4099 1088 4156 et
1109 4087 1209 4171 asperi
1229 4096 1261 4152 et

144 4198 269 4262 rotrmdi
291 4207 321 4264 et
339 4203 421 4266 acuti
443 4211 473 4266 et
491 4201 690 4286 reliquorum,
713 4223 790 4285 quac
810 4211 909 4266 autem
934 4201 1062 4263 oraxima
1083 4200 1161 4276 insit,
1183 4199 1260 4261 bano

144 4307 273 4369 mraxime
311 4309 348 4371 ad
376 4330 497 4374 sensum
527 4312 719 4374 alliciendum
750 4312 871 4393 vimque
902 4309 1120 4374 ostendendam
1150 4306 1259 4369 valore.
