2892 4872
327 305 412 364 Liber
430 301 468 359 ll.
510 302 554 360 Da
572 301 723 360 marcenti
742 304 861 376 seriptis.
1090 311 1153 378 113

63 471 110 535 nisi
130 491 201 556 quaa
220 471 312 536 hodie
331 473 468 535 teruntur
486 478 607 536 mutatae
625 470 820 552 Hippocratis
841 482 872 536 ct
893 475 1070 555 Democriti,
1089 501 1154 544 cer-

62 579 190 644 tissimum
216 587 270 644 est.
316 586 400 663 Quas
424 579 570 660 epistolas
595 580 684 643 tertio
712 586 784 660 post
810 583 881 644 Chr.
903 594 1006 646 natum
1028 589 1151 654 saeculo

56 683 164 768 ‘utaque
186 688 360 769 suppositas
384 705 467 764 esse,
496 687 553 751 sub
580 689 671 750 tinem
696 689 786 769 primi
807 690 912 753 harum
935 694 1154 774 Quaestionum
1169 667 1185 686 '

60 793 125 872 libri,
145 795 305 874 evidenter,
327 795 359 856 ni
380 793 481 869 fallor,
504 795 714 858 demonstravi.

129 903 238 982 Restat,
257 904 297 966 ad
315 901 530 966 absolvendam
550 903 626 964 hanc
652 903 689 964 de
711 901 886 984 philosophi
909 907 1030 990 scriptis
1051 910 1154 993 dispu-

59 1010 191 1091 tationem,
210 1017 245 1075 ut
266 1010 384 1093 singula
403 1010 573 1073 accuratius
599 1014 825 1090 pertractemus.

373 1265 413 1322 Α.
461 1260 597 1318 sonunt
621 1261 767 1318 nonaum
790 1265 818 1330 γ.

126 1399 147 1462 l.
188 1401 222 1480 1)
250 1401 446 1490 Πυθαγόρης.
495 1399 593 1478 Ηιιῑιιο
627 1398 729 1480 operis
757 1398 893 1463 meminit
919 1399 1075 1484 Diogenes
1102 1404 1154 1469 lib.

58 1501 104 1580 lX,
123 1507 174 1570 38:
187 1501 278 1574 ’ἀλλὰ
300 1511 351 1574 καὶ
373 1511 468 1575 αὐτοῦ
488 1511 542 1570 τοῦ
559 1502 744 1591 Πυθαγόρου
765 1505 915 1592 μέμνηται
937 1510 996 1590 (sc.
1017 1510 1032 1572 ὁ
1053 1510 1154 1594 Δημύ-

57 1616 153 1693 ιριτοτ)
174 1615 346 1702 θαυμάζων
370 1618 461 1682 αὐτὸν
488 1613 518 1678 ἐν
548 1616 593 1698 τῷ
615 1611 772 1698 ὁμωνύμῳ
791 1614 1009 1699 συγγράμματι,
1027 1618 1080 1681 ubi
1100 1640 1155 1701 po-

57 1721 151 1782 strema
172 1725 268 1789 verba
294 1725 519 1808 interpretanda
541 1728 611 1786 suut
637 1724 672 1782 in
702 1719 780 1782 libro
799 1721 930 1802 αρἰαιὶοω
952 1729 1087 1789 nominis
1106 1729 1155 1790 vel

58 1823 85 1880 t'n
104 1845 183 1906 opere
210 1835 394 1916 cognomini
421 1833 440 1896 i.
463 1853 488 1895 e.
518 1831 550 1894 iu
574 1829 729 1892 volumine
760 1829 950 1910 Pythagorae
972 1834 1093 1896 nominc
1112 1835 1156 1897 in·

58 1930 163 2011 scripto.
204 1941 356 2021 Diogenis
376 1940 470 2002 verba
490 1941 522 2002 m
541 1936 710 2000 Violarium
730 1933 937 2018 transscripsit
955 1940 1093 2005 Endocia
1108 1963 1155 2023 ap.

58 2034 161 2104 l'illois
182 2044 301 2110 Anecd.
327 2049 379 2111 Gr.
399 2047 460 2110 vol.
480 2048 543 2126 lp.
566 2046 641 2108 134:
670 2042 752 2106 ἀλλὰ
779 2044 831 2106 καὶ
854 2044 950 2108 αὐτοῦ
973 2051 1028 2111 τοῦ
1053 2045 1155 2112 Ποθα-

55 2137 134 2226 ’γὸροο
155 2153 339 2238 μεμνῆσθαι,
359 2153 558 2239 θαυμάζοντα
586 2149 678 2214 αὐτὸν
702 2151 733 2213 ἐν
760 2154 804 2235 τῷ
828 2150 984 2238 ὁμωνύμῳ
1007 2157 1155 2240 συγγράμ-

59 2271 124 2329 ματι.
161 2261 325 2353 Caeterum
353 2261 544 2344 deperditum
564 2261 645 2321 hunc
663 2259 829 2322 Democriti
847 2259 959 2324 librum
983 2261 1022 2323 ad
1044 2281 1157 2342 cogno

60 2364 186 2430 scendum
208 2371 413 2451 Pythagoram
441 2369 567 2452 ejusque
593 2366 734 2448 dogmata
760 2366 947 2448 dispicienda
965 2368 1157 2432 utilissimum

60 2463 145 2550 fuisse,
166 2494 259 2540 nemo
282 2497 346 2539 non
368 2475 514 2556 intelligit.

130 2580 162 2659 2)
184 2579 262 2668 Περὶ
282 2585 336 2665 τῆς
352 2585 408 2646 τοῦ
437 2585 537 2666 σοφοῦ
563 2579 737 2650 traiector.
764 2581 844 2644 ltlale
865 2581 1024 2644 Fabricius
1044 2590 1158 2646 utrum-

60 2685 232 2760 qnehmlum
245 2689 363 2770 jungit:
390 2686 576 2773 Πυθαγόρης
593 2687 612 2772 ἢ
634 2688 704 2772 περὶ
723 2692 777 2772 τῆς
795 2691 850 2750 τοῦ
870 2691 971 2771 σοροῦ
994 2683 1157 2759 διαθέσιοςῖ

129 2793 161 2875 3)
190 2794 270 2881 Περὶ
301 2801 362 2858 τῶν
404 2792 436 2858 ἐν
471 2789 560 2880 ᾅδου.
617 2797 670 2859 Sic
702 2796 894 2860 scribendum
928 2813 996 2856 esse
1025 2816 1083 2878 pro
1119 2818 1157 2861 eo

59 2899 128 2974 quod
156 2903 228 2966 olim
258 2904 340 2984 apud
365 2904 518 2967 Lacrtium
549 2902 707 2984 legebatur
742 2903 812 2988 περὶ
839 2907 899 2964 τῶν
930 2898 961 2964 ἐν
991 2894 1066 2986 ᾅδῃ,
1098 2905 1159 2984 pri-

61 3009 210 3073 1¹lusuidit
244 3011 412 3092 hlenagius
463 3011 574 3074 Suidas
602 3029 680 3073 voce
712 3005 918 3092 Τριτογένεια·
969 3008 1160 3094 Δημόκριτος

62 3103 76 3164 ὅ
104 3107 283 3202 Ἀβδηρίτης
313 3115 430 3202 ἔγραψε
459 3116 536 3202 Περὶ
563 3121 624 3181 τῶν
660 3116 691 3179 ἐν
733 3109 821 3200 ᾅδου.
872 3114 1032 3179 Praeterea
1066 3115 1160 3179 Athe-

62 3229 139 3281 naeus
164 3223 215 3288 lib.
246 3226 361 3302 1v,19
394 3225 438 3307 (p.
463 3226 532 3288 168.
544 3226 594 3306 B.)
625 3225 759 3304 ejusdem
787 3222 857 3284 libri
887 3225 1068 3286 mentionem
1096 3245 1160 3286 mo-

61 3327 101 3381 tet
131 3326 164 3392 iis
189 3351 269 3415 quae
294 3333 356 3410 jam
384 3353 477 3413 supra
506 3331 660 3396 attulimus
686 3332 805 3393 verbis:
826 3331 876 3392 καὶ
904 3329 1094 3415 Δημόκριτον
1130 3325 1157 3394 δ’

60 3417 220 3516 Ἀβδηρῖται
253 3437 388 3522 δημοσία
423 3438 574 3523 κρίνοντες
605 3441 647 3505 ὡς
678 3434 913 3522 κατεφθαρκότα
949 3435 987 3500 τὰ
1014 3440 1160 3522 πατρῷα,

63 3525 118 3596 lael
151 3541 299 3626 ἀναγνοὺς
339 3544 443 3613 αὐτοῖς
484 3545 536 3609 τὸν
575 3541 681 3626 Μέγαν
720 3542 893 3625 Διάκοαμον
933 3541 984 3608 καὶ
1022 3541 1060 3606 τὰ
1092 3543 1161 3628 περὶ

62 3641 112 3701 tha
141 3643 170 3710 tr
206 3642 284 3734 ᾅδου
317 3650 412 3714 εἰπὼν
448 3653 520 3734 fleg.
559 3649 641 3714 εἶπεν
675 3672 744 3714 curn
774 3652 938 3715 lluebnero
970 3652 1008 3714 ad
1042 3652 1160 3732 hlenag.

63 3801 247 3834 Ν-----

123 3927 142 3990 ¹l
161 3931 197 3984 De
214 3933 256 3985 his
273 3931 407 3998 Diogenes
425 3933 511 3984 Lacrt.
532 3931 575 3984 lib.
595 3932 636 3994 lll,
654 3928 688 3982 46
708 3933 763 3982 stc:
790 3926 843 3981 tarr
867 3925 894 3980 et
912 3923 993 4000 ἠθικὰ
1013 3927 1060 3996 μιν
1084 3925 1161 3980 rior·

67 3993 211 4082 Πθθηόρης,
232 4008 294 4083 Πιρὶ
311 4016 358 4083 τῆς
377 4015 424 4064 τοῦ
445 4015 528 4082 σοφοῦ
547 4007 685 4072 trahimus,
706 4007 768 4080 llrpl
785 4013 838 4059 τῶν
858 4007 885 4059 ἐν
906 4001 980 4078 ᾅδου,
1001 4005 1162 4080 Τριτογένεια

67 4077 139 4138 [illst
155 4086 182 4141 et
202 4091 280 4156 ἐστιν,
302 4089 341 4144 ὅτι
358 4091 415 4162 τρία
434 4091 528 4161 γίνιται
547 4089 575 4152 ἐξ
590 4089 681 4162 attha,
699 4090 715 4142 θ
733 4089 817 4142 πάντα
830 4087 863 4139 τὰ
875 4084 1025 4159 ἀνθρώπινα
1044 4087 1163 4160 catiger).

66 4151 119 4231 ntil
132 4163 300 4243 ἀνδραγαθίης
319 4171 337 4244 ἢ
356 4171 414 4244 περὶ
433 4171 535 4244 ἀρετῆς,
551 4167 711 4241 Ἀμαλθείης
729 4169 818 4240 κέρας,
840 4165 902 4241 Περὶ
919 4164 1053 4238 ιθθνμίης.
1087 4165 1163 4222 ‘lito-

66 4245 191 4311 arratam
210 4251 226 4324 ἦ
248 4250 328 4308 claua
347 4255 405 4320 (leg.
423 4249 582 4326 ἠθικῶν)·ἡ
602 4251 650 4324 γὰρ
667 4249 764 4340 sicoris
781 4247 832 4322 οὐχ
850 4247 1002 4321 εὑρίσκεται.

897 4344 918 4405 8
