2932 4862
347 273 432 328 Liber
449 272 500 329 itt.
534 271 605 328 Atio.
625 273 660 326 aii
679 273 756 330 Dum.
775 291 818 346 ep.
836 275 932 348 fragm.
1133 276 1198 340 359

87 443 216 526 quodam
237 443 341 504 affiatu
368 439 454 523 qussi
481 437 626 500 furoris.”
676 439 772 502 Paulo
801 439 887 502 aliter
907 447 997 524 atque
1023 451 1056 506 ut
1077 444 1196 507 videtur

86 551 186 615 minues
208 557 291 615 recte
311 547 455 612 Horatius
481 545 567 627 epist.
590 548 629 608 ad
648 546 707 610 Pis.
728 566 755 609 v.
778 550 856 612 295:
1124 533 1129 546 '

322 666 459 730 ingenium
476 665 574 718 misera
592 665 654 730 quia
672 663 835 716 fortunatius
851 652 910 716 arta

320 746 419 806 Credit,
439 749 467 796 et
482 745 599 796 excludit
617 758 698 798 sanos
717 745 842 796 iieiiconc
861 746 957 809 postes

321 827 501 886 Democritus,
520 853 587 863 -

173 945 200 1006 3.
243 945 276 1004 iu
297 941 397 1004 verbis
414 940 616 1003 Democriteis
628 939 736 1023 φύσιος
755 940 964 1021 rescripsimus
983 960 1041 1020 pro
1063 937 1194 1024 φύσεως.

173 1071 201 1131 4.
242 1067 394 1131 Censebat
411 1066 616 1142 Democritus,
644 1066 778 1127 omuimu
801 1066 912 1145 primas
935 1086 986 1128 eas
1009 1067 1143 1126 iuventas
1166 1073 1196 1126 et

89 1178 238 1258 periectos
258 1195 326 1237 esse
347 1181 436 1252 artes,
459 1193 536 1256 quae
559 1173 597 1234 ad
620 1172 774 1236 homiuum
795 1175 884 1234 vitam
912 1173 1038 1234 unanime
1059 1191 1197 1234 necessa-

88 1286 152 1346 riae
173 1289 281 1359 esseut,
302 1289 489 1362 postsecus,
509 1299 586 1362 quac
598 1279 755 1341 utilitatem
774 1289 804 1343 et
823 1281 1006 1361 voluptatem
1020 1281 1195 1343 mortalibus

86 1388 276 1472 praeberent
326 1388 531 1470 Quamobrem
564 1387 726 1463 musicam,
755 1409 844 1469 quern
879 1387 929 1449 elii
963 1388 1197 1471 antiquissimam

86 1519 156 1563 esse
176 1497 330 1573 volebant,
356 1496 387 1556 iu
414 1515 518 1557 cerum
543 1514 669 1557 numero
699 1495 807 1556 artium
827 1496 972 1576 ponebat,
994 1515 1122 1576 qrrarum
1142 1516 1199 1576 po-

86 1608 200 1670 sterior
227 1605 347 1666 demum
374 1608 456 1665 netes
486 1602 633 1664 inventrix
658 1609 738 1664 esset
765 1603 908 1664 habende.
957 1604 1114 1666 Rossinius
1138 1605 1196 1666 boc

86 1717 289 1793 fragmentum
317 1712 347 1772 in
376 1711 456 1773 buuc
487 1710 612 1772 modum
638 1709 746 1771 edidit:
790 1707 980 1792 Δημόκριτος
1012 1709 1066 1791 μὲν
1088 1710 1197 1786 τοίνυν,

87 1822 168 1904 ἀνὴρ
199 1817 235 1880 οὐ
267 1818 534 1900 φυοιολογώτατοτ
564 1816 657 1900 μόνον
680 1820 739 1879 τῶν
763 1816 912 1901 ἀρχαίων,
935 1817 1015 1880 ἀλλά
1038 1817 1197 1880 καὶτῶν

88 1923 408 2010 ἱστορουμένων,
444 1921 540 1986 οὐδὲ
579 1925 745 2008 νεότητα
774 1910 1019 2007 πολυπράγμων,
1052 1926 1198 2008 μουσικήν

88 2058 168 2122 φησι
185 2031 338 2115 νεωτέραν
355 2029 443 2107 εἶναι,
463 2030 581 2114 καὶτῂν
594 2027 691 2094 αἰτίαν
712 2031 882 2104 ἀποδίδωσι
905 2029 1018 2112 λέγων·
1043 2035 1088 2116 μὴ
1112 2033 1199 2096 ἀπο-

87 2141 207 2226 κρίνω
231 2137 499 2220 τ’ἀναγκαῖον,
529 2137 610 2202 ἀλλά
639 2137 679 2200 ἐν
704 2142 758 2200 τοῦ
785 2141 960 2221 περιεῦντος
983 2139 1043 2222 ἤδη
1063 2139 1200 2222 γίνεσθαι

87 2276 113 2315 κ.
139 2271 164 2311 τ.
186 2235 214 2310 λ’.
258 2247 496 2329 Papencordtius
519 2267 587 2327 pag.
608 2249 649 2309 ui
674 2245 767 2308 scribi
787 2246 883 2307 voluit
906 2243 980 2308 οὐδὲ
1005 2245 1146 2328 νεότητος
1170 2257 1201 2309 ct

88 2359 124 2422 ἐκ
146 2357 200 2419 τοῦ
229 2356 411 2438 nepesinum.
463 2354 684 2416 lleimsoetbius
711 2373 779 2434 pag.
803 2355 843 2415 ts
868 2354 1001 2415 exaravit
1028 2351 1101 2415 οὐδὲ
1134 2354 1198 2416 νεό-

87 2462 154 2549 τηά
180 2461 216 2526 ἀν
255 2469 286 2524 et
314 2459 348 2524 ἐκ
377 2465 432 2524 τοῦ
462 2463 647 2543 περιεῦντος.
700 2459 763 2523 Sed
799 2462 854 2522 bea
877 2461 1101 2523 ernendetiunes
1138 2483 1200 2524 uon

87 2572 251 2637 sufiiciunt
296 2571 398 2650 {tuque
426 2568 590 2630 audaciore
614 2567 732 2630 medela
750 2589 829 2648 opus
858 2570 921 2646 fuit,
944 2589 1094 2652 quonum
1117 2591 1200 2632 sana-

87 2680 187 2744 verim
204 2679 315 2754 iocum,
335 2677 386 2738 alii
404 2675 594 2755 judicabunt

178 2815 207 2874 5.
250 2807 385 2888 Reposui
408 2806 541 2869 ἐνθαῦτα
564 2813 594 2868 et
613 2805 692 2888 ἠέρα
712 2827 769 2887 pro
790 2805 923 2868 ἐνταῦθα
940 2813 970 2868 et
987 2806 1075 2890 ἀέρα.
1105 2811 1201 2870 Porro

89 2915 318 3001 διαμυθέεολλαι
339 2915 451 2978 mutavi
482 2915 513 2976 iu
537 2912 798 2996 stupefecerunt,
834 2922 868 2978 ut
883 2917 948 2994 jem
970 2915 1111 2976 Heinsius
1133 2936 1202 2977 ccr-

90 3033 212 3089 rexerat
232 3029 263 3086 et
281 3041 380 3105 nuper
403 3029 531 3103 propter
552 3021 660 3083 Orelfii
688 3025 811 3102 (opusc.
835 3023 856 3097 i,
878 3044 907 3100 p.
934 3023 1008 3101 130)
1031 3024 1203 3084 socordiam

90 3137 194 3196 denuo
221 3131 413 3192 Burcbardus
442 3131 552 3211 disput
581 3129 619 3190 de
646 3131 787 3190 Deumcr.
817 3130 920 3208 fragm.
953 3131 1202 3210 e'fbeopbrusto

92 3241 221 3306 servetis
252 3260 280 3318 p.
301 3239 331 3300 9.
381 3239 454 3300 Post
485 3235 656 3320 μυλλέευλλαι
677 3237 777 3298 αιΙιΙίιλί
800 3235 960 3316 οἰομένους
984 3237 1045 3312 bru
1075 3237 1204 3320 denique

91 3345 276 3434 ἀφαιρέεται
297 3345 434 3406 corruerti
461 3346 492 3406 iu
519 3341 707 3425 ἀπαιρέεται.
751 3345 912 3406 Caeterrim
938 3353 1019 3408 recte
1041 3367 1073 3408 sc
1094 3348 1203 3408 babere

92 3457 152 3520 Δία
182 3449 354 3536 potissim
382 3451 511 3514 efficitur
532 3471 570 3514 ex
592 3452 725 3530 ejusdem
745 3451 910 3514 Clementis
932 3455 1074 3516 Stromst.
1095 3455 1146 3515 fib.
1167 3457 1204 3528 V,

93 3587 122 3644 p.
147 3565 226 3625 589:
242 3555 282 3622 Ὃ
306 3557 363 3642 γὰρ
387 3556 437 3620 διὰ
465 3563 525 3621 τῶν
552 3559 731 3642 ποιημάτων
752 3559 803 3621 καὶ
822 3561 1033 3644 καταλογάδην
1058 3585 1204 3644 συγγραμ-

95 3672 200 3754 μάτων
222 3665 372 3751 ᾀδάμενος
393 3663 472 3734 Ζεὺς
498 3667 551 3749 τὴν
580 3662 696 3728 ἔννοιαν
719 3665 767 3728 ἐπὶ
789 3667 840 3729 τὸν
860 3665 932 3729 θεὸν
956 3669 1122 3753 ἀναφέρει·
1145 3669 1205 3752 ἤδη

95 3777 143 3856 δέ,
172 3779 214 3843 ὡς
242 3774 356 3854 εἰπεῖν,
383 3772 434 3837 ὑπ’
469 3772 564 3856 uinis
596 3775 612 3836 b
641 3773 830 3858 Δημόκριτος
865 3773 945 3838 εἷναί
973 3797 1054 3844 τινας
1086 3776 1207 3858 ἀλύρους

95 3885 208 3966 γράφει
229 3886 288 3944 τῶν
312 3881 496 3966 ἀνθρώπων,
521 3882 552 3944 οἳ
574 3883 611 3964 δὴ
635 3882 841 3951 ἀνατείναντες
861 3881 915 3950 τάς
936 3889 1043 3969 χεῖρας
1064 3884 1206 3963 ἐνθαῦτα,

98 3990 132 4052 ἀν
157 3993 209 4054 νῦν
239 3988 318 4074 ἠέρα
343 3990 495 4072 καλέομεν
522 3989 552 4052 οἱ
570 3985 721 4072 Ἕλληνες
749 3993 855 4068 πάντα,
879 3993 937 4055 Δία
960 3993 1125 4075 μυθέονται
1147 3997 1207 4070 (sic

98 4117 179 4162 corr.
201 4119 257 4178 pro
281 4093 359 4166 Ζευς
379 4097 558 4180 uobiscum·
586 4101 636 4162 καὶ
664 4099 762 4162 πάντα
787 4097 876 4168 οὗτος
897 4098 963 4164 οἶδε
985 4102 1035 4164 καὶ
1058 4103 1140 4166 διδοῖ
1158 4106 1209 4168 καὶ

99 4203 278 4289 ἀπαιρέεται
311 4205 360 4268 καλ
398 4205 540 4288 βασιλεὺς
573 4205 662 4275 οὗτος
689 4211 748 4270 τῶν
780 4209 911 4271 ττάντων.
971 4213 1208 4294 Ριμτιιυουιλιίυο
