2956 4860
291 289 334 356 46
618 284 814 348 Quaestionum
843 281 1077 340 Democritenrnnr

292 456 451 522 XXXVII
481 451 573 517 telem
596 461 698 516 narrat
726 449 865 514 tabellam
895 449 935 514 ad
959 450 1115 513 Persicum
1139 449 1312 516 Democriti
1348 452 1408 515 iter

293 565 499 650 pertinentem.
548 561 642 640 AJuut
677 559 902 634 Democritum,
934 577 1027 638 quum
1054 559 1138 622 nullo
1172 560 1265 622 modo
1300 569 1409 640 posset

292 674 418 737 Darium
445 671 494 734 cni
524 669 616 750 paulo
653 675 721 732 autc
752 686 831 730 uxor
861 665 1064 746 pulcherrima
1094 667 1197 730 evita
1224 675 1408 745 excesserat,

295 780 455 856 consolari,
474 798 507 842 se
524 776 568 838 illi
590 783 741 841 mortuom
760 775 791 838 in
812 775 901 838 vitem
922 781 1134 838 revocaturum
1154 775 1275 851 dixisse,
1296 775 1323 837 si
1345 776 1411 838 vel-

293 889 337 952 let
360 907 410 952 res
429 886 467 949 ad
487 886 546 948 boc
568 884 754 949 necessarias
775 881 986 962 suppeditare3
1009 903 1162 967 quormque
1190 903 1245 946 rex
1271 902 1341 945 eum
1357 884 1411 962 jn-

293 997 388 1074 beret,
411 993 494 1058 nulln
520 999 637 1056 sumtus
665 992 781 1056 ratione
809 989 925 1068 habita,
955 990 1103 1072 quidquid
1130 1011 1209 1074 opus
1230 996 1311 1056 esset
1328 992 1411 1054 acci-

295 1125 368 1187 pere
391 1102 599 1184 promissaque
625 1107 795 1182 praestare,
816 1104 880 1162 tum
901 1097 1068 1180 paullisper
1089 1107 1261 1164 cunctatum
1286 1099 1410 1176 dixisse,

295 1220 414 1276 caetera
436 1209 555 1292 quidem
583 1209 641 1272 sibi
665 1208 784 1270 abunde
812 1211 983 1287 suppetere,
1003 1227 1097 1270 unnm
1117 1209 1231 1286 deesse,
1259 1227 1358 1289 neque
1376 1207 1412 1269 id

296 1319 549 1404 quemadmodum
581 1316 681 1398 parari
709 1322 829 1397 posset,
862 1333 896 1376 se
926 1313 1112 1396 intelligere,
1143 1316 1268 1378 Darium
1298 1322 1412 1391 umen,

297 1428 348 1510 qni
375 1427 467 1490 totins
494 1424 584 1487 Asiae
618 1445 672 1486 rex
701 1429 799 1498 esset,
830 1422 918 1485 focile
951 1423 1081 1486 tortasse
1106 1424 1305 1487 inventurum.
1352 1423 1412 1486 iiic

270 1606 273 1615 Ι
297 1554 389 1616 quum
412 1540 533 1614 rogaret
553 1533 612 1609 iile,
636 1531 708 1614 quid
735 1531 854 1592 taudem
874 1537 935 1593 tam
956 1551 1095 1610 magnum
1116 1539 1203 1610 esset,
1225 1531 1308 1614 qnod
1324 1531 1411 1594 solus

297 1662 351 1704 rex
381 1642 534 1724 cognitum
562 1647 668 1722 posset
696 1639 822 1715 habere,
852 1638 1060 1702 Democritum
1084 1639 1278 1720 respondisse
1300 1640 1411 1716 icrunt,

297 1751 322 1812 si
348 1749 463 1811 tumulo
491 1749 596 1813 uxoris
624 1747 802 1810 inscriberet
827 1745 950 1809 nourina
975 1746 1066 1809 trium
1097 1746 1196 1810 luctus
1232 1747 1410 1826 expertium,

297 1856 377 1921 illam
399 1856 436 1918 ab
460 1856 562 1918 inieris
581 1877 649 1920 esse
670 1855 848 1928 redituram
877 1855 944 1916 fore
965 1855 1052 1932 enim,
1074 1862 1108 1918 nt
1130 1855 1282 1918 communi
1302 1855 1411 1918 mortis
1455 1899 1456 1938 γ

296 1962 364 2043 lege
392 1963 594 2026 erubesceret.
642 1964 689 2026 Ea
717 1983 751 2026 re
781 1962 957 2043 perturbato
985 1964 1080 2026 Dario
1108 1983 1206 2046 neque
1228 1981 1411 2046 quemquam

297 2071 475 2151 reperiente,
505 2070 554 2134 cui
573 2091 636 2134 non
667 2074 752 2134 triste
787 2069 899 2152 aliquid
930 2071 1097 2150 accidisset,
1122 2071 1331 2135 Democritum
1351 2091 1409 2152 pro

297 2198 352 2242 sue
386 2179 605 2244 cousuetudine
640 2182 786 2244 ridentem
812 2178 853 2240 ite
881 2179 974 2242 ictum
1004 2198 1088 2242 esse:
1133 2179 1172 2240 Et
1200 2187 1248 2257 tu,
1277 2179 1410 2242 omniurn

298 2285 491 2366 ineptissime,
522 2308 582 2350 uon
612 2289 726 2351 vereris
753 2288 846 2350 etinse
877 2285 997 2367 lugere,
1025 2286 1109 2367 quasi
1137 2307 1215 2350 unus
1245 2287 1319 2350 tanti
1340 2288 1410 2350 mali

297 2393 457 2474 particeps,
480 2417 573 2477 quum
594 2398 744 2459 neminem
762 2415 868 2458 eornm
890 2395 941 2476 qui
967 2415 1097 2476 unquam
1120 2396 1241 2458 inerunt
1261 2395 1327 2458 sine
1350 2397 1410 2477 pri-

297 2507 366 2562 vato
391 2501 494 2583 aliquo
513 2504 619 2567 dolore
640 2504 750 2566 vixisse
771 2502 923 2582 reperias?

381 2611 464 2672 Haec
495 2612 558 2672 iere
583 2612 620 2673 de
647 2610 815 2673 Democriti
839 2609 995 2674 itineribus
1016 2612 1056 2674 ad
1076 2609 1250 2691 peregrinos
1274 2613 1410 2675 nationes

298 2719 447 2798 susceptis
470 2719 501 2780 iu
527 2719 718 2802 antiquorum
747 2719 950 2782 voluminibus
972 2719 1093 2800 prodita
1115 2719 1309 2800 deprehendi
1349 2721 1411 2782 Au-

292 2825 435 2902 jieicnrns
464 2826 512 2889 hic
539 2847 575 2889 ea
604 2847 680 2910 qnae
708 2829 879 2890 Demetrius
905 2829 1030 2906 Magnes
1052 2826 1103 2908 ⁴³)
1131 2827 1213 2908 apud
1242 2829 1410 2910 Diogenem

298 2933 448 2993 Lucetium
477 2933 517 2996 eit
548 2935 759 2998 Democritum
787 2935 880 2997 intere
908 2935 1059 3012 voluisse,
1098 2955 1251 3018 quumque
1276 2935 1411 2998 Athenas

298 3038 429 3101 venisset
458 3043 499 3104 ob
529 3050 711 3106 contemtum
741 3043 856 3125 gloriae
885 3044 1010 3124 agnosci
1039 3043 1195 3119 noluisse,
1220 3050 1250 3105 et
1276 3044 1412 3124 quamtis

299 3148 433 3211 novisset
468 3152 640 3228 Socratem,
675 3152 713 3214 ab
749 3171 786 3214 eo
819 3161 916 3215 tomen
950 3152 1118 3232 ignoratrnn
1152 3171 1235 3228 esse,
1266 3151 1299 3214 id
1330 3153 1412 3234 qnod

299 3253 462 3318 Abderitae
487 3260 587 3322 verbis
609 3260 772 3322 testimonii
790 3258 860 3323 ioco
880 3281 917 3322 ex
936 3259 1015 3322 libro
1035 3259 1166 3342 quodam
1183 3260 1248 3337 ejus
1271 3260 1410 3340 prolatis:

298 3364 372 3424 oeni
397 3363 534 3428 Athenas
556 3387 653 3448 neque
680 3369 840 3448 quisquam
868 3387 915 3430 me
942 3370 1084 3449 ognovit,
1107 3368 1239 3449 probare
1259 3367 1410 3430 annititur.

300 3602 513 3679 δνσωπονμένην.
549 3607 743 3684 Ἀπορθγσεντος
768 3611 795 3664 ii
814 3617 860 3666 τοῦ
879 3607 988 3684 Δαρείου
1009 3613 1053 3665 καὶ
1071 3612 1171 3684 μηθένα
1189 3609 1271 3684 ἄνδρα
1290 3609 1411 3684 δυνηθὲν·

298 3705 342 3745 τος
362 3685 455 3760 εὑρεῖν,
474 3687 526 3762 ὅτῳ
545 3692 581 3763 μὴ
596 3693 640 3744 καὶ
659 3691 750 3746 παθεῖν
769 3692 883 3765 λυπηρόν
903 3712 927 3746 τι
951 3692 1107 3766 συνηνέχθη,
1126 3691 1272 3762 γελάσαντα
1293 3691 1411 3765 συνήθως

298 3765 342 3820 τὸν
360 3763 523 3842 Δημόκριτον
551 3773 645 3826 εἰπεῖν·
673 3771 740 3832 Ἔτι,
766 3775 788 3828 ὦ
814 3777 919 3826 πάντων
940 3774 1100 3834 decederem,
1125 3771 1228 3845 θρηνεῖς
1248 3773 1356 3845 ἀνέδην,
1377 3773 1412 3830 ὡς

300 3847 379 3917 μόνος
402 3849 510 3922 ἀλγεινῷ
539 3853 655 3924 τοσοθτῳ
679 3854 835 3923 συμπλακεὶς
860 3853 874 3908 b
898 3855 964 3925 μηδὲ
991 3855 1036 3908 ἕνα
1063 3861 1115 3906 τῶν
1143 3855 1248 3907 πώποτε
1267 3853 1411 3926 γεγονότων

299 3928 407 4001 ἄμοιρον
430 3932 525 3986 οἰκείου
551 3931 649 3994 πάθους
669 3936 738 4009 ἔχων
759 3934 854 4009 εὺρεῑν;

370 4025 408 4087 ⁴³]
433 4026 583 4082 Demetrius
612 4043 653 4093 up.
681 4029 755 4093 Diog.
782 4032 867 4081 Laert.
893 4029 936 4080 iib.
955 4027 996 4090 tx,
1015 4027 1049 4079 oo
1076 4025 1148 4078 δοκεῖ
1172 4024 1217 4080 δέ.
1244 4025 1344 4096 (ppei.)
1369 4023 1412 4076 καὶ

296 4096 426 4173 Ἀθήναζε
452 4105 535 4160 ἐλθεῖν
561 4110 606 4160 καὶ
636 4109 672 4180 μὴ
699 4107 842 4160 σπουδάσαι
869 4105 1017 4178 γνωσθῆναι
1044 4105 1121 4176 δόξης
1148 4112 1341 4178 καταφρονῶν,
1368 4105 1412 4156 καὶ

299 4180 392 4235 εἰδέναι
411 4186 459 4252 μὲν
484 4185 637 4259 Σωκράτην,
658 4185 805 4257 ἀγνοεῖσθαι
827 4187 855 4241 δὲ
874 4186 919 4240 irrr’
944 4187 1034 4240 circi.
1066 4182 1167 4239 Ἦλθον
1188 4188 1246 4258 γάρ,
1267 4187 1357 4260 φησίν,
1378 4183 1411 4242 eit

294 4251 420 4336 Ἀθήνας,
444 4267 489 4320 καὶ
508 4265 576 4328 οὗτος
598 4287 630 4337 με
648 4269 770 4339 ἔγνωκεν.
