2892 4872
292 297 354 366 118
614 301 812 366 Duratium
836 299 1070 356 Democritum

287 468 394 532 animis
419 467 669 530 immortalitatem
687 467 861 544 vindicaret,
892 467 946 530 sed
975 473 1011 529 ut
1035 465 1151 530 fabulas
1174 475 1320 548 poetarum
1339 468 1376 528 in-

288 575 384 656 geniis
406 577 541 638 inventas
567 583 657 657 atque
686 575 841 656 imperitae
866 573 1048 638 multitudini
1074 595 1093 637 5
1113 574 1213 638 multis
1240 575 1304 638 inde
1321 594 1375 636 sae

289 683 366 746 culis
393 683 523 746 creditas
551 681 711 746 refelleret.
770 681 926 763 Siquidem
961 683 1160 764 philosophus
1187 683 1376 758 Abderitarum,

289 798 325 854 ut
342 790 413 854 alibi
437 790 722 868 demonstravimus,
750 790 808 853 sibi
831 797 1033 871 persuaserat,
1062 790 1215 854 hominum
1243 789 1377 852 animose

290 898 431 978 corporis
453 897 580 962 vinculis
610 897 762 960 elabentes
788 899 871 962 illico
896 897 1006 979 perire,
1029 898 1083 961 sed
1101 897 1166 960 fieri
1188 907 1282 962 mmen
1300 914 1378 976 posse

289 1005 389 1068 causis
417 1004 614 1080 naturalibus,
637 1012 685 1083 ut,
713 1005 858 1068 redeunte
887 1005 926 1068 ad
947 1006 1073 1068 eandem
1094 1025 1267 1086 compagem
1286 1004 1379 1066 eodem

289 1131 417 1176 numero
440 1113 603 1176 earundem
621 1119 800 1191 atomorum,
820 1115 871 1196 qui
880 1115 945 1192 jam
963 1114 1103 1177 desiisset
1117 1115 1225 1190 vivere,
1240 1111 1377 1174 revivisce

290 1227 345 1284 ret.
388 1222 548 1284 Caeterum
566 1221 675 1302 lieyuii
693 1221 906 1302 suspicionem,
924 1221 976 1304 qui
994 1223 1067 1285 Eae.
1096 1221 1135 1284 ad
1156 1221 1236 1284 iliad
1255 1225 1275 1304 ψ
1305 1221 1378 1280 'lom

290 1327 359 1390 Vlll
373 1347 403 1407 p.
416 1331 475 1391 571
488 1329 610 1408 conjicit
624 1327 721 1392 solam
736 1330 861 1392 Homeri
877 1328 997 1398 νεκυίαν
1009 1349 1029 1391 5
1040 1328 1217 1392 Democrito
1232 1329 1286 1389 lroc
1299 1343 1378 1405 opere

290 1453 358 1498 esse
377 1436 542 1516 refutatam,
564 1455 754 1519 nequaquam
774 1436 948 1518 probamus
991 1435 1099 1500 Finem
1118 1437 1189 1500 huic
1208 1429 1380 1515 disputationi

289 1541 449 1622 imponens
471 1562 533 1608 non
554 1564 691 1627 possum,
709 1545 783 1627 quin
796 1563 970 1622 memorem,
986 1549 1143 1608 auctorem
1162 1541 1300 1626 epistolae
1316 1557 1379 1622 quae

289 1649 419 1712 Senatus
446 1653 614 1736 populique
643 1653 819 1716 Abderitani
845 1653 967 1716 nomine
993 1651 1032 1714 ad
1053 1651 1267 1733 Hippocratem
1284 1647 1379 1728 scripta

288 1775 356 1820 esse
368 1757 486 1836 dicitur,
500 1761 580 1824 hunc
595 1762 633 1826 de
647 1780 709 1843 quo
723 1760 920 1825 disseruimus
935 1759 1103 1822 Democriti
1117 1760 1225 1822 librum
1239 1757 1378 1838 respicere.

286 1861 340 1928 Ait
366 1866 445 1928 enim
469 1869 504 1932 T.
528 1869 554 1930 11
583 1870 895 1952 5157355155.
929 1869 980 1950 (T.
999 1868 1040 1930 111
1066 1888 1097 1948 p.
1121 1871 1182 1932 775
1209 1867 1254 1930 ed.
1283 1861 1377 1938 Kilm.)

289 1972 377 2054 ζητεῖ
400 1973 435 2036 δὲ
463 1973 480 2036 ὁ
509 1973 585 2059 ἀνὴρ
619 1976 672 2040 καὶ
698 1977 769 2062 περὶ
798 1979 859 2039 τῶν
888 1975 920 2038 ἐν
939 1969 1052 2038 Ἃιδου
1079 1975 1132 2038 καὶ
1157 1975 1266 2060 γράφει
1290 1973 1377 2034 reiro.

291 2079 383 2159 Quod
406 2101 480 2146 vero
510 2083 549 2145 ad
573 2084 797 2163 wyttenbachii
822 2085 997 2164 opinionem
1023 2083 1145 2162 attinet,
1166 2084 1218 2167 qui
1238 2083 1266 2143 in
1286 2079 1377 2158 disput

290 2183 328 2246 de
349 2186 440 2249 animi
470 2189 694 2254 immortalitate
715 2213 821 2273 opusc.
850 2194 885 2254 T.
904 2193 929 2254 11
959 2213 989 2274 p.
1013 2194 1072 2255 551
1101 2192 1213 2256 diserte
1231 2191 1270 2252 ait
1287 2190 1378 2250 Demo

289 2291 376 2354 critei
402 2294 491 2376 hujus
519 2299 622 2380 operis
645 2307 762 2381 partem
790 2299 939 2381 quandam
967 2300 1005 2362 de
1032 2298 1232 2363 reviviscendi
1249 2292 1377 2378 promisso

290 2403 444 2481 tractasse,
472 2405 560 2484 cujus
582 2408 695 2470 mentio
716 2408 750 2470 fit
777 2429 795 2471 a
815 2407 914 2470 Plinio
933 2407 1007 2470 liist.
1029 2407 1100 2470 Nat.
1122 2409 1188 2486 Vll,
1209 2408 1248 2470 56
1272 2405 1321 2484 (55
1340 2399 1376 2462 ed

288 2511 393 2588 vett.):
415 2510 503 2574 valde
524 2529 641 2593 vereor,
666 2533 705 2580 ne
726 2517 774 2578 vir
800 2515 1020 2579 eruditissimus
1041 2515 1132 2579 Plinii
1149 2517 1250 2580 locum
1268 2529 1324 2574 non
1344 2507 1377 2568 in

288 2617 430 2695 spexerit.
470 2621 563 2701 Quod
583 2641 645 2706 quo
664 2624 777 2687 certius
797 2623 1007 2705 perspiciatur,
1024 2623 1091 2705 ipsa
1112 2625 1201 2687 Plinii
1220 2621 1307 2684 verba
1321 2613 1379 2678 alle

288 2741 403 2802 gemus.
439 2729 635 2807 „Pueritiam
657 2731 765 2814 inquit,
786 2732 843 2794 ista
865 2732 1126 2796 dclinimentorum
1145 2732 1303 2811 avidaeque
1318 2741 1378 2786 auu·

289 2850 379 2911 quam
397 2833 536 2900 desinere
560 2837 750 2902 mortalitatis
772 2845 942 2904 commenta
963 2844 1041 2903 sunt.
1069 2841 1132 2919 (De
1145 2839 1184 2902 iis
1195 2836 1328 2921 loquitur,
1336 2827 1378 2912 qui

216 2995 223 3011 ,
289 2937 443 3004 hominum
472 2945 578 3008 animis
609 2947 861 3011 immortalitatem
892 2949 1028 3011 tribuunt
1054 2947 1093 3009 ad
1114 2965 1240 3030 eamque
1259 2939 1377 3006 tuendam

289 3047 380 3110 variis
398 3051 565 3116 rationibus
584 3055 732 3134 utuntur).
766 3055 879 3118 Similis
900 3056 987 3118 etde
1009 3056 1199 3118 asservandis
1219 3047 1377 3132 corporibus

290 3153 446 3218 hominum
472 3178 509 3222 55
540 3163 741 3226 reviviscendi
768 3165 918 3245 promissa
947 3163 1165 3226 aDemoorito
1196 3159 1310 3233 vanitas,
1335 3151 1376 3235 qui

288 3278 350 3322 non
371 3265 480 3326 revixit
498 3267 572 3347 ipse.
617 3275 704 3354 Quae
717 3272 858 3353 (malum)
874 3271 932 3334 ista
950 3270 1099 3333 dementia
1119 3263 1176 3348 est,
1188 3267 1284 3330 iterari
1303 3264 1375 3324 viram

288 3368 434 3432 morte?''
478 3372 636 3459 Nusquam
658 3379 804 3460 significat
825 3379 949 3457 Plinius,
969 3377 1052 3440 illam
1069 3375 1266 3440 reviviscendi
1282 3371 1375 3436 vanita-

288 3478 348 3534 tem
371 3476 507 3543 inlibris
535 3482 574 3545 de
602 3487 687 3551 Orco
708 3489 853 3552 confectis
877 3507 896 3549 5
920 3486 1097 3549 Democrito
1123 3485 1297 3568 promissam
1314 3489 1374 3540 1511·

288 3579 472 3667 Caeteroqui
496 3587 527 3648 in
556 3591 614 3652 hoc
643 3613 766 3676 qnoque
790 3595 901 3658 labitur
919 3594 1178 3676 Wyttcubacliins,
1200 3593 1278 3676 quod
1298 3582 1376 3669 pessi·

187 3721 189 3726 ·
286 3705 369 3750 mum
390 3699 546 3758 auctorem
573 3701 762 3765 Bructerum
794 3705 861 3767 hist.
884 3724 925 3766 cr.
958 3705 1008 3796 pn.
1035 3705 1070 3766 T.
1091 3703 1105 3764 1
1126 3723 1155 3782 p.
1177 3703 1256 3766 1195
1276 3695 1374 3762 excitat

286 3795 339 3876 qui
360 3797 399 3858 ad
410 3798 547 3884 Plinium,
567 3807 633 3870 sine
654 3809 748 3873 dubio
772 3811 821 3874 hio
840 3819 988 3874 errantem
1007 3832 1040 3876 se
1058 3814 1213 3896 applicans
1230 3825 1330 3872 nomm
1346 3815 1375 3858 cx

287 3903 352 3980 ejus
375 3907 477 3970 verbis
500 3912 609 3994 dogma
621 3917 873 3982 Democriticum:
894 3941 1023 4002 corpora
1044 3941 1122 4002 quoe
1133 3923 1297 4003 perr'eraat,
1309 3905 1375 3972 reti·

284 4013 417 4092 oe'scant,
448 4017 651 4100 colligendum
674 4026 814 4105 opinatus
839 4033 892 4090 est.
946 4029 1029 4090 Nihil
1056 4035 1155 4094 autem
1185 4050 1203 4091 5
1228 4009 1374 4088 Democriti

285 4119 480 4205 philosophia
500 4131 595 4210 magis
616 4132 746 4196 alienum
771 4140 825 4211 est,
847 4155 936 4218 quam
957 4138 1031 4200 haee
1054 4133 1250 4201 reviviscendi
1271 4125 1372 4191 vanites,

283 4245 360 4308 quae
376 4251 447 4294 num
466 4238 614 4313 pertineat
629 4242 667 4302 ad
691 4241 831 4308 fabellam
851 4243 999 4306 aduliano
1020 4245 1106 4325 epist
1117 4247 1157 4308 37
1172 4246 1209 4306 de
1220 4231 1373 4303 Democril⁰
