<?xml version="1.0" encoding="UTF-8"?>
<!DOCTYPE html PUBLIC "-//W3C//DTD XHTML 1.0 Transitional//EN"
    "http://www.w3.org/TR/xhtml1/DTD/xhtml1-transitional.dtd">
<html xmlns="http://www.w3.org/1999/xhtml" xml:lang="en" lang="en">
 <head>
  <title>
</title>
<meta http-equiv="Content-Type" content="text/html;charset=utf-8" />
  <meta name='ocr-system' content='tesseract 3.04.00' />
  <meta name='ocr-capabilities' content='ocr_page ocr_carea ocr_par ocr_line ocrx_word'/>
</head>
<body>
  <div class='ocr_page' id='page_1' title='image "./democritiabderi00mullgoog_0160.png"; bbox 0 0 2892 4872; ppageno 0'>
   <div class='ocr_carea' id='block_1_1' title="bbox 364 324 1181 402">
    <p class='ocr_par' dir='ltr' id='par_1_1' title="bbox 364 324 1181 402">
     <span class='ocr_line' id='line_1_1' title="bbox 364 324 1181 402; baseline 0.022 -22"><span class='ocrx_word' id='word_1_1' title='bbox 364 324 498 388; x_wconf 82' lang='lat' dir='ltr'>Liberll.</span> <span class='ocrx_word' id='word_1_2' title='bbox 528 327 572 383; x_wconf 83' lang='lat' dir='ltr'>Da</span> <span class='ocrx_word' id='word_1_3' title='bbox 589 325 741 384; x_wconf 76' lang='lat' dir='ltr'>Democriti</span> <span class='ocrx_word' id='word_1_4' title='bbox 758 327 879 402; x_wconf 82' lang='lat' dir='ltr'>rcriptia.</span> <span class='ocrx_word' id='word_1_5' title='bbox 1119 333 1181 400; x_wconf 79' lang='lat'>139</span> 
     </span>
    </p>
   </div>
   <div class='ocr_carea' id='block_1_2' title="bbox 82 487 1180 579">
    <p class='ocr_par' dir='ltr' id='par_1_2' title="bbox 82 487 1180 579">
     <span class='ocr_line' id='line_1_2' title="bbox 82 487 1180 579; baseline 0.012 -27"><span class='ocrx_word' id='word_1_6' title='bbox 82 487 185 569; x_wconf 86' lang='lat' dir='ltr'>primus</span> <span class='ocrx_word' id='word_1_7' title='bbox 202 491 341 556; x_wconf 85' lang='lat' dir='ltr'>volumen</span> <span class='ocrx_word' id='word_1_8' title='bbox 360 493 399 556; x_wconf 90' lang='lat' dir='ltr'>de</span> <span class='ocrx_word' id='word_1_9' title='bbox 420 513 525 557; x_wconf 78' lang='lat' dir='ltr'>eorunm</span> <span class='ocrx_word' id='word_1_10' title='bbox 547 493 654 558; x_wconf 83' lang='lat' dir='ltr'>eliceto</span> <span class='ocrx_word' id='word_1_11' title='bbox 676 495 857 575; x_wconf 77' lang='lat' dir='ltr'>composuit,</span> <span class='ocrx_word' id='word_1_12' title='bbox 877 494 1014 579; x_wconf 82' lang='lat' dir='ltr'>Apollini</span> <span class='ocrx_word' id='word_1_13' title='bbox 1035 498 1180 564; x_wconf 79' lang='lat' dir='ltr'>Aesctda-</span> 
     </span>
    </p>
   </div>
   <div class='ocr_carea' id='block_1_3' title="bbox 81 596 1179 700">
    <p class='ocr_par' dir='ltr' id='par_1_3' title="bbox 7 575 1179 704">
     <span class='ocr_line' id='line_1_3' title="bbox 81 596 1179 700; baseline 0.014 -41.99"><span class='ocrx_word' id='word_1_14' title='bbox 81 596 182 681; x_wconf 90' lang='lat' dir='ltr'>pioque</span> <span class='ocrx_word' id='word_1_15' title='bbox 203 607 233 664; x_wconf 93' lang='lat' dir='ltr'>et</span> <span class='ocrx_word' id='word_1_16' title='bbox 250 601 281 662; x_wconf 92' lang='lat' dir='ltr'>in</span> <span class='ocrx_word' id='word_1_17' title='bbox 307 607 406 664; x_wconf 90' lang='lat' dir='ltr'>totum</span> <span class='ocrx_word' id='word_1_18' title='bbox 427 602 484 664; x_wconf 91' lang='lat' dir='ltr'>diis</span> <span class='ocrx_word' id='word_1_19' title='bbox 505 601 724 666; x_wconf 78' lang='lat' dir='ltr'>immortalibus</span> <span class='ocrx_word' id='word_1_20' title='bbox 751 604 923 700; x_wconf 71' lang='lat' dir='ltr'>inventione</span> <span class='ocrx_word' id='word_1_21' title='bbox 942 615 972 670; x_wconf 90' lang='lat' dir='ltr'>et</span> <span class='ocrx_word' id='word_1_22' title='bbox 994 609 1110 690; x_wconf 80' lang='lat' dir='ltr'>origine</span> <span class='ocrx_word' id='word_1_23' title='bbox 1132 630 1179 672; x_wconf 90' lang='lat' dir='ltr'>as-</span> 
     </span>
    </p>
   </div>
   <div class='ocr_carea' id='block_1_4' title="bbox 76 705 1179 1664">
    <p class='ocr_par' dir='ltr' id='par_1_4' title="bbox 76 705 1179 1444">
     <span class='ocr_line' id='line_1_4' title="bbox 80 705 1179 796; baseline 0.015 -32"><span class='ocrx_word' id='word_1_24' title='bbox 80 705 196 785; x_wconf 80' lang='lat' dir='ltr'>signata:</span> <span class='ocrx_word' id='word_1_25' title='bbox 233 709 405 790; x_wconf 85' lang='lat' dir='ltr'>composuit</span> <span class='ocrx_word' id='word_1_26' title='bbox 440 717 470 773; x_wconf 91' lang='lat' dir='ltr'>et</span> <span class='ocrx_word' id='word_1_27' title='bbox 493 711 695 789; x_wconf 73' lang='lat' dir='ltr'>Democritum,</span> <span class='ocrx_word' id='word_1_28' title='bbox 725 712 815 776; x_wconf 89' lang='lat' dir='ltr'>ambo</span> <span class='ocrx_word' id='word_1_29' title='bbox 843 715 1010 796; x_wconf 86' lang='lat' dir='ltr'>peragratis</span> <span class='ocrx_word' id='word_1_30' title='bbox 1038 717 1179 795; x_wconf 80' lang='lat' dir='ltr'>Persidis,</span> 
     </span>
     <span class='ocr_line' id='line_1_5' title="bbox 79 811 1177 902; baseline 0.012 -29"><span class='ocrx_word' id='word_1_31' title='bbox 79 811 205 894; x_wconf 86' lang='lat' dir='ltr'>Arabiae,</span> <span class='ocrx_word' id='word_1_32' title='bbox 233 817 413 899; x_wconf 80' lang='lat' dir='ltr'>Aethiopiae</span> <span class='ocrx_word' id='word_1_33' title='bbox 440 819 630 901; x_wconf 78' lang='lat' dir='ltr'>Aegyptique</span> <span class='ocrx_word' id='word_1_34' title='bbox 650 820 756 900; x_wconf 83' lang='lat' dir='ltr'>Magia</span> <span class='ocrx_word' id='word_1_35' title='bbox 803 822 886 884; x_wconf 91' lang='lat' dir='ltr'>ldem</span> <span class='ocrx_word' id='word_1_36' title='bbox 909 824 959 888; x_wconf 87' lang='lat' dir='ltr'>lib.</span> <span class='ocrx_word' id='word_1_37' title='bbox 980 825 1100 902; x_wconf 81' lang='lat' dir='ltr'>xxiv,</span> <span class='ocrx_word' id='word_1_38' title='bbox 1123 828 1177 888; x_wconf 81' lang='lat'>17:</span> 
     </span>
     <span class='ocr_line' id='line_1_6' title="bbox 78 919 1178 1013; baseline 0.015 -33"><span class='ocrx_word' id='word_1_39' title='bbox 78 919 106 982; x_wconf 90' lang='lat' dir='ltr'>ln</span> <span class='ocrx_word' id='word_1_40' title='bbox 121 926 268 1003; x_wconf 89' lang='lat' dir='ltr'>promisso</span> <span class='ocrx_word' id='word_1_41' title='bbox 286 928 447 990; x_wconf 83' lang='lat' dir='ltr'>herbarum</span> <span class='ocrx_word' id='word_1_42' title='bbox 465 927 646 990; x_wconf 85' lang='lat' dir='ltr'>udrabilium</span> <span class='ocrx_word' id='word_1_43' title='bbox 673 929 809 992; x_wconf 86' lang='lat' dir='ltr'>occurrit</span> <span class='ocrx_word' id='word_1_44' title='bbox 836 929 935 1013; x_wconf 87' lang='lat' dir='ltr'>aliqua</span> <span class='ocrx_word' id='word_1_45' title='bbox 963 930 1065 995; x_wconf 86' lang='lat' dir='ltr'>dicere</span> <span class='ocrx_word' id='word_1_46' title='bbox 1086 939 1117 994; x_wconf 87' lang='lat' dir='ltr'>ct</span> <span class='ocrx_word' id='word_1_47' title='bbox 1139 934 1178 996; x_wconf 90' lang='lat' dir='ltr'>de</span> 
     </span>
     <span class='ocr_line' id='line_1_7' title="bbox 78 1031 1176 1118; baseline 0.011 -26"><span class='ocrx_word' id='word_1_48' title='bbox 78 1031 198 1112; x_wconf 86' lang='lat' dir='ltr'>magicis.</span> <span class='ocrx_word' id='word_1_49' title='bbox 236 1040 323 1118; x_wconf 82' lang='lat' dir='ltr'>Quae</span> <span class='ocrx_word' id='word_1_50' title='bbox 353 1035 432 1098; x_wconf 90' lang='lat' dir='ltr'>enim</span> <span class='ocrx_word' id='word_1_51' title='bbox 462 1035 661 1098; x_wconf 89' lang='lat' dir='ltr'>mirabiliores</span> <span class='ocrx_word' id='word_1_52' title='bbox 689 1038 780 1101; x_wconf 86' lang='lat' dir='ltr'>sunt?</span> <span class='ocrx_word' id='word_1_53' title='bbox 820 1039 914 1100; x_wconf 86' lang='lat' dir='ltr'>Primi</span> <span class='ocrx_word' id='word_1_54' title='bbox 939 1059 990 1102; x_wconf 88' lang='lat' dir='ltr'>eas</span> <span class='ocrx_word' id='word_1_55' title='bbox 1019 1038 1051 1100; x_wconf 93' lang='lat' dir='ltr'>in</span> <span class='ocrx_word' id='word_1_56' title='bbox 1070 1047 1176 1104; x_wconf 88' lang='lat' dir='ltr'>nostro</span> 
     </span>
     <span class='ocr_line' id='line_1_8' title="bbox 77 1139 1178 1226; baseline 0.014 -28"><span class='ocrx_word' id='word_1_57' title='bbox 77 1139 142 1202; x_wconf 88' lang='lat' dir='ltr'>orbe</span> <span class='ocrx_word' id='word_1_58' title='bbox 162 1143 355 1208; x_wconf 82' lang='lat' dir='ltr'>celebravere</span> <span class='ocrx_word' id='word_1_59' title='bbox 376 1145 563 1225; x_wconf 85' lang='lat' dir='ltr'>Pythagoras</span> <span class='ocrx_word' id='word_1_60' title='bbox 589 1151 679 1226; x_wconf 91' lang='lat' dir='ltr'>atque</span> <span class='ocrx_word' id='word_1_61' title='bbox 706 1146 909 1225; x_wconf 84' lang='lat' dir='ltr'>Democritus,</span> <span class='ocrx_word' id='word_1_62' title='bbox 932 1148 1097 1212; x_wconf 86' lang='lat' dir='ltr'>consectati</span> <span class='ocrx_word' id='word_1_63' title='bbox 1114 1151 1178 1212; x_wconf 75' lang='lat' dir='ltr'>Ma</span> 
     </span>
     <span class='ocr_line' id='line_1_9' title="bbox 76 1249 1179 1334; baseline 0.011 -24"><span class='ocrx_word' id='word_1_64' title='bbox 76 1265 131 1326; x_wconf 75' lang='lat' dir='ltr'>gos</span> <span class='ocrx_word' id='word_1_65' title='bbox 160 1249 247 1314; x_wconf 87' lang='lat' dir='ltr'>Adde</span> <span class='ocrx_word' id='word_1_66' title='bbox 269 1252 323 1316; x_wconf 89' lang='lat' dir='ltr'>lib.</span> <span class='ocrx_word' id='word_1_67' title='bbox 344 1254 430 1330; x_wconf 81' lang='lat' dir='ltr'>xlv,</span> <span class='ocrx_word' id='word_1_68' title='bbox 454 1257 480 1316; x_wconf 88' lang='lat' dir='ltr'>i.</span> <span class='ocrx_word' id='word_1_69' title='bbox 523 1253 580 1331; x_wconf 76' lang='lat' dir='ltr'>Cf,</span> <span class='ocrx_word' id='word_1_70' title='bbox 601 1253 628 1316; x_wconf 91' lang='lat' dir='ltr'>si</span> <span class='ocrx_word' id='word_1_71' title='bbox 650 1254 762 1334; x_wconf 88' lang='lat' dir='ltr'>volupe</span> <span class='ocrx_word' id='word_1_72' title='bbox 785 1265 838 1332; x_wconf 92' lang='lat' dir='ltr'>est,</span> <span class='ocrx_word' id='word_1_73' title='bbox 864 1256 997 1320; x_wconf 88' lang='lat' dir='ltr'>llistoire</span> <span class='ocrx_word' id='word_1_74' title='bbox 1021 1258 1059 1319; x_wconf 92' lang='lat' dir='ltr'>de</span> <span class='ocrx_word' id='word_1_75' title='bbox 1080 1256 1179 1322; x_wconf 80' lang='lat' dir='ltr'>l&#39;Aca·</span> 
     </span>
     <span class='ocr_line' id='line_1_10' title="bbox 77 1351 733 1444; baseline 0.012 -27"><span class='ocrx_word' id='word_1_76' title='bbox 77 1351 161 1421; x_wconf 76' lang='lat' dir='ltr'>demie</span> <span class='ocrx_word' id='word_1_77' title='bbox 181 1361 236 1424; x_wconf 90' lang='lat' dir='ltr'>des</span> <span class='ocrx_word' id='word_1_78' title='bbox 259 1361 350 1426; x_wconf 85' lang='lat' dir='ltr'>iuscr.</span> <span class='ocrx_word' id='word_1_79' title='bbox 372 1369 445 1424; x_wconf 84' lang='lat' dir='ltr'>ton.</span> <span class='ocrx_word' id='word_1_80' title='bbox 463 1363 503 1425; x_wconf 91' lang='lat' dir='ltr'>lll</span> <span class='ocrx_word' id='word_1_81' title='bbox 527 1383 558 1442; x_wconf 89' lang='lat' dir='ltr'>p.</span> <span class='ocrx_word' id='word_1_82' title='bbox 578 1362 640 1426; x_wconf 79' lang='lat'>335</span> <span class='ocrx_word' id='word_1_83' title='bbox 650 1381 733 1444; x_wconf 88' lang='lat' dir='ltr'>seqq.</span> 
     </span>
    </p>

    <p class='ocr_par' dir='ltr' id='par_1_5' title="bbox 76 1467 1179 1664">
     <span class='ocr_line' id='line_1_11' title="bbox 151 1467 1179 1557; baseline 0.006 -25"><span class='ocrx_word' id='word_1_84' title='bbox 151 1470 206 1551; x_wconf 82' lang='lat'>31)</span> <span class='ocrx_word' id='word_1_85' title='bbox 227 1467 330 1532; x_wconf 75' lang='grc' dir='ltr'>Αἰτίαι</span> <span class='ocrx_word' id='word_1_86' title='bbox 356 1471 426 1554; x_wconf 77' lang='grc' dir='ltr'>περὶ</span> <span class='ocrx_word' id='word_1_87' title='bbox 450 1473 539 1543; x_wconf 76' lang='grc' dir='ltr'>ζώων</span> <span class='ocrx_word' id='word_1_88' title='bbox 562 1468 597 1554; x_wconf 76' lang='grc' dir='ltr'>γ’.</span> <span class='ocrx_word' id='word_1_89' title='bbox 644 1471 694 1533; x_wconf 90' lang='lat' dir='ltr'>Ad</span> <span class='ocrx_word' id='word_1_90' title='bbox 724 1472 784 1533; x_wconf 90' lang='lat' dir='ltr'>hoe</span> <span class='ocrx_word' id='word_1_91' title='bbox 805 1471 984 1536; x_wconf 86' lang='lat' dir='ltr'>Abderitaui</span> <span class='ocrx_word' id='word_1_92' title='bbox 1002 1473 1179 1557; x_wconf 87' lang='lat' dir='ltr'>philosophi</span> 
     </span>
     <span class='ocr_line' id='line_1_12' title="bbox 76 1578 1177 1664; baseline 0.011 -30"><span class='ocrx_word' id='word_1_93' title='bbox 76 1588 145 1654; x_wconf 89' lang='lat' dir='ltr'>opus</span> <span class='ocrx_word' id='word_1_94' title='bbox 163 1579 338 1642; x_wconf 83' lang='lat' dir='ltr'>referuntur</span> <span class='ocrx_word' id='word_1_95' title='bbox 359 1581 508 1644; x_wconf 88' lang='lat' dir='ltr'>Ammiani</span> <span class='ocrx_word' id='word_1_96' title='bbox 529 1578 696 1642; x_wconf 87' lang='lat' dir='ltr'>Marcellini</span> <span class='ocrx_word' id='word_1_97' title='bbox 715 1581 818 1656; x_wconf 87' lang='lat' dir='ltr'>verba,</span> <span class='ocrx_word' id='word_1_98' title='bbox 841 1581 893 1664; x_wconf 94' lang='lat' dir='ltr'>qui</span> <span class='ocrx_word' id='word_1_99' title='bbox 914 1581 965 1647; x_wconf 91' lang='lat' dir='ltr'>lib.</span> <span class='ocrx_word' id='word_1_100' title='bbox 979 1583 1125 1660; x_wconf 86' lang='lat' dir='ltr'>XXVlll,</span> <span class='ocrx_word' id='word_1_101' title='bbox 1142 1585 1177 1646; x_wconf 81' lang='lat' dir='ltr'>t:</span> 
     </span>
    </p>
   </div>
   <div class='ocr_carea' id='block_1_5' title="bbox 7 1686 1177 1772">
    <p class='ocr_par' dir='ltr' id='par_1_6' title="bbox 7 1686 1177 1772">
     <span class='ocr_line' id='line_1_13' title="bbox 7 1686 1177 1772; baseline 0.011 -29"><span class='ocrx_word' id='word_1_102' title='bbox 7 1739 8 1752; x_wconf 68' lang='grc'>,</span> <span class='ocrx_word' id='word_1_103' title='bbox 76 1691 120 1758; x_wconf 87' lang='lat' dir='ltr'>„ut</span> <span class='ocrx_word' id='word_1_104' title='bbox 138 1686 339 1766; x_wconf 75' lang='lat' dir='ltr'>discissarum,</span> <span class='ocrx_word' id='word_1_105' title='bbox 367 1689 473 1772; x_wconf 90' lang='lat' dir='ltr'>inquit,</span> <span class='ocrx_word' id='word_1_106' title='bbox 498 1689 650 1770; x_wconf 89' lang='lat' dir='ltr'>pecudum</span> <span class='ocrx_word' id='word_1_107' title='bbox 677 1694 746 1750; x_wconf 89' lang='lat' dir='ltr'>exta</span> <span class='ocrx_word' id='word_1_108' title='bbox 775 1689 877 1754; x_wconf 86' lang='lat' dir='ltr'>rimari</span> <span class='ocrx_word' id='word_1_109' title='bbox 905 1712 974 1755; x_wconf 91' lang='lat' dir='ltr'>eum</span> <span class='ocrx_word' id='word_1_110' title='bbox 1001 1693 1177 1756; x_wconf 82' lang='lat' dir='ltr'>anatomicis</span> 
     </span>
    </p>
   </div>
   <div class='ocr_carea' id='block_1_6' title="bbox 75 1791 1179 2096">
    <p class='ocr_par' dir='ltr' id='par_1_7' title="bbox 75 1791 1179 2096">
     <span class='ocr_line' id='line_1_14' title="bbox 75 1791 1179 1881; baseline 0.011 -29"><span class='ocrx_word' id='word_1_111' title='bbox 75 1791 275 1861; x_wconf 86' lang='lat' dir='ltr'>Democritum</span> <span class='ocrx_word' id='word_1_112' title='bbox 296 1804 395 1880; x_wconf 91' lang='lat' dir='ltr'>putes,</span> <span class='ocrx_word' id='word_1_113' title='bbox 427 1797 595 1876; x_wconf 90' lang='lat' dir='ltr'>docentem,</span> <span class='ocrx_word' id='word_1_114' title='bbox 620 1795 730 1879; x_wconf 91' lang='lat' dir='ltr'>quibus</span> <span class='ocrx_word' id='word_1_115' title='bbox 756 1798 856 1862; x_wconf 83' lang='lat' dir='ltr'>modis</span> <span class='ocrx_word' id='word_1_116' title='bbox 882 1800 1043 1881; x_wconf 73' lang='lat' dir='ltr'>posteritas</span> <span class='ocrx_word' id='word_1_117' title='bbox 1064 1801 1179 1864; x_wconf 87' lang='lat' dir='ltr'>mederi</span> 
     </span>
     <span class='ocr_line' id='line_1_15' title="bbox 76 1898 1177 1989; baseline 0.01 -28"><span class='ocrx_word' id='word_1_118' title='bbox 76 1898 220 1969; x_wconf 87' lang='lat' dir='ltr'>doloribus</span> <span class='ocrx_word' id='word_1_119' title='bbox 239 1907 342 1989; x_wconf 90' lang='lat' dir='ltr'>possit</span> <span class='ocrx_word' id='word_1_120' title='bbox 361 1904 512 1970; x_wconf 90' lang='lat' dir='ltr'>internis.”</span> <span class='ocrx_word' id='word_1_121' title='bbox 546 1905 639 1988; x_wconf 81' lang='lat' dir='ltr'>Quod</span> <span class='ocrx_word' id='word_1_122' title='bbox 652 1903 812 1968; x_wconf 81' lang='lat' dir='ltr'>Fabricius</span> <span class='ocrx_word' id='word_1_123' title='bbox 828 1910 987 1988; x_wconf 81' lang='lat' dir='ltr'>conjectat,</span> <span class='ocrx_word' id='word_1_124' title='bbox 1003 1909 1177 1973; x_wconf 89' lang='lat' dir='ltr'>Aristotelis</span> 
     </span>
     <span class='ocr_line' id='line_1_16' title="bbox 76 2007 1177 2096; baseline 0.01 -27"><span class='ocrx_word' id='word_1_125' title='bbox 76 2007 107 2070; x_wconf 87' lang='lat' dir='ltr'>de</span> <span class='ocrx_word' id='word_1_126' title='bbox 127 2031 304 2080; x_wconf 81' lang='lat' dir='ltr'>aranearum</span> <span class='ocrx_word' id='word_1_127' title='bbox 331 2016 420 2079; x_wconf 85' lang='lat' dir='ltr'>textis</span> <span class='ocrx_word' id='word_1_128' title='bbox 452 2013 685 2095; x_wconf 85' lang='lat' dir='ltr'>disputationem</span> <span class='ocrx_word' id='word_1_129' title='bbox 715 2034 793 2096; x_wconf 85' lang='lat' dir='ltr'>quae</span> <span class='ocrx_word' id='word_1_130' title='bbox 822 2015 890 2078; x_wconf 88' lang='lat' dir='ltr'>hist.</span> <span class='ocrx_word' id='word_1_131' title='bbox 921 2017 1039 2080; x_wconf 82' lang='lat' dir='ltr'>anirual</span> <span class='ocrx_word' id='word_1_132' title='bbox 1060 2017 1112 2080; x_wconf 91' lang='lat' dir='ltr'>lib.</span> <span class='ocrx_word' id='word_1_133' title='bbox 1130 2019 1177 2080; x_wconf 89' lang='lat' dir='ltr'>IX</span> 
     </span>
    </p>
   </div>
   <div class='ocr_carea' id='block_1_7' title="bbox 7 2122 1179 2536">
    <p class='ocr_par' dir='ltr' id='par_1_8' title="bbox 7 2122 1179 2536">
     <span class='ocr_line' id='line_1_17' title="bbox 7 2122 1179 2205; baseline 0.003 -21"><span class='ocrx_word' id='word_1_134' title='bbox 7 2151 8 2156; x_wconf 41' lang='lat'>¹</span> <span class='ocrx_word' id='word_1_135' title='bbox 76 2135 131 2198; x_wconf 85' lang='lat' dir='ltr'>cap.</span> <span class='ocrx_word' id='word_1_136' title='bbox 140 2123 179 2185; x_wconf 83' lang='grc'>39</span> <span class='ocrx_word' id='word_1_137' title='bbox 199 2126 316 2188; x_wconf 87' lang='lat' dir='ltr'>inserta</span> <span class='ocrx_word' id='word_1_138' title='bbox 336 2124 456 2205; x_wconf 90' lang='lat' dir='ltr'>legitur,</span> <span class='ocrx_word' id='word_1_139' title='bbox 473 2143 511 2184; x_wconf 91' lang='lat' dir='ltr'>ex</span> <span class='ocrx_word' id='word_1_140' title='bbox 532 2122 578 2186; x_wconf 87' lang='lat' dir='ltr'>his</span> <span class='ocrx_word' id='word_1_141' title='bbox 589 2123 757 2185; x_wconf 89' lang='lat' dir='ltr'>Democriti</span> <span class='ocrx_word' id='word_1_142' title='bbox 766 2124 973 2188; x_wconf 73' lang='lat' dir='ltr'>voluminibus</span> <span class='ocrx_word' id='word_1_143' title='bbox 991 2125 1179 2205; x_wconf 88' lang='lat' dir='ltr'>depromtam</span> 
     </span>
     <span class='ocr_line' id='line_1_18' title="bbox 7 2229 1177 2315; baseline 0.009 -29"><span class='ocrx_word' id='word_1_144' title='bbox 7 2273 8 2288; x_wconf 39' lang='grc' dir='ltr'>ι</span> <span class='ocrx_word' id='word_1_145' title='bbox 76 2241 143 2304; x_wconf 80' lang='lat' dir='ltr'>esse,</span> <span class='ocrx_word' id='word_1_146' title='bbox 171 2232 202 2294; x_wconf 92' lang='lat' dir='ltr'>id</span> <span class='ocrx_word' id='word_1_147' title='bbox 229 2253 333 2315; x_wconf 88' lang='lat' dir='ltr'>neque</span> <span class='ocrx_word' id='word_1_148' title='bbox 361 2233 541 2296; x_wconf 87' lang='lat' dir='ltr'>confirmare</span> <span class='ocrx_word' id='word_1_149' title='bbox 572 2251 670 2312; x_wconf 92' lang='lat' dir='ltr'>neque</span> <span class='ocrx_word' id='word_1_150' title='bbox 699 2229 849 2294; x_wconf 85' lang='lat' dir='ltr'>infirmare</span> <span class='ocrx_word' id='word_1_151' title='bbox 870 2232 1054 2314; x_wconf 78' lang='lat' dir='ltr'>argumentis</span> <span class='ocrx_word' id='word_1_152' title='bbox 1072 2233 1177 2298; x_wconf 82' lang='lat' dir='ltr'>ausim.</span> 
     </span>
     <span class='ocr_line' id='line_1_19' title="bbox 7 2331 1178 2421; baseline 0.008 -25"><span class='ocrx_word' id='word_1_153' title='bbox 7 2413 8 2416; x_wconf 8' lang='grc' dir='ltr'><strong>Ἴ</strong></span> <span class='ocrx_word' id='word_1_154' title='bbox 74 2331 198 2421; x_wconf 87' lang='lat' dir='ltr'>Namque</span> <span class='ocrx_word' id='word_1_155' title='bbox 221 2341 393 2404; x_wconf 88' lang='lat' dir='ltr'>Democriti</span> <span class='ocrx_word' id='word_1_156' title='bbox 412 2359 523 2402; x_wconf 93' lang='lat' dir='ltr'>nomen</span> <span class='ocrx_word' id='word_1_157' title='bbox 544 2339 575 2402; x_wconf 88' lang='lat' dir='ltr'>iu</span> <span class='ocrx_word' id='word_1_158' title='bbox 594 2339 654 2402; x_wconf 86' lang='lat' dir='ltr'>fine</span> <span class='ocrx_word' id='word_1_159' title='bbox 673 2340 738 2418; x_wconf 89' lang='lat' dir='ltr'>ejus</span> <span class='ocrx_word' id='word_1_160' title='bbox 762 2340 959 2421; x_wconf 86' lang='lat' dir='ltr'>expositionis</span> <span class='ocrx_word' id='word_1_161' title='bbox 980 2349 1178 2405; x_wconf 87' lang='lat' dir='ltr'>memoratum</span> 
     </span>
     <span class='ocr_line' id='line_1_20' title="bbox 7 2441 1178 2536; baseline 0.006 -27"><span class='ocrx_word' id='word_1_162' title='bbox 7 2525 8 2536; x_wconf 13' lang='grc' dir='ltr'><strong>ἶ</strong></span> <span class='ocrx_word' id='word_1_163' title='bbox 74 2441 308 2525; x_wconf 72' lang='lat' dir='ltr'>adprobandum</span> <span class='ocrx_word' id='word_1_164' title='bbox 339 2450 417 2512; x_wconf 86' lang='lat' dir='ltr'>hane</span> <span class='ocrx_word' id='word_1_165' title='bbox 445 2448 650 2530; x_wconf 84' lang='lat' dir='ltr'>suspicionem</span> <span class='ocrx_word' id='word_1_166' title='bbox 682 2467 744 2510; x_wconf 90' lang='lat' dir='ltr'>nou</span> <span class='ocrx_word' id='word_1_167' title='bbox 773 2449 893 2514; x_wconf 77' lang='lat' dir='ltr'>sufficit.</span> <span class='ocrx_word' id='word_1_168' title='bbox 937 2449 1041 2514; x_wconf 88' lang='lat' dir='ltr'>Verba</span> <span class='ocrx_word' id='word_1_169' title='bbox 1069 2471 1178 2532; x_wconf 81' lang='lat' dir='ltr'>graeca</span> 
     </span>
    </p>
   </div>
   <div class='ocr_carea' id='block_1_8' title="bbox 73 2555 1181 4378">
    <p class='ocr_par' dir='ltr' id='par_1_9' title="bbox 73 2555 1181 4378">
     <span class='ocr_line' id='line_1_21' title="bbox 74 2555 1176 2644; baseline 0.008 -30"><span class='ocrx_word' id='word_1_170' title='bbox 74 2562 146 2616; x_wconf 84' lang='lat' dir='ltr'>sunt:</span> <span class='ocrx_word' id='word_1_171' title='bbox 169 2556 315 2620; x_wconf 77' lang='grc' dir='ltr'>δύνανται</span> <span class='ocrx_word' id='word_1_172' title='bbox 342 2558 378 2622; x_wconf 82' lang='grc' dir='ltr'>δὲ</span> <span class='ocrx_word' id='word_1_173' title='bbox 398 2555 523 2644; x_wconf 81' lang='grc' dir='ltr'>ἀφιέναι</span> <span class='ocrx_word' id='word_1_174' title='bbox 545 2557 575 2620; x_wconf 82' lang='grc' dir='ltr'>οἱ</span> <span class='ocrx_word' id='word_1_175' title='bbox 599 2556 731 2642; x_wconf 80' lang='grc' dir='ltr'>ἀράχναι</span> <span class='ocrx_word' id='word_1_176' title='bbox 753 2557 786 2620; x_wconf 84' lang='grc' dir='ltr'>τὸ</span> <span class='ocrx_word' id='word_1_177' title='bbox 811 2557 956 2644; x_wconf 81' lang='grc' dir='ltr'>ἀράχνιον</span> <span class='ocrx_word' id='word_1_178' title='bbox 981 2557 1074 2628; x_wconf 74' lang='grc' dir='ltr'>εὐθὺς</span> <span class='ocrx_word' id='word_1_179' title='bbox 1094 2559 1176 2642; x_wconf 75' lang='grc' dir='ltr'>γινό-</span> 
     </span>
     <span class='ocr_line' id='line_1_22' title="bbox 75 2663 1177 2752; baseline 0.005 -27"><span class='ocrx_word' id='word_1_180' title='bbox 75 2681 157 2744; x_wconf 76' lang='grc' dir='ltr'>μενοι,</span> <span class='ocrx_word' id='word_1_181' title='bbox 177 2665 235 2731; x_wconf 72' lang='grc' dir='ltr'>οὐκ</span> <span class='ocrx_word' id='word_1_182' title='bbox 260 2663 378 2728; x_wconf 76' lang='grc' dir='ltr'>ἔσωθεν</span> <span class='ocrx_word' id='word_1_183' title='bbox 401 2669 444 2736; x_wconf 83' lang='grc' dir='ltr'>ὡς</span> <span class='ocrx_word' id='word_1_184' title='bbox 466 2663 498 2729; x_wconf 82' lang='grc' dir='ltr'>ὂν</span> <span class='ocrx_word' id='word_1_185' title='bbox 517 2666 702 2751; x_wconf 79' lang='grc' dir='ltr'><strong>περίττωμα,</strong></span> <span class='ocrx_word' id='word_1_186' title='bbox 722 2665 861 2750; x_wconf 78' lang='grc' dir='ltr'><strong>καθάπερ</strong></span> <span class='ocrx_word' id='word_1_187' title='bbox 886 2666 961 2751; x_wconf 81' lang='grc' dir='ltr'>φησὶ</span> <span class='ocrx_word' id='word_1_188' title='bbox 980 2665 1177 2752; x_wconf 77' lang='grc' dir='ltr'>Δημόκριτος,</span> 
     </span>
     <span class='ocr_line' id='line_1_23' title="bbox 74 2766 1176 2860; baseline 0.005 -28"><span class='ocrx_word' id='word_1_189' title='bbox 74 2766 135 2832; x_wconf 75' lang='grc' dir='ltr'>ἀλλ’</span> <span class='ocrx_word' id='word_1_190' title='bbox 154 2773 214 2838; x_wconf 81' lang='grc' dir='ltr'>ἀπὸ</span> <span class='ocrx_word' id='word_1_191' title='bbox 239 2777 296 2836; x_wconf 84' lang='grc' dir='ltr'>τοῦ</span> <span class='ocrx_word' id='word_1_192' title='bbox 320 2776 463 2858; x_wconf 82' lang='grc' dir='ltr'>σώματος</span> <span class='ocrx_word' id='word_1_193' title='bbox 485 2775 550 2839; x_wconf 84' lang='grc' dir='ltr'>οἷον</span> <span class='ocrx_word' id='word_1_194' title='bbox 574 2773 692 2859; x_wconf 83' lang='grc' dir='ltr'>φλοιόν,</span> <span class='ocrx_word' id='word_1_195' title='bbox 713 2775 734 2860; x_wconf 78' lang='grc' dir='ltr'><strong>ἢ</strong></span> <span class='ocrx_word' id='word_1_196' title='bbox 754 2774 791 2838; x_wconf 82' lang='grc' dir='ltr'>τὰ</span> <span class='ocrx_word' id='word_1_197' title='bbox 814 2775 966 2860; x_wconf 83' lang='grc' dir='ltr'>βάλλοντα</span> <span class='ocrx_word' id='word_1_198' title='bbox 984 2779 1051 2842; x_wconf 80' lang='grc' dir='ltr'><strong>ταῖς</strong></span> <span class='ocrx_word' id='word_1_199' title='bbox 1073 2773 1176 2858; x_wconf 74' lang='grc' dir='ltr'>θριξίν,</span> 
     </span>
     <span class='ocr_line' id='line_1_24' title="bbox 73 2875 1176 2966; baseline 0.01 -30"><span class='ocrx_word' id='word_1_200' title='bbox 73 2875 130 2939; x_wconf 79' lang='lat' dir='ltr'>nico</span> <span class='ocrx_word' id='word_1_201' title='bbox 151 2882 183 2944; x_wconf 86' lang='grc' dir='ltr'>αἱ</span> <span class='ocrx_word' id='word_1_202' title='bbox 204 2883 341 2966; x_wconf 75' lang='grc' dir='ltr'>ὕςριχες.</span> <span class='ocrx_word' id='word_1_203' title='bbox 383 2885 446 2948; x_wconf 92' lang='lat' dir='ltr'>Sed</span> <span class='ocrx_word' id='word_1_204' title='bbox 478 2905 551 2949; x_wconf 86' lang='lat' dir='ltr'>vera</span> <span class='ocrx_word' id='word_1_205' title='bbox 577 2883 746 2947; x_wconf 89' lang='lat' dir='ltr'>Democriti</span> <span class='ocrx_word' id='word_1_206' title='bbox 768 2884 807 2946; x_wconf 91' lang='lat' dir='ltr'>de</span> <span class='ocrx_word' id='word_1_207' title='bbox 833 2883 1010 2946; x_wconf 76' lang='lat' dir='ltr'>animalibus</span> <span class='ocrx_word' id='word_1_208' title='bbox 1030 2881 1176 2947; x_wconf 90' lang='lat' dir='ltr'>librorum</span> 
     </span>
     <span class='ocr_line' id='line_1_25' title="bbox 75 2983 1177 3076; baseline 0 -22"><span class='ocrx_word' id='word_1_209' title='bbox 75 2983 230 3068; x_wconf 71' lang='lat' dir='ltr'>fragmenta</span> <span class='ocrx_word' id='word_1_210' title='bbox 254 2991 490 3076; x_wconf 88' lang='lat' dir='ltr'>quaeAeliauus</span> <span class='ocrx_word' id='word_1_211' title='bbox 510 2993 650 3070; x_wconf 87' lang='lat' dir='ltr'>servavit,</span> <span class='ocrx_word' id='word_1_212' title='bbox 670 2991 750 3054; x_wconf 91' lang='lat' dir='ltr'>libro</span> <span class='ocrx_word' id='word_1_213' title='bbox 769 2991 858 3056; x_wconf 88' lang='lat' dir='ltr'>tertio</span> <span class='ocrx_word' id='word_1_214' title='bbox 878 2991 1044 3073; x_wconf 91' lang='lat' dir='ltr'>posuimus.</span> <span class='ocrx_word' id='word_1_215' title='bbox 1069 2990 1177 3054; x_wconf 86' lang='lat' dir='ltr'>Fuisse</span> 
     </span>
     <span class='ocr_line' id='line_1_26' title="bbox 73 3098 1176 3182; baseline 0.004 -22"><span class='ocrx_word' id='word_1_216' title='bbox 73 3101 161 3160; x_wconf 77' lang='lat' dir='ltr'>tutem</span> <span class='ocrx_word' id='word_1_217' title='bbox 190 3119 332 3182; x_wconf 82' lang='lat' dir='ltr'>magnam</span> <span class='ocrx_word' id='word_1_218' title='bbox 355 3103 523 3167; x_wconf 89' lang='lat' dir='ltr'>Democriti</span> <span class='ocrx_word' id='word_1_219' title='bbox 551 3103 582 3165; x_wconf 92' lang='lat' dir='ltr'>in</span> <span class='ocrx_word' id='word_1_220' title='bbox 614 3101 661 3165; x_wconf 89' lang='lat' dir='ltr'>bis</span> <span class='ocrx_word' id='word_1_221' title='bbox 690 3101 892 3164; x_wconf 85' lang='lat' dir='ltr'>voluminibus</span> <span class='ocrx_word' id='word_1_222' title='bbox 922 3098 1114 3182; x_wconf 86' lang='lat' dir='ltr'>sagacitatem</span> <span class='ocrx_word' id='word_1_223' title='bbox 1139 3121 1176 3164; x_wconf 88' lang='lat' dir='ltr'>uc</span> 
     </span>
     <span class='ocr_line' id='line_1_27' title="bbox 76 3204 1178 3294; baseline 0.009 -31"><span class='ocrx_word' id='word_1_224' title='bbox 76 3204 336 3286; x_wconf 88' lang='lat' dir='ltr'>subtilitatem,ch</span> <span class='ocrx_word' id='word_1_225' title='bbox 358 3230 395 3272; x_wconf 91' lang='lat' dir='ltr'>ex</span> <span class='ocrx_word' id='word_1_226' title='bbox 416 3231 453 3275; x_wconf 89' lang='lat' dir='ltr'>eo</span> <span class='ocrx_word' id='word_1_227' title='bbox 474 3210 577 3294; x_wconf 90' lang='lat' dir='ltr'>liquet,</span> <span class='ocrx_word' id='word_1_228' title='bbox 598 3209 683 3294; x_wconf 88' lang='lat' dir='ltr'>quod</span> <span class='ocrx_word' id='word_1_229' title='bbox 702 3207 847 3272; x_wconf 87' lang='lat' dir='ltr'>Aelianus</span> <span class='ocrx_word' id='word_1_230' title='bbox 871 3209 908 3272; x_wconf 91' lang='lat' dir='ltr'>de</span> <span class='ocrx_word' id='word_1_231' title='bbox 928 3209 1045 3272; x_wconf 90' lang='lat' dir='ltr'>animal.</span> <span class='ocrx_word' id='word_1_232' title='bbox 1067 3209 1178 3273; x_wconf 90' lang='lat' dir='ltr'>lib.V1</span> 
     </span>
     <span class='ocr_line' id='line_1_28' title="bbox 75 3317 1176 3403; baseline -0.001 -22"><span class='ocrx_word' id='word_1_233' title='bbox 75 3329 131 3394; x_wconf 71' lang='lat' dir='ltr'>top.</span> <span class='ocrx_word' id='word_1_234' title='bbox 147 3319 188 3382; x_wconf 82' lang='lat'>60</span> <span class='ocrx_word' id='word_1_235' title='bbox 210 3320 272 3399; x_wconf 85' lang='lat' dir='ltr'>ait,</span> <span class='ocrx_word' id='word_1_236' title='bbox 298 3339 332 3382; x_wconf 88' lang='lat' dir='ltr'>se</span> <span class='ocrx_word' id='word_1_237' title='bbox 364 3319 541 3384; x_wconf 90' lang='lat' dir='ltr'>Democrito</span> <span class='ocrx_word' id='word_1_238' title='bbox 569 3320 714 3403; x_wconf 84' lang='lat' dir='ltr'>aliisque,</span> <span class='ocrx_word' id='word_1_239' title='bbox 743 3317 795 3400; x_wconf 95' lang='lat' dir='ltr'>qui</span> <span class='ocrx_word' id='word_1_240' title='bbox 821 3318 870 3380; x_wconf 85' lang='lat' dir='ltr'>vel</span> <span class='ocrx_word' id='word_1_241' title='bbox 893 3317 1176 3381; x_wconf 75' lang='lat' dir='ltr'>obscurissimarum</span> 
     </span>
     <span class='ocr_line' id='line_1_29' title="bbox 74 3425 1178 3510; baseline 0 -22"><span class='ocrx_word' id='word_1_242' title='bbox 74 3435 164 3488; x_wconf 77' lang='lat' dir='ltr'>rtmm</span> <span class='ocrx_word' id='word_1_243' title='bbox 187 3447 297 3492; x_wconf 85' lang='lat' dir='ltr'>causas</span> <span class='ocrx_word' id='word_1_244' title='bbox 317 3427 439 3510; x_wconf 85' lang='lat' dir='ltr'>ingenio</span> <span class='ocrx_word' id='word_1_245' title='bbox 458 3449 492 3492; x_wconf 91' lang='lat' dir='ltr'>se</span> <span class='ocrx_word' id='word_1_246' title='bbox 511 3447 604 3510; x_wconf 87' lang='lat' dir='ltr'>posse</span> <span class='ocrx_word' id='word_1_247' title='bbox 624 3427 772 3510; x_wconf 90' lang='lat' dir='ltr'>consequi</span> <span class='ocrx_word' id='word_1_248' title='bbox 791 3425 955 3504; x_wconf 86' lang='lat' dir='ltr'>confidunt,</span> <span class='ocrx_word' id='word_1_249' title='bbox 967 3426 1178 3508; x_wconf 84' lang='lat' dir='ltr'>explicandum</span> 
     </span>
     <span class='ocr_line' id='line_1_30' title="bbox 74 3527 1177 3621; baseline 0.004 -29"><span class='ocrx_word' id='word_1_250' title='bbox 74 3527 249 3615; x_wconf 67' lang='lat' dir='ltr'>relinquere,</span> <span class='ocrx_word' id='word_1_251' title='bbox 277 3543 380 3600; x_wconf 87' lang='lat' dir='ltr'>utrum</span> <span class='ocrx_word' id='word_1_252' title='bbox 411 3535 594 3602; x_wconf 86' lang='lat' dir='ltr'>verecundia</span> <span class='ocrx_word' id='word_1_253' title='bbox 622 3536 766 3621; x_wconf 87' lang='lat' dir='ltr'>quadam,</span> <span class='ocrx_word' id='word_1_254' title='bbox 799 3554 838 3597; x_wconf 90' lang='lat' dir='ltr'>au</span> <span class='ocrx_word' id='word_1_255' title='bbox 866 3533 1033 3597; x_wconf 87' lang='lat' dir='ltr'>admirabili</span> <span class='ocrx_word' id='word_1_256' title='bbox 1053 3540 1177 3596; x_wconf 84' lang='lat' dir='ltr'>natttrae</span> 
     </span>
     <span class='ocr_line' id='line_1_31' title="bbox 74 3641 1178 3728; baseline 0.002 -28"><span class='ocrx_word' id='word_1_257' title='bbox 74 3650 188 3704; x_wconf 82' lang='lat' dir='ltr'>munere</span> <span class='ocrx_word' id='word_1_258' title='bbox 216 3645 387 3727; x_wconf 88' lang='lat' dir='ltr'>contingat,</span> <span class='ocrx_word' id='word_1_259' title='bbox 417 3651 451 3708; x_wconf 88' lang='lat' dir='ltr'>ut</span> <span class='ocrx_word' id='word_1_260' title='bbox 476 3665 568 3728; x_wconf 90' lang='lat' dir='ltr'>quum</span> <span class='ocrx_word' id='word_1_261' title='bbox 596 3645 678 3708; x_wconf 89' lang='lat' dir='ltr'>inter</span> <span class='ocrx_word' id='word_1_262' title='bbox 703 3643 840 3707; x_wconf 89' lang='lat' dir='ltr'>homiues</span> <span class='ocrx_word' id='word_1_263' title='bbox 864 3643 1052 3724; x_wconf 87' lang='lat' dir='ltr'>Massagetae</span> <span class='ocrx_word' id='word_1_264' title='bbox 1079 3641 1178 3724; x_wconf 89' lang='lat' dir='ltr'>palam</span> 
     </span>
     <span class='ocr_line' id='line_1_32' title="bbox 76 3749 1178 3831; baseline 0.007 -27"><span class='ocrx_word' id='word_1_265' title='bbox 76 3759 137 3809; x_wconf 86' lang='lat' dir='ltr'>eum</span> <span class='ocrx_word' id='word_1_266' title='bbox 156 3753 305 3817; x_wconf 87' lang='lat' dir='ltr'>uxoribus</span> <span class='ocrx_word' id='word_1_267' title='bbox 327 3754 536 3831; x_wconf 88' lang='lat' dir='ltr'>concumbant,</span> <span class='ocrx_word' id='word_1_268' title='bbox 556 3753 635 3816; x_wconf 87' lang='lat' dir='ltr'>inter</span> <span class='ocrx_word' id='word_1_269' title='bbox 659 3753 770 3817; x_wconf 89' lang='lat' dir='ltr'>bestias</span> <span class='ocrx_word' id='word_1_270' title='bbox 790 3749 974 3815; x_wconf 89' lang='lat' dir='ltr'>camelorum</span> <span class='ocrx_word' id='word_1_271' title='bbox 998 3749 1178 3813; x_wconf 88' lang='lat' dir='ltr'>concubitus</span> 
     </span>
     <span class='ocr_line' id='line_1_33' title="bbox 75 3857 1179 3940; baseline -0.001 -20"><span class='ocrx_word' id='word_1_272' title='bbox 75 3865 185 3936; x_wconf 68' lang='lat' dir='ltr'>Semper</span> <span class='ocrx_word' id='word_1_273' title='bbox 207 3869 328 3926; x_wconf 88' lang='lat' dir='ltr'>secreto</span> <span class='ocrx_word' id='word_1_274' title='bbox 356 3863 416 3926; x_wconf 86' lang='lat' dir='ltr'>liat.</span> <span class='ocrx_word' id='word_1_275' title='bbox 466 3861 627 3926; x_wconf 86' lang='lat' dir='ltr'>Caeterum</span> <span class='ocrx_word' id='word_1_276' title='bbox 656 3861 831 3927; x_wconf 85' lang='lat' dir='ltr'>incredibile</span> <span class='ocrx_word' id='word_1_277' title='bbox 862 3865 916 3936; x_wconf 83' lang='lat' dir='ltr'>est,</span> <span class='ocrx_word' id='word_1_278' title='bbox 937 3857 1101 3940; x_wconf 92' lang='lat' dir='ltr'>quodvult</span> <span class='ocrx_word' id='word_1_279' title='bbox 1121 3857 1179 3919; x_wconf 84' lang='lat' dir='ltr'>Fa-</span> 
     </span>
     <span class='ocr_line' id='line_1_34' title="bbox 75 3954 1180 4048; baseline 0.005 -26"><span class='ocrx_word' id='word_1_280' title='bbox 75 3954 194 4048; x_wconf 86' lang='lat' dir='ltr'>bricius,</span> <span class='ocrx_word' id='word_1_281' title='bbox 221 3989 316 4034; x_wconf 87' lang='lat' dir='ltr'>unum</span> <span class='ocrx_word' id='word_1_282' title='bbox 343 3991 382 4034; x_wconf 86' lang='lat' dir='ltr'>ex</span> <span class='ocrx_word' id='word_1_283' title='bbox 400 3971 446 4034; x_wconf 87' lang='lat' dir='ltr'>his</span> <span class='ocrx_word' id='word_1_284' title='bbox 464 3971 560 4034; x_wconf 90' lang='lat' dir='ltr'>tribus</span> <span class='ocrx_word' id='word_1_285' title='bbox 586 3971 671 4035; x_wconf 87' lang='lat' dir='ltr'>libris</span> <span class='ocrx_word' id='word_1_286' title='bbox 698 3971 793 4034; x_wconf 70' lang='lat' dir='ltr'>irrisam</span> <span class='ocrx_word' id='word_1_287' title='bbox 819 3969 858 4030; x_wconf 92' lang='lat' dir='ltr'>de</span> <span class='ocrx_word' id='word_1_288' title='bbox 885 3965 1108 4030; x_wconf 85' lang='lat' dir='ltr'>chamaeleonte</span> <span class='ocrx_word' id='word_1_289' title='bbox 1129 3966 1180 4029; x_wconf 89' lang='lat' dir='ltr'>eui</span> 
     </span>
     <span class='ocr_line' id='line_1_35' title="bbox 75 4065 1179 4152; baseline 0 -16"><span class='ocrx_word' id='word_1_290' title='bbox 75 4065 251 4150; x_wconf 74' lang='lat' dir='ltr'>tiugularem</span> <span class='ocrx_word' id='word_1_291' title='bbox 271 4099 289 4141; x_wconf 88' lang='lat' dir='ltr'>a</span> <span class='ocrx_word' id='word_1_292' title='bbox 312 4079 488 4143; x_wconf 91' lang='lat' dir='ltr'>Democrito</span> <span class='ocrx_word' id='word_1_293' title='bbox 510 4081 621 4144; x_wconf 90' lang='lat' dir='ltr'>librum</span> <span class='ocrx_word' id='word_1_294' title='bbox 641 4079 786 4143; x_wconf 88' lang='lat' dir='ltr'>tributum</span> <span class='ocrx_word' id='word_1_295' title='bbox 807 4095 875 4140; x_wconf 89' lang='lat' dir='ltr'>esse</span> <span class='ocrx_word' id='word_1_296' title='bbox 896 4074 1011 4138; x_wconf 90' lang='lat' dir='ltr'>Plinius</span> <span class='ocrx_word' id='word_1_297' title='bbox 1034 4075 1179 4152; x_wconf 90' lang='lat' dir='ltr'>XXVlll,</span> 
     </span>
     <span class='ocr_line' id='line_1_36' title="bbox 79 4175 1181 4271; baseline 0.001 -28"><span class='ocrx_word' id='word_1_298' title='bbox 79 4175 113 4238; x_wconf 83' lang='grc'>18</span> <span class='ocrx_word' id='word_1_299' title='bbox 130 4183 229 4262; x_wconf 79' lang='lat' dir='ltr'>refert,</span> <span class='ocrx_word' id='word_1_300' title='bbox 255 4194 337 4250; x_wconf 88' lang='lat' dir='ltr'>reete</span> <span class='ocrx_word' id='word_1_301' title='bbox 359 4189 429 4250; x_wconf 90' lang='lat' dir='ltr'>ideo</span> <span class='ocrx_word' id='word_1_302' title='bbox 457 4189 645 4271; x_wconf 85' lang='lat' dir='ltr'>vituperatus</span> <span class='ocrx_word' id='word_1_303' title='bbox 666 4209 684 4251; x_wconf 86' lang='lat' dir='ltr'>a</span> <span class='ocrx_word' id='word_1_304' title='bbox 709 4187 810 4251; x_wconf 89' lang='lat' dir='ltr'>Gellio</span> <span class='ocrx_word' id='word_1_305' title='bbox 830 4187 877 4262; x_wconf 90' lang='lat' dir='ltr'>X,</span> <span class='ocrx_word' id='word_1_306' title='bbox 900 4187 949 4261; x_wconf 79' lang='lat' dir='ltr'>ta,</span> <span class='ocrx_word' id='word_1_307' title='bbox 976 4185 1062 4261; x_wconf 78' lang='lat' dir='ltr'>errius</span> <span class='ocrx_word' id='word_1_308' title='bbox 1088 4184 1181 4246; x_wconf 88' lang='lat' dir='ltr'>verba</span> 
     </span>
     <span class='ocr_line' id='line_1_37' title="bbox 77 4279 1180 4378; baseline 0.01 -38"><span class='ocrx_word' id='word_1_309' title='bbox 77 4279 116 4344; x_wconf 89' lang='lat' dir='ltr'>sic</span> <span class='ocrx_word' id='word_1_310' title='bbox 135 4305 168 4352; x_wconf 85' lang='lat' dir='ltr'>se</span> <span class='ocrx_word' id='word_1_311' title='bbox 187 4291 310 4360; x_wconf 89' lang='lat' dir='ltr'>habent:</span> <span class='ocrx_word' id='word_1_312' title='bbox 340 4297 484 4378; x_wconf 80' lang='lat' dir='ltr'>„Librum</span> <span class='ocrx_word' id='word_1_313' title='bbox 505 4319 573 4364; x_wconf 91' lang='lat' dir='ltr'>csse</span> <span class='ocrx_word' id='word_1_314' title='bbox 593 4296 768 4375; x_wconf 87' lang='lat' dir='ltr'>Democriti,</span> <span class='ocrx_word' id='word_1_315' title='bbox 790 4293 969 4360; x_wconf 91' lang='lat' dir='ltr'>nobilissimi</span> <span class='ocrx_word' id='word_1_316' title='bbox 982 4291 1180 4374; x_wconf 73' lang='lat' dir='ltr'>philosophe</span> 
     </span>
    </p>
   </div>
   <div class='ocr_carea' id='block_1_9' title="bbox 0 0 1450 4872">
    <p class='ocr_par' dir='ltr' id='par_1_10' title="bbox 0 0 1450 4872">
     <span class='ocr_line' id='line_1_38' title="bbox 0 0 1450 4872; baseline 0 0"><span class='ocrx_word' id='word_1_317' title='bbox 0 0 1450 4872; x_wconf 95' lang='lat' dir='ltr'> </span> 
     </span>
    </p>
   </div>
  </div>
 </body>
</html>
