2938 4864
338 335 423 392 Lthor
438 335 487 392 lll.
529 334 600 393 hdr.
617 334 652 392 ad
670 335 751 394 lien.
771 350 815 408 op.
834 335 930 408 fragm.
1125 333 1191 402 m

78 503 140 570 193
163 501 214 568 vel
233 509 311 569 sent.
333 503 373 568 14
393 509 424 566 et
444 503 485 568 98
507 503 586 566 inter
605 502 954 582 Pseudodemocraticas,
979 501 1033 568 sed
1054 507 1137 566 recte
1161 503 1190 566 ei

77 611 225 695 opposuit
246 611 441 676 Burchardus
469 611 546 675 alius
575 611 733 692 fragmenti
759 610 968 674 anctoritatem
998 613 1085 676 Stoh.
1104 611 1189 676 Flcr.

78 723 117 799 V,
139 723 193 800 96,
226 720 279 785 ubi
312 719 465 801 reperitur
499 717 639 802 φαύλων.
690 717 814 781 Addere
841 715 953 782 licebat
983 719 1072 782 etiam
1103 719 1189 784 Stob.

77 827 162 892 Flor.
185 828 310 906 XXXl,
325 831 354 891 7.
396 829 563 909 Utrumque
584 827 687 892 locum
709 827 779 890 vide
796 847 890 910 supra
908 829 1013 908 fragm.
1028 829 1068 891 97
1090 831 1120 889 et
1138 828 1189 890 98.

78 935 213 999 Omnino
238 935 310 997 nihil
341 935 457 1013 obstat,
486 935 559 1018 quin
585 941 714 1019 utreque
741 937 840 999 forma
860 934 988 1000 cundem
1009 935 1190 1015 scriptorem

77 1063 167 1107 nsum
196 1043 292 1106 luisse
315 1041 488 1122 credamus,
517 1063 607 1128 quum
635 1049 665 1106 et
688 1044 823 1128 φαῦλος,
853 1042 937 1127 quod
952 1045 1018 1124 J'am
1044 1047 1091 1105 est
1109 1041 1191 1123 epod

79 1150 290 1232 Theognidem
302 1171 331 1215 v.
346 1151 407 1216 163
428 1160 459 1214 et
481 1152 619 1236 ρλαδρσς
637 1152 721 1235 quod
740 1151 890 1215 invenitur
907 1151 988 1232 apud
1002 1148 1191 1213 Herodotum

81 1259 306 1337 vl‚61,.10nes
329 1259 441 1322 dixisse
464 1258 586 1322 minime
610 1259 736 1322 dubium
756 1265 808 1322 aut
829 1259 995 1323 obscurum
1012 1257 1060 1320 sit
1100 1255 1191 1320 Carta

80 1365 164 1448 apud
186 1367 376 1432 Herodotum
399 1369 454 1429 hae
478 1367 593 1429 formae
607 1366 763 1431 alternant
795 1367 930 1430 Consule
939 1365 1108 1446 Schweigh.
1119 1367 1191 1427 Lex.

167 1477 236 1538 171.
279 1475 437 1538 Edidimus
455 1474 586 1557 πρήσσει
604 1491 662 1554 pro
681 1474 811 1557 πράσσει
833 1483 863 1536 et
883 1472 918 1536 da
938 1477 998 1536 τῶν
1012 1490 1071 1554 pro
1090 1469 1122 1540 11
1136 1471 1190 1534 ὧν.

168 1584 237 1646 173.
280 1580 470 1666 προσκέαται
499 1580 629 1644 debetur
654 1581 731 1645 Cod.
761 1583 864 1656 Palat,
894 1581 1015 1662 vulgata
1043 1579 1193 1662 scriptura

80 1693 129 1752 est
148 1685 365 1780 προσκέπτσυ.

167 1797 238 1859 171.
280 1793 364 1878 γίνου
388 1794 568 1859 mutavimus
590 1795 621 1859 in
645 1795 738 1880 γίνευ.

168 1905 238 1966 176.
282 1902 417 1966 Orellius
438 1901 746 1988 ιιακσφραδμσσδνην,
768 1925 857 1988 quarn
879 1922 987 1968 vocem
1006 1922 1046 1965 ne
1067 1901 1098 1966 in
1119 1901 1193 1964 llin-

82 2009 217 2074 dortiaua
239 2009 360 2093 quidem
384 2011 531 2074 Thesauri
559 2012 733 2092 stephanici
760 2013 892 2076 editione
917 2019 999 2074 recta
1027 2009 1194 2092 expositam

82 2117 237 2195 videmus,
265 2118 342 2180 ver!
369 2117 459 2197 jubet
485 2119 744 2182 maledicmtr’am.
794 2120 857 2182 Sed
885 2120 924 2182 ad
946 2121 1005 2182 hoc
1027 2119 1195 2200 exprimen-

83 2227 156 2290 dum
183 2224 384 2288 adhibetura
412 2225 538 2290 Graecis
568 2227 753 2307 κακολογία,
783 2225 952 2309 κακηγορία
973 2227 1023 2288 vel
1043 2225 1194 2288 interdum

85 2331 275 2418 βλασφημία.
322 2333 377 2396 Est
410 2339 511 2396 autern
541 2332 836 2418 κακοφραδρσσὺνη,
867 2334 941 2398 nihil
972 2333 1055 2398 aliud
1088 2333 1145 2395 nisi
1172 2326 1192 2416 ἠ

83 2439 153 2524 περὶ
171 2439 208 2502 τδ
226 2437 305 2502 κακὰ
326 2438 540 2525 ρραδρσσύνη,
560 2441 608 2522 (ut
628 2441 748 2521 epicum
767 2441 948 2505 vocabulum
969 2461 1089 2522 ponam,
1111 2440 1195 2523 quod

86 2547 207 2612 obvium
230 2556 276 2610 est
298 2549 405 2630 llyrun.
426 2551 548 2612 Homer.
569 2549 599 2611 iu
620 2546 722 2630 Apoll.
740 2568 768 2611 v.
781 2551 848 2629 99),
865 2551 1027 2611 ccnn‘lium
1048 2567 1107 2629 quc
1127 2547 1196 2627 quir

85 2657 171 2718 mula
191 2657 286 2720 alteri
306 2656 515 2719 machinatur.
557 2657 625 2720 Nec
643 2657 760 2720 mirum.
804 2657 883 2738 Nam
901 2657 1019 2736 sicjam
1029 2657 1196 2719 Homerum

86 2764 195 2846 Odyas.
215 2765 250 2842 11,
271 2765 331 2827 367
365 2762 445 2825 anah
469 2763 641 2848 φράζεσθαι
662 2764 868 2845 usurpavisse,
892 2764 1042 2826 neminem
1063 2761 1196 2824 erudito-

86 2893 153 2936 rum
172 2874 256 2954 iugit
300 2873 393 2955 Quod
417 2871 455 2932 ad
477 2871 646 2935 Democriti
667 2879 795 2935 urentem
818 2871 931 2950 attinet,
950 2869 1059 2933 similia
1076 2869 1197 2950 saepius

85 2981 232 3044 cecinisse
255 2979 429 3060 Euripidem
456 2979 507 3040 vix
533 2986 580 3042 est
612 2981 695 3062 quod
717 2999 863 3044 moneam.
906 2980 953 3042 ci.
977 2975 1197 3040 Valckenarius

85 3090 125 3152 ad
145 3089 235 3170 Hipp.
256 3089 328 3151 613.

172 3199 242 3259 177.
286 3195 482 3258 Exaravimus
509 3191 648 3258 ἀσκεέτω
680 3214 739 3275 pro
766 3193 907 3257 ἀσκείισι.
963 3191 1099 3256 Orellius
1128 3189 1198 3254 1ι.1.

85 3303 196 3383 allegat
224 3303 308 3366 Pauli
335 3301 478 3383 Apostoli
510 3303 603 3365 verba
631 3321 648 3364 e
673 3302 776 3384 priore
798 3302 837 3365 od
857 3301 1050 3365 Timotheum
1070 3299 1200 3381 epistola

87 3431 154 3492 cap.
175 3411 210 3487 11,
237 3412 290 3472 12:
313 3409 431 3492 *sorarai
452 3408 487 3472 δὲ
507 3408 660 3472 διδάσκειν
679 3408 736 3472 οὐκ
757 3406 919 3492 ἐπιτρέπω.

173 3520 242 3582 179.
285 3517 399 3580 Eadem
434 3517 599 3580 Democriti
630 3517 779 3582 sententia
811 3517 892 3598 apud
921 3516 1086 3580 Stobaenm
1115 3513 1199 3576 Flcr.

87 3625 232 3704 LXXIV,
255 3625 296 3689 39
317 3625 362 3690 sic
383 3624 497 3708 scripta
517 3624 642 3708 iegitur:
668 3623 747 3688 ‘lud
769 3625 910 3708 γυναικὸς
931 3621 1093 3707 ἅρχισδαι,
1117 3621 1201 3706 ὕβρις

89 3733 177 3816 ἀνδρὶ
200 3733 328 3818 ἐσχάτη.
372 3732 465 3814 Apud
486 3733 649 3796 Maximum
670 3753 701 3814 p.
725 3733 797 3810 606,
824 3733 877 3815 qui
899 3751 964 3794 earn
989 3731 1029 3794 ad
1044 3727 1202 3793 Democri·

87 3848 153 3906 tum
184 3849 340 3906 auctorem
367 3842 469 3918 refert,
503 3848 534 3904 et
561 3841 643 3922 apud
672 3841 783 3904 Antan.
804 3859 873 3921 pag.
892 3843 965 3918 609,
996 3839 1048 3922 qui
1084 3833 1201 3899 Philoni

88 3951 203 4029 tribuit,
223 3955 357 4013 extrem
379 3950 424 4012 sie
445 3953 569 4012 sonant:
594 3947 678 4033 ὕβρις
700 3947 737 4012 ἂν
760 3945 807 4030 εἴη
831 3947 957 4032 ἐσχάτη.

175 4061 245 4122 181.
288 4057 484 4121 Restituimus
513 4055 629 4120 πολίων
650 4077 708 4138 pro
734 4054 870 4120 πόλεων.
913 4053 1072 4136 Repetitur
1097 4051 1204 4114 eadem

90 4166 237 4228 sententia
258 4187 306 4247 ap.
329 4166 416 4229 Stob.
428 4165 513 4230 Flor.
528 4165 592 4242 Vll,
606 4166 658 4244 96,
683 4166 739 4230 sed
759 4165 801 4227 ibi
820 4165 878 4227 alia
897 4163 1082 4245 pracccduut
1096 4159 1203 4222 verba:

92 4271 232 4355 ἀνδρεῖαι
254 4271 314 4358 οὐχ
341 4275 357 4336 δ
387 4277 447 4336 τῶν
477 4271 634 4356 πολεμίων
656 4277 775 4356 κρατῶν
800 4271 904 4355 μόνον,
932 4269 1084 4380 ἀλλὰριαὶ
1107 4268 1124 4330 δ
1144 4271 1204 4328 τῶν
