2956 4860
742 291 827 347 iudex
856 291 990 366 Cupitum.

461 545 501 595 De
521 543 650 594 materiae
667 541 867 595 discriminibus
910 577 1307 594 ......

460 625 499 676 De
520 627 672 674 atomorum
690 627 765 674 motu

461 706 500 758 De
519 705 692 768 generatione
714 709 743 756 et
759 707 868 756 interitu
907 738 1224 756 .....
1298 739 1306 753 .
1410 701 1421 716 ”

462 787 501 836 De
520 785 614 836 mttndi
635 786 696 837 ortu
716 789 744 835 st
762 786 871 836 interitu
906 818 1306 836 ......

461 867 500 916 De
519 870 607 918 terrae
629 866 732 930 origine
749 869 776 917 et
795 867 880 918 terme
907 899 1306 917 ......

460 947 664 1009 serotenus
686 951 713 996 et
736 947 819 1000 statiis

462 1028 501 1079 De
517 1027 586 1080 teoie
605 1029 631 1078 in
654 1026 721 1079 orbe
739 1029 817 1080 tunae

460 1109 499 1160 De
516 1110 618 1173 geiexia
672 1141 1304 1160 .........

461 1189 500 1240 De
518 1190 632 1240 cometis
673 1221 1305 1242 .........

460 1271 499 1322 De
517 1271 656 1322 elementis

459 1350 498 1401 De
517 1356 605 1404 terrae
623 1348 741 1402 motibus

459 1431 499 1483 De
517 1435 626 1494 tonitru,
642 1430 753 1494 fulgure,
772 1431 881 1484 iuimine
902 1436 929 1485 et
948 1430 1054 1482 turbine
1072 1430 1149 1494 igneo
1217 1462 1225 1478 .
1298 1466 1306 1480 .

459 1511 498 1564 De
516 1515 602 1564 ventis

459 1593 498 1643 Do
513 1593 560 1642 Nili
581 1593 801 1646 inundationibus
827 1625 1304 1646 ·······
1407 1587 1418 1614 Γ

457 1673 496 1724 De
515 1677 638 1738 magnete
657 1675 745 1738 tepide

456 1753 496 1804 iie
515 1757 587 1805 ooitu
608 1758 635 1806 et
653 1755 725 1807 ioetu
748 1785 1303 1807 ········
1407 1748 1418 1764 ”

455 1835 495 1885 De
513 1837 640 1888 monstris
674 1866 1303 1887 .........

456 1915 495 1967 114
512 1916 670 1968 animalibus
689 1913 870 1980 exsanguibus
905 1946 1304 1965 ......

455 1995 494 2046 De
513 1998 602 2047 anime

447 2077 495 2142 ⁴De
514 2076 692 2140 respiratione
746 2106 1301 2128 ........

454 2156 493 2206 De
513 2159 599 2206 morte

457 2237 497 2286 De
517 2235 697 2288 reviviscendi
719 2235 845 2289 tenuitate

455 2316 495 2367 De
513 2331 579 2368 sans
596 2320 686 2368 mente

454 2398 494 2448 De
511 2396 638 2450 sensibus
668 2427 1144 2450 .......
1213 2408 1220 2422 ·
1293 2433 1299 2447 .
1370 2395 1417 2449 401

453 2480 492 2532 De
512 2479 573 2529 visu
591 2509 1300 2529 ..........
1369 2475 1416 2528 401

451 2561 491 2612 De
510 2558 603 2610 auditu
1369 2557 1415 2610 404

452 2642 492 2693 De
513 2641 545 2692 iis
563 2652 632 2706 quae
650 2651 780 2691 sensuum
801 2651 853 2703 ope
874 2639 1060 2703 percipiuntur
1133 2673 1140 2688 .
1212 2673 1219 2688 .
1291 2676 1299 2691 .
1368 2637 1415 2690 tob

451 2723 492 2774 De
509 2721 661 2774 simulacris
1365 2718 1413 2772 407

450 2805 489 2854 De
505 2802 617 2854 somniis
666 2832 1297 2853 .........
1366 2799 1413 2854 407

450 2884 489 2935 De
507 2895 603 2934 somno
1366 2881 1414 2936 408

450 2964 490 3014 De
509 2960 669 3027 imaginibus
688 2960 826 3012 divinitate
845 2959 974 3025 praeditis
1051 2994 1058 3008 .
1129 2993 1136 3008 .
1207 2995 1214 3010 .
1287 2999 1295 3014 .
1365 2963 1413 3018 409

447 3043 487 3092 De
504 3042 554 3093 diis
587 3073 1295 3094 ··········
1366 3045 1414 3097 409

448 3124 488 3174 De
506 3123 605 3173 artium
625 3122 779 3173 inventione
817 3155 1292 3176 .......
1364 3123 1413 3176 413

450 3203 489 3253 De
508 3204 611 3255 musice
663 3235 1294 3255 .........
1365 3205 1414 3256 413

448 3283 488 3334 114
505 3285 620 3335 veritate
638 3283 829 3348 cognoscenda
1363 3285 1414 3338 413

448 3365 554 3416 iteratis
570 3364 753 3432 nbiiosopbieo
774 3368 919 3428 praecepta
975 3397 1293 3418 .....
1363 3366 1413 3420 415
