2984 4876
219 307 287 373 ult
554 307 749 372 Quaestionum
777 306 1010 366 Dumnoriteornm

225 473 416 559 αἰσθήσεσιν,
436 472 518 538 ἀλλὰ
536 474 587 538 καὶ
605 473 646 558 τῇ
667 469 766 559 ψυχῇ.
795 468 857 536 Καὶ
873 471 943 557 περὶ
964 466 1020 555 ’μλν
1042 461 1218 556 ὄψεωςκαὶ
1240 468 1336 554 ἀκοῆς

226 581 326 651 οὕτως
341 581 526 647 ἀποδίδωσι·
553 583 607 653 τὰς
634 581 663 646 δ’
690 579 788 648 άλλας
808 577 967 662 αἰσθήσεις
988 577 1099 664 σχεδὸν
1124 577 1234 663 ὁμοίας
1253 582 1336 642 ποιεῖ

226 695 290 759 τοῖς
308 689 469 761 πλείστοις.
513 693 665 773 Τλεορλτ.
687 689 759 752 ibid
783 692 833 754 57.

312 801 360 863 19.
404 795 479 883 Περὶ
507 799 542 864 δὲ
569 801 624 863 τοῦ
653 776 854 884 φρονεῖν’ἐπλ
873 797 1020 858 τοσοῦτον
1041 793 1170 879 εἴρηκεν,
1191 792 1237 858 ὅτι
1259 794 1334 878 γίνε-

226 926 284 984 ται,
308 903 489 991 συμμέτρως
519 904 652 992 ἐχούσης
672 909 726 988 τῆς
752 905 854 988 ψυχῆς
880 901 956 986 μετὰ
978 902 1030 986 τὴν
1052 902 1182 986 κίνησιν·
1222 900 1274 964 ἐὰν
1300 901 1335 964 δὲ

224 1012 412 1098 περίθερμάς
432 1033 476 1082 τις
495 1011 514 1096 ἢ
537 1013 726 1098 περίψυχρος
747 1011 879 1095 γένηται,
902 1010 1115 1094 μεταλλάττειν
1137 1009 1222 1094 φησί.
1252 1008 1337 1073 Διάτι

225 1119 277 1184 καὶ
295 1119 367 1190 τοὺς
385 1117 537 1190 παλαιοὺς
560 1123 664 1189 καλῶς
690 1115 781 1184 τοῦθ’
808 1118 986 1204 ὑπολαβεῖν,
1015 1115 1061 1180 ὅτι
1085 1117 1162 1181 ἐστὶν
1182 1116 1335 1202 ἀλλοφρο-

226 1231 298 1290 νεῖν.
331 1221 428 1290 Ὥστε
448 1226 591 1312 φανεράν,
615 1225 661 1290 ὅτι
679 1223 720 1311 τῇ
739 1226 847 1310 κράσει
863 1229 919 1290 τοῦ
943 1226 1086 1308 σώματος
1102 1227 1188 1288 ποιεῖ
1205 1225 1239 1288 τὸ
1262 1246 1335 1308 φρο·

225 1337 304 1396 νεῖν·
330 1335 406 1418 ὅπερ
428 1333 502 1404 ἴσως
521 1331 676 1420 αὐτῷκαὶ
699 1331 888 1416 κατὰλόγον
914 1331 987 1414 ἐστί,
1012 1335 1104 1416 σῶμα
1123 1334 1260 1394 ποιοῦντι
1280 1331 1334 1415 τὴν

227 1443 340 1528 ψυχήν.
383 1443 611 1524 Theophrastus
632 1443 703 1506 ibid.
729 1445 778 1508 58.

307 1553 357 1615 20.
397 1548 497 1614 Ἀλλά
519 1551 588 1634 περὶ
614 1551 668 1634 μὲν
697 1550 813 1614 τούτων
844 1547 927 1613 ἔοικε
951 1543 1251 1630 σονηκολουῦηπέναι
1271 1549 1337 1616 τοῖς

222 1659 362 1719 ποιοῦσιν
385 1655 466 1724 ὅλως
486 1656 520 1718 τὸ
545 1661 669 1742 φρονεῖν
698 1657 775 1721 κατὰ
803 1657 856 1741 τὴν
880 1653 1060 1719 ἀλλοίωσιν·
1081 1653 1160 1737 ἥπερ
1183 1651 1261 1715 ἐστὶν
1282 1652 1335 1738 dp·

225 1763 374 1848 χαιοτάτη
396 1762 482 1835 δόξα.
526 1761 643 1834 Πάντες
663 1765 717 1850 γάρ
748 1766 778 1828 oi
799 1761 926 1828 noiomi
945 1761 995 1826 καὶ
1018 1761 1047 1824 oi
1065 1761 1188 1844 ποιηταὶ
1212 1761 1262 1824 nol
1284 1783 1333 1824 σο·
1413 1845 1416 1850 Ι

224 1869 277 1953 φοὶ
292 1870 369 1933 κατὰ
384 1869 437 1954 τὴν
453 1871 589 1935 διάθεσιν
599 1869 783 1938 ἀποδιδάασι
795 1871 828 1934 τὸ
838 1873 972 1957 φρονεῖν.
995 1869 1334 1951 Theophrast.ibid.72.

306 2057 356 2118 21.
399 2051 486 2140 Βαρὺ
511 2055 566 2138 μὲν
594 2053 647 2118 οὖν
670 2056 721 2120 καλ
742 2059 859 2141 κοῦφον
887 2058 932 2141 τῷ
954 2051 1078 2138 μεγέθει
1099 2053 1212 2138 διαιρεῖ
1231 2051 1333 2137 Δημά-

221 2180 330 2244 ιιριτος.
374 2157 412 2225 Ei
449 2159 508 2246 γὰρ
538 2163 708 2249 ὃιακριθείη
741 2162 774 2226 ἓν
807 2162 934 2226 ἕκαστον
962 2167 1022 2225 τῶν
1053 2161 1185 2244 ἀμίκτων
1215 2159 1259 2241 (εἰ
1281 2161 1334 2224 καὶ

189 2278 192 2285 “
219 2266 298 2332 κατὰ
322 2273 428 2355 σχῆμα
444 2269 598 2356 διαφέρει)
614 2271 753 2355 σταθμοῦ
775 2269 811 2334 ἂν
834 2269 883 2334 ἐπὶ
904 2268 1027 2354 μεγέθει
1047 2268 1100 2351 τὴν
1121 2267 1209 2353 φύσιν
1234 2266 1331 2352 ἔχειν·

218 2464 383 2530 Enimvero
405 2468 546 2532 omnibus
574 2469 742 2550 (sensibus)
769 2469 829 2532 hoe
854 2468 992 2531 similiter
1012 2466 1145 2544 ascribit,
1165 2485 1263 2551 neque
1285 2467 1334 2532 his

220 2577 344 2652 tuntum,
364 2576 419 2638 sed
440 2576 529 2638 etinrn
556 2577 681 2642 animae.
723 2579 771 2639 De
798 2577 864 2640 visu
887 2575 1007 2658 quidem
1034 2581 1064 2638 et
1086 2574 1191 2637 auditu
1212 2575 1253 2639 ito
1274 2583 1334 2640 sio-

219 2681 290 2754 tuit;
313 2689 451 2746 coeteros
472 2703 580 2747 sensus
602 2685 739 2748 similiter
760 2684 866 2746 delinit
885 2705 921 2746 ae
942 2684 1088 2765 plerique.

308 2790 356 2852 19.
399 2793 447 2853 De
471 2811 546 2856 sono
572 2799 671 2856 mente
703 2793 745 2858 ito
772 2791 923 2875 loquitur,
953 2809 1156 2872 superenne,
1187 2791 1213 2854 si
1234 2791 1334 2854 annno

219 2901 293 2976 post
311 2902 426 2960 motum
445 2900 661 2964 convenienter
683 2906 715 2962 et
734 2907 805 2982 epte
825 2917 859 2962 se
882 2900 1003 2973 lrabeot3
1026 2900 1052 2962 si
1073 2898 1140 2981 quis
1160 2905 1260 2962 nutem
1281 2899 1335 2962 od-

217 3003 342 3066 modum
363 3003 478 3068 colidus
502 3007 667 3088 frigidusve
687 3009 747 3087 liet,
768 3012 897 3070 mentem
917 3006 1088 3088 perturbari
1109 3005 1190 3070 dicit.
1230 3011 1335 3088 Quone

217 3111 337 3190 priseos
363 3113 520 3193 praeclare
550 3115 751 3195 intellexisse,
776 3117 853 3178 heroe
881 3133 949 3178 esse
975 3115 1083 3178 mentis
1112 3113 1333 3180 alienationem.

216 3218 301 3280 Unde
322 3225 414 3298 potet,
442 3223 619 3286 Democrito
645 3242 748 3286 senum
773 3231 904 3286 mentem
930 3222 1070 3302 corporis
1096 3221 1240 3284 mixtione
1260 3241 1334 3285 eon-

217 3331 312 3402 stare,
344 3326 376 3387 id
409 3331 492 3410 qood
513 3331 642 3394 fortusse
673 3331 769 3411 ipsius
799 3330 908 3393 rationi
935 3329 1092 3410 convenit,
1125 3329 1177 3413 qui
1202 3330 1333 3392 onimom

218 3450 333 3512 eorpus
355 3451 423 3496 esse
445 3446 575 3502 censent
860 3425 865 3434 ’

304 3541 354 3604 20.
397 3541 460 3603 Sed
487 3543 517 3604 in
539 3544 585 3607 his
613 3547 705 3610 rebus
733 3545 803 3608 illos
829 3545 947 3609 videtur
969 3551 1091 3610 secutus
1110 3563 1189 3624 esse,
1211 3546 1263 3631 qni
1284 3565 1332 3610 so-

215 3667 284 3712 nem
306 3651 436 3710 mentem
456 3667 473 3709 e
493 3653 657 3716 mutatione
674 3656 807 3735 pendere
827 3653 942 3731 volunt,
962 3673 1041 3736 quae
1061 3654 1264 3718 vetustissimo
1284 3661 1331 3717 est

216 3755 330 3838 opinio.
374 3757 488 3817 Omnes
512 3757 591 3820 enirn
612 3761 705 3840 prisci
727 3767 757 3822 et
780 3765 890 3842 politae
912 3769 942 3824 et
963 3763 1115 3844 sapientes
1139 3782 1198 3844 pro
1220 3782 1333 3844 eorpo-

214 3865 256 3928 ris
277 3863 438 3926 affectione
460 3883 518 3926 uos
538 3885 645 3948 sapere
666 3869 838 3932 decernunt.

297 4051 347 4111 21.
391 4047 492 4110 Grave
512 4017 608 4132 igitur
625 4057 655 4113 et
685 4053 753 4115 leve
773 4054 977 4134 magnitudine
996 4055 1152 4136 distinguit
1173 4056 1333 4118 Demoeri-

213 4163 272 4218 tus.
315 4155 349 4219 Si
376 4154 455 4217 enim
487 4156 608 4235 (eornm
635 4179 712 4244 quae
731 4179 793 4224 non
815 4167 886 4224 sunt
912 4162 1018 4245 minio)
1040 4163 1267 4246 unumquidque
1288 4163 1330 4224 di-

214 4267 372 4326 scernetur
398 4261 529 4344 (etiamsi
558 4265 655 4329 iormi
675 4267 809 4350 diilernt)
830 4270 984 4351 gravitatis
1006 4278 1144 4334 notorem
1164 4272 1195 4332 in
1214 4271 1327 4350 mogui-
