2956 4860
402 325 486 383 Liber
504 327 525 388 i.
573 327 616 385 De
633 327 786 386 Democriti
806 331 873 388 rita.
1151 335 1195 400 43

97 491 141 552 ιίίί
167 493 296 557 scribunt
324 495 408 558 omni
439 494 524 573 olea,
555 503 714 580 antequam
742 498 853 562 florere
880 501 1041 582 coepisset,
1067 505 1097 565 in
1118 524 1193 585 agro

97 599 203 663 llilesio
224 601 414 685 coemta³⁰),
433 604 585 685 ingentem
607 604 664 666 sibi
690 607 849 686 pecuniam
870 610 1062 688 comparavit,
1093 619 1194 675 osteu-

96 725 174 770 surus
195 729 226 772 se
247 711 383 792 quamvis
411 711 610 792 vilipenderet
637 715 803 793 pecuniam,
824 716 969 777 tamensi
990 717 1090 797 vellet,
1113 721 1192 782 sacili

96 816 206 894 negotio
238 820 361 884 divitem
393 821 470 884 fore.
527 819 645 902 Quodsi
679 821 739 884 hoc
769 821 861 903 paulo
894 823 981 885 aliter
1010 825 1048 886 de
1080 828 1193 890 Demo-

96 921 229 1006 critc³¹)‚
252 949 343 1010 quam
363 929 401 990 de
415 929 540 990 Thalete
561 935 707 1006 narratur,
722 929 797 992 haec
818 931 884 1010 ipsa
902 930 1059 993 diversitas
1080 932 1192 998 indicio

96 1038 135 1093 est
152 1037 308 1099 memoriae
327 1035 417 1117 lapsu
438 1054 501 1099 non
531 1036 630 1100 solum
651 1038 860 1101 Democritum
882 1057 940 1118 pro
964 1039 1088 1103 Thalete
1110 1043 1190 1123 posi-

95 1143 158 1218 tum,
177 1143 227 1203 sed
246 1144 335 1206 etiam
354 1165 419 1208 rem
441 1162 518 1225 quae
537 1145 618 1206 haud
638 1144 730 1208 dubie
751 1144 912 1226 aliquando
936 1151 966 1207 et
989 1146 1026 1208 ab
1049 1168 1111 1211 uno
1130 1156 1194 1211 tan-

96 1250 148 1309 turn
166 1258 247 1330 gesta
266 1259 321 1329 esi,
346 1273 409 1316 non
436 1255 613 1334 incorrupta
633 1254 692 1316 tide
714 1253 852 1316 traditam
873 1272 949 1315 esse.

167 1357 260 1423 Porro
281 1360 436 1442 Diogenes
451 1359 503 1443 ³²)
522 1361 711 1424 Demetrium
727 1360 758 1422 in
773 1361 970 1441 llomouymis
993 1368 1024 1425 et
1040 1361 1194 1426 Antisthe-

94 1479 152 1524 nem
167 1464 196 1527 in
214 1469 468 1549 philosophorum
488 1467 733 1532 successionibus
755 1476 894 1532 auctores
915 1477 1038 1534 secutus
1061 1471 1110 1549 ait,
1132 1474 1194 1534 De-

94 1572 237 1638 mocritum
269 1575 302 1639 in
332 1577 504 1661 Aegyptum
538 1577 578 1640 ad
611 1577 786 1640 sacerdotes
814 1577 997 1659 geometriae
1031 1578 1193 1642 discendae

94 1723 279 1748 Q

95 1825 201 1893 ἐπιδείξαι
222 1831 260 1887 δτι
288 1833 378 1908 ῥᾴδιόν
407 1833 460 1890 ίστι
485 1834 605 1889 πλουτεῖν
631 1840 686 1895 τοῖς
707 1831 869 1907 φιλοσόφοις,
898 1833 928 1888 δν
950 1833 1104 1908 βοθλιυνται,
1127 1836 1190 1890 ἀλλ’

94 1907 198 1965 οθτοῦτ’
227 1915 280 1968 tori
304 1917 362 1987 περὶ
389 1913 402 1968 δ
431 1917 627 1979 σπουδάζουσιν.
667 1920 741 1971 Idem
766 1921 861 1983 legitur
888 1933 930 1983 ap.
955 1921 1028 1985 Diog.
1046 1923 1131 1973 baert.
1148 1921 1191 1973 lib.

93 1989 110 2052 l,
124 1991 155 2046 θδ
175 1991 241 2066 Φησί
262 1996 310 2049 καί
330 1995 344 2049 δ
365 1993 468 2057 Ῥόδιος
484 1995 641 2071 Ἱερώνυμος
666 1998 692 2052 ἐν
716 2001 754 2070 τῷ
776 1995 888 2068 δευτέρῳ
905 2003 959 2050 τῶν
981 1999 1112 2073 σποράδην
1131 1999 1191 2054 bno·

94 2077 233 2144 μνημάτων,
257 2073 297 2130 δτι
319 2075 477 2148 βουλόμενος
503 2077 583 2140 δεῖξαι
605 2079 670 2150 ῥᾷον
695 2078 760 2132 εἶναι
781 2077 916 2144 πλουτεῖν,
943 2086 1025 2153 φορᾶς
1045 2079 1192 2153 μελλούσης

95 2150 175 2207 ίλαιῶν
201 2155 321 2220 ίσισθαι,
352 2159 499 2230 προνοήσας
528 2157 693 2229 ἐμισθώσατο
720 2159 753 2211 τὰ
777 2157 937 2232 ἐλαιουργεῖα
960 2162 1005 2214 καί
1029 2161 1193 2231 πάμπλειστα

95 2233 180 2288 saetis
197 2241 330 2312 γρηματα.
369 2242 406 2293 Cl.
428 2241 463 2293 'abi
484 2243 585 2306 blonag.
607 2243 640 2294 de
658 2255 717 2294 voc.
739 2239 919 2313 ίλαιουργεῑον.

154 2329 189 2394 ³⁰]
207 2333 302 2386 Cicero
333 2333 367 2386 de
387 2334 551 2385 divinatione
577 2333 621 2386 tib.
643 2331 662 2396 1,
680 2331 715 2386 49
741 2359 770 2371 -
796 2347 850 2385 non
873 2335 932 2398 plus
954 2349 1036 2400 quam
1061 2337 1191 2390 liilesium

94 2405 187 2464 Thalem
204 2417 248 2479 qui
266 2419 299 2466 ut
317 2414 502 2480 obiurgatores
519 2429 584 2467 suos
603 2417 777 2467 convinceret
791 2413 1005 2481 ostenderetque,
1018 2409 1107 2468 etiam
1127 2419 1192 2482 pbi-

94 2486 231 2556 losopbum,
259 2497 283 2548 si
313 2496 337 2546 ei
359 2496 533 2548 commodum
559 2499 645 2557 esset,
674 2498 816 2560 pecuniam
846 2494 936 2546 iacere
963 2510 1056 2559 posse,
1083 2511 1192 2549 omnem

95 2569 179 2636 oleam,
200 2581 346 2644 antequam
368 2578 466 2628 llorere
492 2577 639 2641 coepisset,
667 2579 693 2627 in
720 2591 784 2642 agro
799 2575 901 2628 Milesio
924 2577 1057 2628 coemisse
1087 2578 1190 2630 dicitur.

95 2653 314 2710 mmedverterat
330 2657 445 2710 tortasse
466 2657 583 2723 quadarn
601 2659 721 2720 scientia,
747 2659 867 2709 olearum
887 2655 1039 2708 ubertatem
1059 2656 1124 2708 tora.

155 2746 191 2812 ³¹)
206 2750 307 2802 Plinius
333 2749 393 2802 bist
420 2751 473 2800 nat
491 2748 535 2801 lib.
555 2746 637 2799 livill
662 2761 721 2812 cap.
739 2744 779 2799 λθ.
818 2748 917 2800 Ferunt
942 2749 1126 2800 Democritum
1147 2751 1191 2815 qui

96 2825 185 2886 snmus
203 2831 332 2883 intellexit
350 2830 521 2896 ostenditque
546 2844 609 2882 cum
628 2832 708 2882 terris
727 2829 795 2882 coeli
812 2831 978 2890 societatem,
1003 2828 1192 2891 spernentibus

95 2901 154 2958 banc
171 2922 261 2964 curam
289 2912 348 2976 ejus
369 2912 578 2978 opulentissimis
596 2913 704 2974 civium,
727 2912 851 2976 praevisa
877 2910 929 2962 olei
954 2908 1067 2960 caritate
1090 2922 1123 2962 ex
1145 2910 1192 2960 iu-

96 2987 146 3036 turc
162 2989 334 3056 Vergiliarum
354 2997 424 3056 ortu,
448 3007 501 3060 qua
529 2995 644 3047 diximus
670 2994 782 3054 ratione,
805 2992 1034 3055 ostendemusque
1053 2991 1110 3054 jam
1128 2991 1191 3055 ple-

95 3065 153 3129 nius,
168 3083 261 3136 inagna
285 3076 344 3125 tum
368 3075 470 3126 vilitate
494 3079 606 3140 propter
626 3087 703 3139 spem
725 3073 811 3124 olivae
828 3074 962 3124 coemisse
982 3071 1009 3122 in
1026 3073 1084 3121 toto
1103 3074 1192 3122 tractu

95 3158 163 3200 omne
181 3154 275 3218 oleum,
304 3154 464 3206 mirantibus
491 3156 538 3220 qui
556 3158 747 3221 paupertatem
776 3146 804 3204 et
829 3154 946 3218 quietem
964 3151 1148 3203 doctrinarum
1168 3151 1192 3204 ei

95 3229 203 3284 sciebant
216 3235 348 3301 imprimis
365 3236 442 3288 cordi
466 3249 535 3298 essa,
561 3239 643 3301 atque
667 3237 698 3284 ut
722 3233 846 3298 apparuit
863 3246 944 3284 causa
961 3235 989 3282 et
1006 3232 1101 3296 ingens
1119 3232 1193 3282 divi·-

96 3308 180 3364 tiaram
199 3327 311 3380 cursus,
334 3317 484 3369 restituisse
505 3329 624 3369 mercem
643 3315 737 3367 anxiae
764 3316 791 3366 et
810 3313 904 3364 aridae
926 3311 1098 3365 dominorum
1118 3323 1190 3374 pos-

96 3389 214 3460 aitentiae,
235 3399 393 3450 contentum
413 3398 451 3449 ita
473 3397 606 3462 probasse
624 3410 691 3462 opes
708 3394 760 3448 sibi
780 3395 807 3446 in
825 3393 900 3454 incili,
919 3406 1002 3459 quum
1021 3391 1108 3454 vellet,
1127 3390 1191 3443 lore.

155 3483 192 3550 ²²)
208 3489 282 3555 Diog.
305 3490 391 3540 baert.
410 3488 455 3540 lib.
473 3487 515 3552 lll,
529 3487 563 3540 35
593 3483 663 3558 Φησὶ
686 3484 714 3540 δὲ
735 3482 882 3556 Δημήτριος
910 3480 936 3534 ίν
967 3477 1118 3551 δμωνίιμοις
1147 3482 1193 3533 καί

94 3553 243 3638 Ἀντισθένης
265 3569 293 3621 ta
318 3566 462 3641 διαδοχαῖς,
483 3567 649 3640 ἀποδημῆσαι
673 3564 752 3619 ebrie
779 3565 824 3617 καί
844 3561 878 3621 είς
897 3558 1023 3632 Αίγυπτον
1050 3559 1114 3633 πρὸς
1132 3559 1192 3620 roba

98 3634 177 3709 apag,
195 3648 353 3721 γεωμετρίαν
372 3647 556 3721 μαθησόμενον
580 3650 625 3702 καί
647 3647 712 3721 πρδς
731 3643 877 3702 Χαλδαίους
901 3643 947 3696 καὶ
964 3643 1001 3702 είς
1018 3642 1065 3716 τὴν
1082 3637 1193 3714 Περσίδα

96 3719 135 3771 ²21
153 3721 185 3783 tle
212 3728 258 3800 τήν
284 3725 393 3804 ίρυθραίν
422 3727 556 3784 θάλασσαν
582 3726 710 3800 γενίσθαι.
752 3724 813 3785 'late
837 3741 865 3776 τι
888 3727 1105 3796 ρερνοσορισταῖς
1131 3720 1194 3793 φασί

97 3815 153 3860 τινες
172 3807 292 3878 συμμῖξαι
316 3807 394 3862 αδτδν
421 3810 446 3864 ίν
471 3809 552 3882 ’ίνδίηι
570 3812 615 3863 καί
636 3809 672 3870 είς
692 3805 826 3865 Αἰθιοπίαν
846 3801 940 3858 ἐλθεῖν.
973 3806 1050 3867 Quod
1068 3806 1096 3856 in
1114 3805 1192 3856 codd.

97 3879 180 3948 ίθεὶῑῑιί·
200 3889 245 3941 λαὶ
268 3887 332 3962 πρὸς
351 3887 499 3951 Χαλδαίους
524 3891 559 3951 είς
577 3893 624 3965 τὴν
644 3889 756 3965 Περσίδα
775 3891 876 3941 inserto
893 3885 939 3937 καί
957 3890 1019 3938 ante
1040 3883 1075 3942 είς
1096 3898 1193 3936 emen-

98 3960 162 4014 darit
177 3967 327 4026 Perizonius
344 3973 379 4026 ad
395 3975 494 4028 Aelium
515 3988 571 4026 var.
589 3976 649 4026 hist.
667 3973 709 4037 lV,
726 3971 761 4024 20
783 3973 810 4022 Τ.
831 3968 843 4018 l
862 3981 888 4033 p.
908 3965 959 4019 376
984 3967 1025 4020 ed.
1040 3965 1102 4017 Abr.
1121 3967 1194 4017 Gro-

99 4053 163 4108 ¹¹⁰i·i
180 4051 254 4114 cuius
274 4057 405 4108 sententia
430 4060 458 4108 et
476 4054 621 4108 iiuebnero
635 4057 732 4107 arrisit.
768 4053 836 4102 Nam
858 4053 921 4102 licet
945 4047 1042 4101 suidas
1060 4060 1086 4097 v.
1107 4039 1193 4115 Δημό-

98 4135 173 4190 θΡῑτος
190 4132 269 4184 σείσειε
288 4141 383 4188 auctor
402 4139 444 4200 sit,
463 4137 648 4189 Democritum
668 4135 828 4201 discipulum
846 4135 984 4196 Magorum
1005 4131 1033 4180 et
1052 4121 1193 4180 Χαλδαίων

100 4195 192 4274 ίίιρσιῐιν
212 4211 292 4268 tabee
317 4229 349 4268 nc
375 4218 471 4270 Persas
491 4221 518 4269 et
540 4219 621 4270 indos
646 4219 675 4270 et
692 4217 837 4282 Aegyptios
863 4213 961 4265 adiisse
982 4211 1011 4263 et
1029 4211 1195 4275 singulorum

100 4289 247 4350 Doctorum
272 4299 429 4362 sapientiam
454 4299 623 4361 addidicisse,
650 4303 741 4351 tamen
768 4298 908 4360 utriusque
935 4291 1076 4356 scriptoris
1103 4289 1195 4350 verba,
