2892 4872
340 331 426 388 Liber
443 330 478 390 ll.
512 329 556 387 De
572 330 722 390 Democriti
741 335 860 408 scriptis.
1105 339 1164 405 131

60 499 100 562 ed.
126 500 247 562 lluelrn:
277 497 481 584 ἐτυγγαίνομεν
511 497 546 560 δὲ
573 496 642 561 τότε
665 499 734 583 περὶ
764 498 918 584 κόσμου
950 501 1165 577 διαθέσιος

60 605 102 668 καὶ
121 607 341 693 πολογραφίης,
369 605 413 671 ἔτι
446 606 481 669 δὲ
510 604 628 688 ἄστρων
657 604 809 689 οὐρανίων
836 607 1055 694 ξυγγράφοντες
1076 614 1161 678 nullo

59 715 227 778 innumero
250 723 351 798 potest
375 715 487 780 haberi.
540 711 640 776 Alium
663 715 702 777 de
724 717 908 799 geographia
929 719 1064 783 libellum
1083 722 1161 785 inira

59 821 258 904 interscriptos
278 825 486 887 mathematica
505 823 670 886 citabimus.

133 934 186 1013 li)
210 929 287 1016 Περὶ
308 937 368 995 τῶν
391 933 562 1016 πλανήτων.
611 931 660 994 Ad
679 932 755 994 hanc
775 932 1007 1013 disputationem
1028 936 1161 999 releren-

59 1037 120 1100 lum
140 1040 222 1124 quod
246 1047 394 1104 memorat
415 1043 533 1106 Seneca
553 1039 719 1124 quaestion.
732 1041 858 1104 natural.
880 1041 931 1104 lib.
944 1042 1009 1119 Vll,
1024 1043 1058 1106 3:
1082 1049 1162 1121 „De-

57 1148 191 1212 mocritus
216 1169 351 1232 quoque,
377 1150 587 1231 subtilissimus
615 1148 808 1230 antiquorum
837 1149 979 1227 oninium,
1010 1151 1158 1231 suspicari

58 1255 92 1316 ait
109 1276 148 1334 se,
173 1257 282 1338 plures
302 1257 404 1320 stellas
426 1278 492 1320 esse
513 1278 591 1341 quae
610 1261 740 1332 currant,
762 1256 817 1316 sed
836 1275 894 1319 nec
915 1277 1073 1320 numerum
1096 1260 1161 1322 illa-

58 1381 115 1424 rum
134 1367 245 1445 posuit,
269 1385 328 1430 nec
352 1366 489 1444 nomina,
518 1367 653 1430 nondum
682 1365 908 1446 comprehensis
930 1366 1061 1450 quinque
1083 1369 1157 1432 side-

59 1489 116 1534 rum
143 1475 294 1539 cursibus.
342 1477 410 1538 llue
436 1494 531 1555 porro
560 1474 684 1556 respicit
712 1473 894 1536 Aristoteles
925 1481 1050 1541 meteor.
1077 1477 1161 1542 lib.l

59 1583 143 1660 eapti
160 1583 335 1660 testificans,
352 1583 564 1664 Anaxagoram
586 1589 616 1644 et
633 1583 840 1646 Democritum
858 1584 1005 1662 statuisse,
1027 1593 1161 1649 cometas

59 1687 234 1766 planetarum
259 1711 327 1755 esse
346 1691 598 1771 conjunctionem,
626 1711 716 1773 quum
746 1699 874 1772 propter
896 1711 1002 1754 cursus
1021 1692 1161 1756 viciniam

60 1795 172 1862 inlicem
188 1805 315 1882 tangere
333 1800 499 1862 videantur.
529 1799 629 1861 Utitur
639 1803 741 1862 autem
760 1799 806 1862 nis
824 1798 939 1861 verbis:
951 1795 1162 1885 Ἀναξαγόρας

61 1903 104 1984 μὲν
134 1905 186 1971 οὖν
213 1907 269 1970 καὶ
300 1901 489 1989 Δημόκριτός
518 1928 609 1990 φασιν
640 1905 718 1970 εἶναι
742 1907 813 1975 τοὺς
843 1906 978 1990 κομήτας
1006 1907 1160 1994 σύμφασιν

59 2017 107 2074 τῶν
128 2017 291 2100 πλανήτων
324 2010 477 2095 ἀστέρων,
509 2013 580 2078 όταν
609 2013 660 2078 διὰ
693 2015 727 2077 τὸ
756 2015 884 2098 πλησίον
917 2012 1019 2077 ἐλθεῖν
1049 2013 1162 2086 δόξωσι

60 2115 193 2201 θιγγάνειν
217 2122 375 2205 ἀλλήλων.
418 2122 469 2185 Aa
491 2143 580 2204 quem
602 2124 704 2186 locum
725 2123 898 2184 Alexander
915 2123 1161 2204 Aphrodisiensis

62 2225 206 2294 inldeleri
228 2229 366 2294 editione
390 2233 476 2294 Tom.
497 2233 510 2293 l
528 2251 596 2312 pag.
621 2233 681 2296 180
701 2233 776 2298 haee
794 2231 924 2293 notavit:
950 2227 1160 2314 Ἀναξαγόρας

62 2333 105 2412 μὲν
126 2335 242 2401 οὖνκαὶ
264 2335 453 2421 Δημόκριτος
475 2337 671 2421 λέγουσιτὸν
693 2337 827 2422 κομήτην
850 2335 1015 2420 λεγόμενον
1036 2335 1159 2420 ἀστέρα,

62 2440 197 2528 σύμφασιν
225 2445 282 2510 καὶ
304 2447 441 2532 συναφὴν
472 2446 630 2511 εἶναιτῶν
653 2443 862 2530 πλανωμένων
885 2442 1038 2528 ἀστέρων·
1077 2441 1162 2506 οὗτοι

61 2545 90 2608 ii
107 2551 189 2632 elon,
215 2553 234 2617 ό
262 2575 294 2615 τε
316 2556 370 2616 τοῦ
392 2549 514 2639 Κρόνου
537 2553 588 2618 κοιλ
616 2553 632 2616 ό
656 2557 710 2616 τοῦ
733 2551 814 2631 Διός,
834 2553 885 2615 καὶ
906 2553 922 2615 ό
944 2555 999 2634 τῆς
1017 2549 1160 2636 Ἀφροδί-

61 2673 110 2736 της,
126 2661 174 2723 καὶ
197 2663 213 2725 ό
232 2665 292 2726 τοῦ
306 2659 419 2746 Ἄρεος
440 2663 490 2726 καὶ
514 2662 530 2726 ό
553 2665 607 2724 τοῦ
626 2657 756 2744 Ἑρμοῦ.
797 2661 858 2742 (ct.
880 2660 993 2724 Belius
1015 2659 1053 2721 ad
1072 2659 1162 2722 Cleo-

61 2765 321 2848 emineant,
345 2772 364 2834 3
394 2792 426 2852 pe
445 2773 506 2836 307
533 2779 564 2833 et
593 2771 779 2834 Scliaubaoln
806 2771 915 2833 Gesch.
942 2769 997 2831 der
1014 2767 1163 2831 Astrono-

60 2871 116 2935 mie.
154 2879 291 2960 Gotting.
322 2881 458 2956 180ss
488 2900 517 2960 p.
538 2881 599 2943 395
617 2879 716 2960 seqq.)
758 2873 852 2940 Οὔτοι
878 2876 945 2961 γάρ,
973 2874 1045 2938 όταν
1075 2873 1163 2958 ἐγγὺς

62 2975 187 3064 ἀλλήλων
222 2985 389 3071 γένωνται,
431 2985 599 3072 φαντασίαν
635 2983 795 3047 ἀποτελεῖν
830 2985 988 3063 δοκοῦσιν,
1022 2985 1065 3050 ὡς
1101 2980 1162 3066 ἄρα

61 3081 190 3156 ἅπτονταί
209 3117 242 3158 τε
270 3094 414 3176 αλλήλων
442 3093 493 3156 καὶ
514 3091 592 3156 ἔστιν
618 3091 662 3160 εἷς
682 3091 788 3176 ἀστήρ,
811 3093 827 3156 ό
856 3089 1046 3175 καλούμενος
1065 3090 1159 3174 κομή-

62 3212 113 3273 της.
161 3199 324 3288 Σόμφασιν
354 3203 389 3265 δὲ
424 3199 508 3284 λέγει
540 3202 593 3285 τὴν
628 3199 663 3263 ἐκ
688 3200 808 3264 πάντων
840 3205 900 3262 τῶν
941 3197 1159 3278 συνελθόντων,

64 3300 98 3366 ὡς
117 3303 144 3374 ἐξ
172 3307 239 3378 ἑνός
264 3310 430 3394 φαντασίαν
460 3307 637 3392 γενομένην.
687 3309 833 3372 Similiter
858 3313 1018 3391 utrumque
1048 3314 1077 3370 et
1100 3309 1162 3370 De-

64 3413 204 3478 mocritum
227 3423 261 3479 et
280 3416 491 3498 Anaxagoram
512 3424 630 3498 spectat
657 3418 774 3481 Seneca
795 3421 917 3498 Quaest
937 3425 996 3479 nat.
1017 3417 1082 3492 Vll,
1105 3420 1159 3478 11:

64 3519 254 3596 „Quibusdam
276 3525 467 3608 antiquorum
489 3525 564 3587 haec
584 3525 685 3606 placet
706 3523 799 3585 ratio:
832 3543 924 3605 quum
948 3543 985 3587 ex
1004 3524 1099 3586 stellis
1120 3523 1162 3586 al-

65 3627 118 3684 tera
137 3647 168 3690 se
191 3632 277 3694 alteri
299 3631 454 3713 applicuit,
484 3633 616 3696 confuso
645 3633 675 3692 in
702 3650 796 3692 unum
827 3632 954 3693 dirarum
974 3631 1096 3709 lumine,
1118 3632 1161 3693 la-

65 3728 129 3794 oiem
147 3735 294 3820 longioris
318 3739 426 3803 sideris
452 3739 564 3804 reddi.'’
603 3739 759 3801 Adversus
779 3739 987 3801 Democritum
1009 3739 1158 3822 περὶτῶν

67 3829 92 3892 ἐν
109 3837 222 3924 eriperis
243 3847 408 3928 scripserat
425 3847 600 3912 lleraelides
619 3847 772 3910 Ponticus.
815 3845 911 3926 Cujus
933 3846 978 3908 rei
1005 3851 1160 3909 auctorem

65 3939 194 4012 habemus
214 3955 367 4018 Laertium
388 3955 426 4034 V,
446 3955 496 4019 87.

138 4055 186 4120 Ν.
231 4061 285 4143 13)
314 4059 389 4146 Περὶ
413 4059 523 4147 φύσιος
545 4059 583 4124 α’.
630 4061 740 4126 Suidas
761 4079 785 4125 s,
804 4079 832 4125 v.
856 4057 1059 4145 Δημόκριτος·
1085 4057 1160 4145 Περὶ

69 4153 178 4234 eirene
205 4163 322 4254 κόσμου
349 4169 497 4252 appellat,
530 4145 670 4250 litigent
689 4171 778 4250 ΠΗ
806 4169 933 4251 mythol.
962 4169 1162 4252 Phyriologe

68 4279 187 4334 meaa„
638 4291 642 4298 ·

896 4385 958 4450 9*
