2956 4860
407 322 491 379 Liher
509 322 532 378 l.
567 322 610 380 Dc
629 323 780 380 Democriti
798 325 864 380 vita.
1148 331 1187 396 61

101 488 209 551 minime
238 492 434 554 necessariam
474 510 541 554 esse
577 498 678 556 ratus·
722 493 860 576 Denique
890 495 1008 558 Horatii
1042 497 1190 579 interpres

101 617 179 677 quem
204 598 297 682 liquet
317 621 438 662 oausam
465 600 667 663 accusationis
696 620 758 663 non
784 610 867 666 recte
890 605 1053 684 explicare,
1081 608 1112 668 in
1133 610 1191 672 hoc

100 724 159 766 cum
182 707 367 785 Antisthene,
401 709 557 772 Demetrio
591 720 621 772 et
647 704 831 790 'llippoboto
865 730 927 774 non
953 713 1041 776 valde
1070 725 1191 797 pugnat,

99 814 172 893 qood
189 815 281 880 libros
300 819 337 880 de
359 837 393 880 re
415 819 540 898 physica
559 839 577 880 a
594 819 772 881 Democrito
792 821 981 901 conscriptos
990 822 1087 912 judici
1108 825 1192 888 ohla-

99 927 140 984 tos
157 943 220 986 esse
239 927 321 990 dicii.
368 930 497 1008 hlagnns
527 927 642 989 scilicet
664 927 844 990 Diacosmus
864 929 998 1010 physicis
1019 933 1107 1011 hujus
1126 935 1191 1014 phi-

98 1028 204 1112 losophi
232 1037 377 1116 operibus
406 1035 657 1106 odrmmerahatur
671 1035 678 1068 ¹
691 1033 731 1114 ⁵),
759 1055 937 1118 quemquam
967 1045 1088 1118 praeter
1107 1062 1192 1121 egre-

97 1139 169 1218 gium
187 1142 260 1205 illud
282 1146 321 1207 de
343 1165 443 1207 rerum
457 1143 663 1206 universitate
685 1143 827 1206 volumen
847 1143 905 1204 alia
925 1165 1046 1227 quoque
1066 1149 1191 1229 physica

98 1248 154 1323 ejus
174 1253 285 1334 scripta
314 1253 500 1327 terebantur,
529 1271 657 1335 quorum
676 1253 808 1316 omnium
830 1272 929 1335 neque
949 1253 1073 1318 lectioni
1093 1277 1192 1341 neque

96 1357 227 1422 auditioni
245 1361 368 1441 judices
392 1360 563 1424 forensibus
584 1361 714 1442 nogotiis
743 1360 870 1423 districti
888 1382 995 1424 vacare
1013 1365 1191 1444 potuissent.

97 1466 285 1552 Caeteroquin
315 1470 365 1533 hic
391 1469 559 1550 explicator
593 1469 730 1551 quisquis
752 1477 805 1547 est,
837 1469 956 1534 silentio
977 1475 1090 1552 transit,
1113 1474 1192 1537 sicut

96 1573 199 1656 reliqui,
218 1597 299 1659 opus
320 1578 389 1661 napi
410 1583 470 1640 τῶν
493 1576 524 1638 ἐν
537 1571 660 1654 Ἃιδου,
680 1578 766 1656 cujus
786 1579 867 1658 apud
889 1580 986 1642 solum
1006 1581 1192 1646 Athenaeum

96 1681 143 1742 hac
162 1683 191 1746 in
208 1705 241 1748 re
261 1687 376 1748 mentio
402 1692 457 1748 cst
500 1690 601 1768 Quium
622 1693 723 1748 autem
745 1705 808 1748 non
828 1686 982 1750 absumtae
1002 1689 1048 1752 rei
1069 1690 1193 1752 familia-

96 1789 357 1871 constructum,
388 1795 442 1856 sed
465 1803 594 1875 propter
616 1815 708 1875 agros
735 1794 890 1875 neglectos
918 1795 1083 1860 dementiae
1107 1818 1192 1860 rcum

95 1897 193 1962 lactum
210 1922 277 1966 esse
300 1903 506 1964 Democritum
528 1903 678 1982 opinetur,
705 1904 735 1964 in
753 1905 813 1966 hoc
831 1903 929 1966 solum
947 1891 1103 1968 Athenaeo
1123 1907 1193 1970 asti-

94 2007 210 2088 pulatur,
231 2011 318 2094 quod
339 2011 436 2090 injus
458 2019 577 2093 raptum
597 2021 687 2095 atque
707 2013 818 2094 ingenii
841 2019 1105 2077 monumentorum
1125 2035 1192 2096 gra-

95 2115 129 2176 tia
144 2119 318 2182 absolutum
335 2122 542 2191 Democritum
564 2120 668 2182 credit.
700 2122 859 2185 Postremo
878 2122 1085 2192 Democritum
1107 2142 1194 2203 prae·

94 2225 146 2286 mio
166 2227 311 2292 donatum
339 2249 406 2292 esse
432 2233 571 2294 universe
595 2229 719 2306 indicat,
749 2249 810 2312 quo
836 2249 899 2290 non
920 2229 977 2292 uisi
997 2229 1192 2308 Antisthenis,

95 2331 226 2399 Demetrii
246 2345 281 2402 et
311 2339 477 2420 Hippoboti
503 2339 633 2400 narratio
661 2338 863 2400 continuatam.
905 2339 1019 2400 Verum
1039 2344 1193 2422 utcunque

95 2439 158 2504 haec
176 2465 208 2508 se
226 2449 348 2525 hebent,
366 2448 475 2510 victrix
502 2447 558 2511 tuit
580 2446 747 2510 Democriti
772 2445 927 2527 sapientia,
948 2452 982 2508 ut
1001 2467 1038 2509 ex
1057 2445 1093 2510 iis
1116 2467 1193 2528 quae

94 2552 221 2630 superius
240 2557 385 2618 adnotata
403 2563 481 2632 sunt,
500 2555 638 2618 efficitur.

165 2662 262 2727 Porro
299 2664 336 2724 ab
370 2663 546 2728 Antisthene
565 2663 616 2745 ¹⁶)
649 2663 732 2744 apud
769 2664 938 2744 Diogenem
964 2661 1107 2724 traditum
1139 2668 1193 2738 est,

94 2763 293 2834 Democritum
321 2773 387 2836 sisa
413 2774 496 2836 varie
522 2773 651 2854 probare
678 2779 708 2835 et
736 2772 896 2853 explorare
922 2769 1084 2845 studuisse,
1104 2771 1195 2832 inter-

94 2870 156 2936 dum
182 2879 213 2942 in
240 2882 406 2945 solitudine
428 2890 584 2966 vagarrtcm
613 2887 703 2963 atque
726 2881 756 2942 in
781 2879 930 2961 sepulcris
949 2886 1193 2943 cornmorantem.

93 2979 194 3048 Eadem
216 2991 310 3053 hahet
326 2992 494 3072 llesyohius
523 2987 731 3070 athesius¹⁷).
775 2991 908 3072 Utroque
929 2987 1000 3050 loco
1021 2985 1193 3070 δοκιμάζειν

94 3091 140 3159 τὰς
160 3097 331 3180 φαντασίας
350 3101 423 3162 nihil
442 3107 496 3176 est,
518 3099 575 3161 uisi
601 3100 760 3182 inquirere,
784 3097 855 3180 qnid
878 3095 908 3157 ἐν
930 3097 996 3162 ταῖς
1016 3095 1195 3178 φαντασίαις

94 3221 156 3266 rore
173 3210 212 3290 τῇ
243 3205 338 3292 φύσει
366 3215 397 3270 et
425 3207 496 3290 quid
522 3206 666 3287 opinione
692 3213 806 3270 tantum
826 3209 866 3290 τῇ
885 3203 959 3288 δόξῃ
982 3203 1021 3266 sit
1038 3200 1097 3283 ¹⁸).
1139 3201 1195 3265 llic

95 3320 271 3378 secretorum
298 3315 440 3379 locorum
469 3335 555 3376 anaor
584 3315 760 3378 Democrito
787 3314 930 3394 proprius
957 3333 994 3375 ae
1024 3310 1195 3393 peculiaris,
1240 3331 1243 3338 ·

95 3417 127 3480 do
146 3441 206 3503 quo
232 3422 420 3486 Antisthenis
443 3423 617 3504 philosophi
640 3424 748 3486 eodem
768 3430 913 3503 'tempore
941 3421 1014 3484 clari
1034 3418 1197 3484 auctoritas

95 3523 222 3593 dubitare
242 3550 302 3596 nos
326 3552 389 3596 nou
411 3530 490 3607 sinit,
512 3531 601 3595 valde
629 3530 769 3612 congruit
796 3551 865 3594 eum
891 3531 945 3594 illo
966 3529 1078 3592 latendi
1097 3527 1197 3592 studio

94 3685 286 3706 ᾖ*

158 3785 195 3850 “)
214 3785 281 3838 Vide
299 3787 365 3838 inira
383 3787 426 3838 lib.
446 3789 475 3838 ll.

159 3877 201 3943 ¹⁸)
215 3881 386 3930 Antisthenes
404 3895 446 3944 ap.
466 3879 538 3944 Diog.
556 3879 600 3930 lih.
619 3879 661 3942 tx,
681 3875 727 3930 38:
745 3875 818 3949 ἤσκει
838 3876 875 3934 at.
896 3877 973 3948 ppulo
993 3873 1007 3927 h
1023 3871 1199 3943 Ἀντισθένης,

94 3956 275 4107 ἓιαξαιίνέἓενς
301 3956 449 4028 houptine
474 3959 520 4018 τὰς
540 3957 691 4030 φαντασίας,
713 3958 851 4031 ἐρημάζων
872 3958 952 4010 latore
971 3959 1086 4015 καὶτοῖς
1107 3957 1199 4028 τάφοις

172 4055 185 4108 p
255 4076 262 4090 .

160 4131 197 4192 ¹⁷)
216 4131 328 4198 hesych.
349 4132 465 4184 hlilesins
489 4146 514 4196 p.
535 4129 626 4183 18011·
649 4131 724 4183 01'011·

95 4295 132 4348 m
161 4221 200 4284 ¹⁸)
227 4224 267 4356 lg
292 4227 367 4278 recto
390 4224 457 4278 haec
485 4223 568 4276 verba
597 4225 714 4276 declarat
745 4223 856 4276 Orethus
885 4225 912 4274 in
940 4222 999 4275 adn.
1028 4222 1062 4272 ad
1084 4220 1198 4286 llesych.

118 4297 169 4352 ies.
188 4316 214 4367 p.
252 4302 290 4356 ·l.
