2956 4860
387 300 472 358 Llher
487 302 509 357 l.
545 300 589 355 De
607 299 760 356 Democriti
782 303 848 358 vita.
1129 305 1172 370 49

72 469 249 534 contendisse
267 469 416 532 dicerent:
447 467 478 530 id
502 469 615 549 partim
636 468 743 532 lolsum
775 475 831 545 est,
855 471 962 550 partim
981 490 1095 534 rerum.
1136 474 1170 536 ln

69 577 143 640 ludia
172 597 258 660 quam
280 583 349 640 ante
369 577 575 640 Alexandrum
600 578 742 658 Magnum
763 595 852 639 nemo
875 577 1063 642 Graecorum
1080 581 1170 644 intra-

69 687 105 748 vit
129 707 189 750 uon
218 687 273 750 fuit
300 686 513 762 Democritius,
545 705 726 768 quamquam
756 685 788 748 in
816 685 895 749 libro
921 687 959 748 de
978 688 1170 770 Geographia

68 795 171 875 scripto
199 801 417 858 commentatus
444 801 508 856 erat
536 793 574 854 dc
602 793 694 854 rebus
722 793 847 871 Indicis,
879 795 1048 877 dequibus
1077 797 1168 860 fando

66 901 168 984 aliquid
187 912 363 986 acceperat;
392 903 423 965 id
450 901 533 985 quod
561 901 719 964 Strabonis
745 902 932 964 auctoritate·
954 903 1169 965 demonstrabi-

65 1029 125 1073 mus
149 1011 248 1076 lib.ll
279 1032 317 1076 eo
346 1010 436 1086 loco,
465 1009 590 1092 ubido
619 1028 713 1088 opere
732 1009 790 1072 isto
811 1007 1007 1071 Democriteo
1036 1030 1167 1091 agemus.

66 1119 170 1182 Contra
186 1121 218 1182 iu
238 1119 402 1200 Aethiopia
424 1119 517 1181 luisse
539 1116 758 1194 Democritum,
784 1117 921 1180 Meroen·
934 1123 1016 1179 certe
1036 1119 1078 1180 ibi
1099 1119 1169 1182 visi-

66 1232 143 1304 tasse,
168 1229 240 1291 satis
265 1235 349 1309 patet
375 1247 413 1289 ex
443 1226 495 1289 illo
526 1225 812 1288 commentariorum
831 1226 991 1288 moralium
1012 1233 1095 1290 tomo
1118 1231 1169 1311 qui

64 1334 124 1416 περὶ
143 1315 201 1398 riht
231 1333 264 1398 ἐν
291 1331 400 1417 Μερόῃ
425 1333 514 1417 ἱερῶν
538 1333 724 1418 γραμμάτων
749 1331 866 1396 titulum
887 1335 1018 1416 gerebat
1059 1337 1169 1419 Neque

64 1441 91 1500 id
106 1441 209 1524 mirum
232 1442 331 1507 videri
360 1449 462 1523 potest
483 1441 648 1524 reputanti,
678 1439 858 1522 Aethiopiae
889 1444 1029 1524 regiones
1050 1454 1169 1526 septen-

65 1547 204 1626 trionales,
235 1550 276 1613 de
304 1549 413 1632 quibus
442 1550 563 1613 disserit
583 1550 759 1612 llerodotus
780 1549 830 1612 lib.
852 1551 887 1628 ll,
910 1553 998 1615 29-
1011 1553 1062 1629 30,
1087 1554 1167 1616 illius

65 1657 167 1718 sacculi
186 1657 317 1720 Graecis
334 1658 399 1735 jam
429 1657 522 1722 luisse
543 1665 648 1735 notae,
675 1641 748 1720 licet
774 1655 929 1741 plerique,
956 1661 986 1721 in
1007 1661 1117 1743 quibus
1138 1668 1168 1724 et

65 1763 121 1844 ipse
150 1765 326 1828 Herodotus
360 1771 416 1840 est,
447 1765 542 1846 magis
577 1785 627 1828 eas
659 1772 802 1828 accurata
835 1767 964 1831 aliorum
996 1769 1168 1832 narratione

47 1891 143 1964 ,quam
157 1873 382 1954 peregrinando
405 1874 541 1954 cognitas
559 1874 712 1936 haberent.
754 1875 788 1935 ln
809 1871 923 1937 Arabia
943 1877 1035 1940 lauisse
1058 1880 1168 1941 Demo-

64 1979 161 2044 critum
184 1981 246 2045 soli
275 1981 372 2044 Plinio
404 2001 466 2044 non
494 1981 586 2044 credo
616 1982 764 2060 narranti,
794 1984 846 2066 qui
869 1985 929 2046 hoc
949 1984 1018 2046 iude
1040 1987 1168 2048 fortasse

65 2089 214 2168 conclusit,
253 2090 338 2172 quod
368 2090 451 2171 apud
480 2096 598 2151 veteres
628 2088 743 2169 legerat
771 2091 946 2154 Abderitam
976 2093 1015 2156 ad
1044 2092 1169 2156 rubrum

64 2214 135 2258 mare
155 2206 378 2260 commoratum
401 2217 477 2274 csse,
505 2196 560 2259 sed
590 2197 649 2260 hoe
677 2197 787 2259 licebat
815 2199 904 2262 etiam
923 2199 1096 2282 Aegyptum
1116 2221 1170 2282 pe-

65 2307 192 2384 ragranti
233 2306 329 2388 Quod
353 2304 501 2388 reliquum
523 2311 569 2366 est
596 2304 696 2366 fabula
718 2324 736 2365 a
757 2305 878 2368 Juliano
898 2309 1029 2372 Caesare
1050 2309 1088 2370 de
1108 2311 1169 2369 De-

65 2415 180 2476 mocrito
204 2413 296 2476 Darii
314 2413 508 2476 consolatore
527 2413 557 2474 in
584 2412 721 2493 epistolis
744 2415 913 2496 perscripta
935 2416 1060 2478 stultum
1079 2416 1170 2478 hahet

65 2519 249 2584 architectum
280 2520 331 2604 qui
352 2521 499 2599 nesciret,
527 2521 651 2583 Darium
672 2522 831 2602 llystaspis
862 2522 957 2586 lilium
971 2525 1036 2602 jam
1059 2522 1107 2585 Ol.
1129 2523 1169 2584 73

63 2645 133 2690 anno
154 2631 172 2690 4
194 2631 245 2693 vel
268 2637 336 2690 ante
358 2627 428 2691 Chr.
449 2650 477 2692 ιι.
501 2631 562 2692 485
577 2629 684 2694 ‘mtrlto
710 2635 779 2692 autc
806 2631 972 2694 Democriti
998 2636 1098 2692 ortum
1120 2649 1171 2690 ex-

63 2735 192 2814 spirasse,
211 2737 341 2800 Darium
361 2738 528 2800 secundum
549 2745 657 2814 autem,
681 2739 732 2818 qui
753 2737 790 2800 ab
813 2739 1000 2819 Olympiadis
1026 2739 1067 2801 88
1090 2757 1169 2798 antio

63 2843 192 2927 iusque
223 2846 266 2908 ad
293 2844 483 2926 Olympiadis
510 2847 551 2908 94
586 2865 696 2908 annum
720 2847 849 2927 primum
877 2845 926 2910 vel
948 2847 985 2908 ah
1006 2865 1084 2908 anno
1108 2847 1169 2906 teo

63 2969 149 3033 osque
167 2955 207 3017 ad
233 2973 347 3016 aunum
377 2955 439 3016 404
461 2960 531 3016 aute
556 2954 626 3016 Chr.
650 2973 679 3016 n.
704 2954 849 3035 regnavit,
878 2963 946 3016 ante
965 2953 1169 3034 Parysatidctn

63 3075 180 3122 morem
215 3062 348 3139 obiisse,
381 3067 415 3124 ut
449 3073 487 3122 ex
519 3059 668 3123 Anabasis
695 3063 939 3143 Xenophonteae
965 3061 1049 3123 initio
1081 3041 1171 3122 nobis

66 3177 249 3248 compertum
277 3178 331 3234 est
376 3172 500 3233 Praeter
522 3169 600 3231 hauc
626 3168 699 3232 alias
727 3171 756 3231 ei
781 3171 874 3234 luisse
896 3187 1009 3231 uxores
1030 3187 1092 3230 non
1111 3187 1172 3230 me·

63 3274 127 3336 mini
149 3297 197 3338 me
226 3277 332 3358 legere
356 3279 386 3339 in
406 3278 599 3358 antiquorum
619 3277 748 3358 scriptis.
771 3299 811 3326 -·-
844 3270 847 3276 ’

120 3383 209 3447 Nunc
219 3383 261 3446 ad
273 3386 347 3447 duas
360 3405 408 3446 res
422 3387 590 3462 transimus,
597 3405 675 3468 quae
685 3385 800 3447 etiamsi
817 3385 899 3447 omni
912 3386 974 3448 lere
987 3383 1173 3447 dubitatione

64 3491 364 3574 carent,negligcuter
373 3476 659 3555 tantena'veteribus
669 3493 795 3556 traditae
804 3499 922 3570 sunt,ut
930 3493 1002 3555 nihil
1010 3492 1067 3554 nisi
1076 3492 1174 3573 suspi-

63 3597 158 3660 tiones
175 3607 206 3662 et
220 3601 415 3680 conjecturae
423 3600 546 3662 relictae
555 3601 643 3664 uobis
655 3601 819 3662 videantur.
841 3601 943 3664 Altera
957 3600 1174 3664 estDcmocriti

65 3723 128 3766 cutu
146 3695 306 3788 Leucippo
323 3714 524 3787 praeceptore
536 3709 758 3784 commercium,
774 3708 868 3770 altera
881 3708 970 3770 itera
991 3709 1178 3788 philosopho

64 3823 164 3875 nostro
187 3815 217 3876 in
242 3814 355 3877 ltaliam
376 3814 551 3876 ulteriorem
570 3816 690 3878 lactum.
737 3815 821 3877 Nihil
841 3817 923 3898 apud
942 3817 1110 3897 Diogenem
1122 3815 1173 3896 ⁵⁰)

66 3917 100 3982 de
125 3921 287 4003 Leucippo
316 3921 483 3985 Democriti
510 3922 652 4002 utagistro
680 3932 799 4004 praeter
826 3924 899 3986 haec
924 3927 1019 3987 verba
1049 3923 1174 4006 ὕστερον

68 4025 98 4086 δὲ
121 4027 288 4112 ,laualrrrrtp
311 4028 470 4114 παρέβαλε
502 4030 763 4110 deprehendimus.
813 4032 895 4095 Dicit
917 4041 1016 4095 autem
1038 4031 1174 4115 ὕστερον,

68 4179 265 4195 h

131 4275 170 4336 Μ’)
190 4275 266 4339 Dlog.
286 4269 370 4328 laert.
391 4275 435 4328 lib.
454 4274 496 4336 lh,
516 4273 558 4328 34.
