2984 4876
304 313 367 382 190
636 313 833 379 Qmsrtioauu
860 313 1096 372 Danoaritoarun

389 482 459 548 166.
497 477 714 566 Ἐκτρόπονται
734 479 846 546 πολλοὶ
873 477 946 550 robe
966 479 1092 566 φίλους,
1113 479 1189 567 ἐπὴν
1216 479 1248 553 ἐξ
1269 475 1407 564 εὖπορίρς

304 589 349 660 εἰς
369 589 476 674 πενίην
499 587 705 674 μεταπόσασι.
745 591 944 654 Democrates
963 609 1012 670 op.
1031 588 1125 654 Orell.
1143 611 1173 655 u.
1195 592 1245 656 67.

390 700 461 764 166.
496 691 602 782 Ὅτιιρ
633 697 713 782 μηδὲ
739 695 891 782 ἀμύνουσι
921 695 971 760 ἐπὶ
1004 697 1121 761 πολλόν
1155 698 1185 762 οἱ
1218 695 1408 784 πειραθέντες

304 806 399 892 poet,
422 805 596 890 όόςτροποι.
637 807 811 871 Domoorat.
831 805 926 870 Orell.
950 826 980 869 u.
1002 807 1053 871 66.

390 917 461 981 167.
497 911 603 984 Ἄξιον
626 911 810 998 ἀνθρώπους
836 911 943 983 όόντοις
964 911 1014 977 ἐπ’
1047 912 1220 1000 ἀνθρώπων
1243 913 1409 1000 ξομρορῇοι

306 1025 348 1113 μὴ
367 1022 475 1110 petia,
496 1018 569 1086 ἀλλ’
595 1014 831 1106 όλορόρεσθαι’
853 1023 1027 1086 Domoorat
1048 1025 1144 1088 Orell.
1163 1043 1193 1089 u.
1215 1027 1267 1090 74.

390 1133 460 1198 168.
505 1125 575 1194 Oios
594 1128 708 1213 ἡδονὴν
732 1125 840 1214 ἔχουσι
862 1129 894 1192 αἱ
917 1133 978 1194 τῶν
1001 1129 1100 1202 πέλας
1120 1131 1283 1220 ξυμφοραί,
1312 1127 1348 1194 ob
1367 1127 1408 1198 io·

303 1243 384 1304 νιόισι
405 1238 461 1323 μὲν
492 1239 536 1306 ab<
560 1233 598 1300 τὰ
619 1239 673 1320 τῆς
697 1235 794 1323 τόχης
816 1236 904 1302 κοινὰ
929 1239 1019 1320 πᾶσι,
1043 1237 1214 1326 ἀπορέουσι
1242 1241 1277 1304 bi
1300 1235 1410 1321 οόκηῖης

303 1349 414 1434 χαρᾶς.
457 1346 544 1410 Stob.
566 1344 649 1410 Flor.
675 1347 770 1426 cx11,
794 1349 842 1411 10.

386 1455 456 1519 169.
499 1452 552 1537 Μὴ
582 1455 672 1534 πᾶσι,
701 1452 782 1518 ἀλλὰ
807 1455 887 1517 τοῖσι
913 1453 1065 1538 θοκόμοισι
1093 1455 1265 1520 πιστεύειν·
1299 1453 1333 1519 τό
1359 1450 1408 1538 μὲν

302 1562 360 1648 γὰρ
382 1561 503 1645 εὔηθες,
526 1563 561 1625 τό
585 1561 619 1626 δὲ
642 1559 883 1646 σωφρονόοντος.
927 1565 1099 1627 Democrat.
1120 1565 1219 1630 Orell.
1232 1585 1261 1630 n.
1285 1565 1334 1629 39.

389 1671 459 1734 170.
503 1665 564 1734 Τόν
586 1669 706 1754 φαῦλον
724 1667 971 1755 παραφυλάττειν
995 1669 1069 1748 δέει,
1082 1671 1124 1755 μὴ
1147 1675 1258 1757 καιροῦ
1276 1670 1407 1756 λάβηται.

302 1783 476 1843 Democrat.
499 1777 595 1841 Oreli.
622 1797 651 1840 11.
673 1778 726 1843 63.

389 1886 460 1950 171.
503 1885 638 1971 Δόκιμος
658 1883 735 1970 ἀνὴρ
750 1883 802 1949 καὶ
824 1881 973 1967 ἀδόκιμος
992 1881 1049 1949 οόκ
1073 1883 1109 1950 ἐκ
1131 1889 1194 1951 τῶν
1213 1888 1342 1974 πρήσσει
1361 1881 1432 1977 μό·-

302 2014 366 2072 νον,
389 1991 543 2058 ἀλλὰκαὶ
571 1993 688 2058 ἐκτῶν
714 1991 866 2078 βούλεται.
912 1994 987 2058 Ibid.
1008 2013 1038 2058 ιι.
1062 1995 1112 2058 33.

388 2106 459 2168 172.
501 2099 714 2185 Χαριζόμενος
731 2098 921 2187 προσκόπτεο
951 2101 1002 2165 τόν
1022 2101 1232 2188 λαμβάνοντα,
1259 2103 1299 2188 μὴ
1322 2099 1408 2166 κακόν

301 2207 367 2276 ἀντ’
389 2209 511 2294 ἀγαθοῦ
529 2208 675 2295 κίβδηλος
697 2207 758 2272 ἐὼν
781 2205 901 2292 ἀποδῷ.
941 2209 1067 2274 Ibion.
1090 2213 1141 2275 59.

386 2547 456 2612 165.
498 2547 588 2613 Multi
606 2547 720 2612 amieos
743 2546 883 2626 devitant,
909 2547 1031 2631 quaudo
1061 2567 1099 2612 ex
1119 2549 1222 2632 ampla
1245 2543 1409 2612 fortunam

299 2661 509 2740 paupertatem
529 2656 709 2720 inciderunt.

386 2765 457 2829 166.
500 2763 560 2827 Cui
584 2784 625 2828 ne
654 2763 743 2828 amici
763 2763 884 2846 quidem
913 2763 965 2828 diu
988 2765 1109 2846 probati
1136 2785 1229 2849 opem
1259 2764 1364 2838 ferunt,
1384 2757 1407 2818 is

299 2890 440 2937 morosus
463 2877 510 2936 est
531 2876 623 2937 homo
645 2881 676 2936 et
699 2871 839 2936 difficilis.

387 2981 457 3045 167.
499 2981 645 3044 Homines
666 3001 759 3064 quum
780 2981 883 3058 simus,
903 2981 1047 3044 humanas
1067 2979 1253 3044 calamitates
1273 2996 1329 3041 uos
1350 2989 1406 3038 non

299 3088 435 3168 irridere,
456 3089 511 3152 sed
532 3089 692 3171 deplorare
713 3089 862 3152 convenit

388 3194 458 3260 168.
502 3196 622 3279 Quibus
641 3197 770 3261 aliorum
789 3215 838 3259 res
859 3196 1005 3259 adversae
1022 3193 1172 3275 voluptati
1192 3200 1270 3273 sunt,
1290 3192 1406 3255 illinon

299 3302 479 3384 intelligunt,
500 3304 641 3369 fortunae
663 3325 752 3370 ossus
777 3305 917 3369 omnibus
945 3322 1014 3367 esse
1033 3320 1212 3366 communes
1239 3307 1269 3364 et
1287 3295 1405 3383 proprio

299 3409 411 3492 gaudio
431 3417 543 3475 carent.

386 3519 456 3582 169.
499 3519 573 3584 Νοιι
602 3522 757 3599 omnibus,
786 3521 841 3585 sed
868 3523 1011 3604 spectatis
1040 3521 1211 3600 fidendum:
1238 3518 1312 3582 illud
1332 3513 1405 3578 enim

299 3625 391 3704 stulti,
413 3627 472 3690 boo
491 3631 648 3708 prudentis
668 3636 722 3694 est

386 3736 456 3799 170.
497 3737 673 3818 Improbum
697 3737 862 3801 observare
886 3757 943 3802 nos
966 3743 1097 3820 oportet,
1116 3755 1156 3798 ue
1177 3730 1335 3815 (nocendi)
1356 3747 1404 3789 oo-

300 3842 453 3908 oasionom
470 3845 603 3927 arripiat.

385 3952 456 4016 171.
498 3954 556 4017 Vir
583 3956 700 4036 probus
727 3963 780 4020 aut
805 3953 963 4036 improbus
981 3970 1044 4014 non
1064 3969 1103 4014 ex
1123 3948 1267 4032 operibus
1287 3950 1400 4016 tautum,

298 4060 353 4122 sed
374 4060 462 4123 etiam
482 4081 520 4124 ex
540 4062 694 4126 voluntate
713 4069 875 4145 spectatur.

384 4168 454 4232 171.
498 4171 585 4248 Vide,
605 4171 654 4234 oui
673 4172 853 4235 beneficium
873 4170 936 4246 deo,
955 4185 995 4230 ne
1013 4167 1101 4244 torte,
1123 4166 1149 4228 si
1178 4159 1320 4228 subdolas
1341 4155 1398 4216 sue·

296 4275 344 4354 rit,
365 4275 476 4340 malum
497 4298 556 4360 pro
577 4279 660 4346 bono
682 4280 737 4343 tibi
756 4277 870 4343 reddat.
