2932 4862
324 309 410 366 Liber
427 311 477 366 iii.
518 311 590 368 Ado.
608 311 642 366 ad
662 310 740 394 θρα.
760 327 805 384 op.
822 313 917 387 trago.
1117 319 1182 386 353

63 475 93 540 in
117 477 154 541 iis
174 495 252 561 quae
270 477 378 542 eodem
396 476 495 559 capite
517 477 555 542 de
568 478 755 560 Empedocle
772 479 847 542 dixit
867 481 1033 546 Stobaeus:
1052 483 1180 570 τέτταρα

63 585 99 648 δὲ
124 590 188 655 ταῖς
214 585 376 670 στοιχείοις
404 583 552 669 ἰσάριθμα
582 584 708 663 λευκόν,
740 584 855 668 μέλαν,
881 587 1031 672 ἐρυθρόν,
1063 593 1176 676 ὠχρόν.

63 693 187 774 Quippe
211 692 324 756 erroris
349 694 430 757 huno
451 694 633 775 scriptorem
659 701 742 756 recte
772 700 902 774 arguunt
921 696 1126 762 Schneiderus
1148 709 1178 762 et

61 801 267 878 marcuardus,
290 821 327 864 ea
346 800 385 864 ab
408 799 462 864 illo
488 803 526 864 de
547 801 746 882 Agrigentino
767 801 952 882 philosopho
973 804 1054 868 diota
1078 807 1179 870 existi-

60 913 177 970 mantes
197 929 274 990 quae
303 911 341 972 de
370 909 557 973 Abderitano
586 908 647 971 dici
673 907 840 972 debuerint
891 917 1081 994 Quamquam
1098 917 1177 978 enim

61 1016 225 1095 separatim
257 1017 296 1078 de
326 1025 456 1101 utroque
485 1016 610 1097 exponit
639 1035 737 1098 neque
763 1035 892 1096 prorsus
924 1020 1029 1082 eadem
1057 1023 1177 1104 utrique

61 1123 201 1202 ascribit,
223 1123 316 1188 modo
345 1125 376 1187 in
404 1126 441 1189 iis
471 1143 548 1208 quac
575 1123 613 1186 de
643 1123 822 1186 Democrito
851 1124 1023 1204 produntur
1049 1128 1176 1212 χλωροῦ

61 1226 257 1290 scribendum
279 1249 345 1294 esse
374 1239 503 1310 statuas,
534 1239 632 1294 tamen
655 1229 725 1312 plus
753 1230 825 1292 fidei
845 1232 876 1292 in
895 1232 941 1294 bis
963 1234 1055 1296 rebus
1076 1235 1178 1298 Theo-

61 1337 188 1415 phrasto
210 1338 328 1421 estqui
350 1339 402 1402 lib.
425 1341 463 1404 de
482 1359 560 1403 saus.
588 1337 616 1422 ᾗ.
639 1339 679 1402 59
709 1338 746 1400 de
770 1337 955 1418 Empedocie
972 1339 1025 1402 ait:
1065 1334 1175 1422 Ἐμπε-

62 1441 176 1524 δοκλῆς
195 1443 231 1506 δέ
253 1444 392 1528 καὶπερὶ
413 1448 473 1510 τῶν
499 1446 686 1531 χρωμάτων,
709 1445 761 1508 καὶ
787 1444 886 1508 ὅτιτὸ
910 1445 965 1528 μὲν
988 1447 1098 1508 λευκὸν
1120 1450 1175 1510 ταῦ

59 1548 169 1632 πυρός,
191 1551 225 1614 τὸ
254 1552 289 1616 δὲ
313 1551 409 1635 μέλαν
438 1555 493 1616 ταῦ
515 1553 635 1621 ὕδατος.
678 1553 786 1614 Addit:
815 1552 845 1614 oi
866 1549 895 1612 δ’
919 1550 1010 1615 ἄλλοι
1030 1556 1174 1616 τυσοῦτον

61 1653 168 1748 μόναν,
192 1655 237 1720 ότι
257 1657 292 1722 τό
313 1680 346 1721 τε
365 1659 475 1722 λευκόν
498 1658 600 1722 καὶτὸ
623 1658 718 1742 μέλαν
733 1657 835 1743 ἀρχαί,
854 1657 891 1721 τὰ
911 1657 940 1721 δ’
966 1659 1047 1722 ἄλλα
1076 1681 1174 1743 μιγνυ-

53 1762 163 1845 μένων
193 1765 306 1846 γίνεται
329 1764 457 1831 τούτων.
504 1766 562 1830 Cui
589 1767 662 1828 loco
684 1766 859 1847 jungendus
878 1766 956 1830 atius
977 1767 1047 1830 ibid.
1068 1765 1097 1851 ἕ.
1119 1771 1173 1832 79:

59 1871 92 1932 oi
115 1869 172 1963 γάρ
197 1871 287 1936 άλλυι
306 1873 340 1936 τὸ
365 1873 474 1936 λευκὸν
498 1872 549 1934 καὶ
570 1872 604 1934 rb
625 1869 720 1954 μέλαν
751 1875 794 1940 ὡς
815 1872 930 1938 ταότων
951 1872 1057 1937 ἁπλῶν
1079 1872 1174 1939 ὄντων

60 1999 176 2061 μυνων.

145 2087 195 2151 32.
239 2090 272 2151 in
304 2089 402 2170 prima
440 2088 644 2152 enuntiatione
675 2086 768 2169 vulgo
800 2087 958 2170 legebatur
990 2088 1173 2174 ἀπασκιάζῃ,

59 2195 145 2276 quod
170 2196 374 2259 Schneiderus
406 2203 490 2259 recte
516 2195 642 2258 mutavit
671 2195 702 2256 in
730 2193 900 2266 ἐπισκιάζ.
951 2197 984 2258 ln
1005 2196 1105 2258 verbis
1127 2195 1177 2258 δεῖ

59 2301 98 2362 δὲ
119 2300 170 2365 καὶ
191 2301 367 2388 εὐθότρυπα
386 2323 463 2386 quae
483 2303 557 2367 olim
577 2302 623 2366 sio
645 2300 812 2364 edebantur
834 2299 906 2364 ὅθεν
929 2302 980 2365 καὶ
1001 2299 1174 2384 εὐρότρυπα

59 2409 180 2489 priores
202 2411 279 2474 dnae
299 2431 393 2475 voces
417 2433 435 2474 e
457 2410 525 2473 eod.
538 2409 630 2472 Paris
652 2407 765 2490 petitae
783 2416 861 2486 sunt,
882 2416 1038 2491 postrema
1049 2409 1172 2471 Schnei-

59 2516 126 2577 deri
153 2520 347 2597 conjecturae
373 2518 509 2583 debetur.
558 2518 719 2580 Praeterea
746 2515 876 2580 cincimo
904 2536 973 2579 oum
994 2515 1102 2579 eodem
1122 2535 1174 2578 oo

59 2621 128 2683 dice
148 2621 226 2687 bene
249 2645 430 2690 conversum
451 2633 496 2688 est
515 2625 547 2687 in
569 2622 605 2688 ἂν
629 2623 731 2700 ἄσκια,
761 2625 845 2706 quod
867 2625 931 2703 jam
953 2622 1019 2686 aliis
1041 2623 1071 2684 in
1090 2642 1174 2686 meu·

56 2737 119 2791 tem
141 2739 272 2795 venerat.
316 2733 564 2816 insequentibus
585 2749 643 2812 pro
663 2728 742 2793 εἶναι
762 2729 800 2792 τὰ
822 2728 947 2814 ψαθυρὰ
970 2729 1020 2794 καὶ
1039 2730 1079 2792 ad
1104 2749 1172 2793 sen-

57 2856 126 2897 sum
145 2843 216 2916 apte
242 2842 380 2921 reposuit
409 2839 612 2904 Schneiderus
638 2834 676 2899 τὰ
707 2835 742 2898 δὲ
770 2837 897 2921 ψαθυρὰ
924 2837 984 2900 καὶ.
1036 2839 1096 2900 Pro
1117 2839 1171 2922 τήν

57 2941 95 3004 θ’
119 2941 194 3026 ὅλην
223 2945 303 3016 τάξιν
332 2947 425 3028 vulgo
451 2945 642 3010 scribebatur
666 2943 720 3025 τὴν
743 2940 773 3004 δ’
799 2942 885 3026 ὅλην.
921 2945 957 3006 ln
974 2944 1075 3006 verbis
1096 2943 1172 3008 διότι

58 3051 130 3111 λεῖα
149 3050 201 3112 καὶ
223 3051 340 3115 πλατέα
361 3053 457 3116 secuti
479 3071 585 3116 sumus
605 3051 768 3114 lectionem
788 3053 856 3115 cod.
869 3051 961 3114 Paris.
982 3057 1012 3113 et
1031 3052 1171 3116 editionis

59 3157 256 3223 Camotianae
279 3161 437 3240 probatam
457 3169 487 3224 et
508 3160 716 3242 Philippsonio
737 3167 767 3223 ot
779 3157 967 3220 Schneidero
984 3159 1036 3241 qui
1055 3159 1171 3240 primus

57 3263 209 3345 vulgatam
231 3268 412 3349 scripturam
432 3266 536 3330 τέλεια
558 3265 734 3330 emendavit
771 3265 910 3347 Denique
932 3265 962 3326 in
981 3265 1085 3328 ultima
1104 3287 1173 3330 scn-

57 3372 151 3435 tentia
173 3374 261 3438 codd
291 3375 471 3454 scripturam
499 3371 667 3457 λευκότερα
693 3370 720 3434 δ’
752 3371 908 3453 ἀλλήλαις,
931 3369 976 3458 τῷ
997 3414 1065 3426 -
1086 3372 1171 3436 θέσιν

57 3477 141 3562 ἔχειν
165 3481 370 3546 Scbueiderus
390 3481 421 3544 in
442 3501 508 3544 eam
531 3481 648 3562 redegit
669 3482 806 3558 tonnam,
828 3499 917 3562 quarn
937 3481 968 3542 in
991 3488 1105 3544 textum
1126 3501 1172 3544 rc-

57 3587 205 3666 cepimus.

143 3694 194 3757 33.
238 3696 413 3758 Lectionem
449 3693 485 3758 ἂν
522 3692 652 3762 σκιάζειν
691 3711 728 3754 ex
752 3692 884 3756 editione
911 3693 1086 3756 Camotiana
1113 3714 1172 3773 pro

58 3800 181 3880 vulgata
204 3799 237 3864 ὂν
262 3803 392 3873 σκιάζειν
421 3799 645 3864 aSobneidero
671 3799 819 3879 proiatam
840 3802 996 3864 confirmat
1017 3800 1085 3864 cod.
1106 3803 1171 3878 Par,

57 3909 119 3970 Pro
154 3906 315 3976 εὐθιόδυυς
344 3909 375 3972 in
403 3907 493 3972 codd.
522 3907 606 3968 Flor.
626 3913 655 3968 et
681 3909 747 3968 Par.
773 3907 884 3987 legitur
903 3888 993 3970 eidus
1047 3907 1091 3970 Ex
1114 3928 1171 3970 usu

59 4015 292 4096 'iiraopbrasteo
320 4013 488 4099 άπυῤῥαίας
517 4012 741 4094 Philippsonius
766 4015 916 4076 convertit
943 4015 974 4076 in
1005 4013 1170 4098 ἀπορροάς.

58 4121 221 4196 Caeterum
239 4121 355 4207 πόρους
371 4123 584 4203 interpretatus
598 4141 664 4185 sum
668 4120 842 4202 foramina
856 4141 925 4186 oum
938 4123 1045 4190 Seneo.
1060 4131 1172 4206 quaest

56 4229 193 4307 nativ,
219 4233 248 4293 9.

887 4339 928 4400 ad
