2956 4860
260 323 302 388 56
588 321 784 385 Quaestionum
803 319 1038 374 Democritearrm
1052 288 1069 346 s

261 491 408 554 musicum
436 489 520 554 illum
540 491 748 554 Democritum
771 507 847 566 esse,
875 507 913 550 ex
941 488 1038 551 aliena
1061 490 1126 568 ejus
1146 485 1287 568 opusculi
1312 488 1372 550 ori-

262 599 332 682 gine
352 617 415 658 non
442 619 509 662 esse
531 600 742 662 Democritum
769 598 848 660 ellici
876 597 934 659 sibi
955 597 1118 678 persuasit!
1160 598 1188 656 0
1211 581 1372 660 mirificum
1467 587 1468 644 l

263 707 427 769 hominem!
474 706 566 789 Atqui
595 715 686 789 caput
711 708 756 770 rei
782 705 857 768 illud
886 711 945 782 est,
977 705 1060 788 quod
1089 705 1221 767 mursicus
1251 705 1310 766 iste
1335 725 1373 767 ne

264 814 457 877 Democritus
479 815 600 898 quidem
631 835 697 878 esse
720 814 820 896 potuit
842 821 968 894 propter
989 813 1090 892 verba,
1117 813 1227 896 quibus
1241 813 1375 895 ‚nudem

264 923 467 1002 gymnasticae
503 924 560 985 arti
586 923 719 986 deditum
750 921 860 984 acerbe
886 923 1024 984 traducit.
1077 921 1198 1003 Quippe
1229 923 1275 984 sic
1305 942 1375 985 eum

264 1028 516 1111 perstringit⁷'):
537 1031 678 1108 „Minime
701 1051 719 1093 e
740 1050 774 1092 re
794 1035 846 1092 tua
866 1030 949 1107 lacis,
973 1031 1125 1107 Socrates,
1148 1031 1229 1092 hunc
1247 1030 1376 1094 iuterro-
1468 1033 1469 1036 ’

265 1157 349 1218 gans,
372 1157 445 1200 num
475 1146 564 1219 turpe
590 1141 661 1223 quid
692 1138 915 1220 philosophiam
937 1157 1005 1201 esse
1028 1138 1134 1200 ducat:
1153 1157 1191 1199 an
1211 1157 1274 1200 non
1295 1159 1377 1202 com-

265 1253 386 1326 pertum
414 1247 469 1309 tibi
499 1255 560 1324 est,
588 1267 657 1310 cunr
684 1247 855 1310 universam
882 1250 1009 1308 aetatem
1034 1245 1075 1308 ita
1099 1245 1213 1326 egisse,
1242 1252 1278 1308 ut
1303 1246 1377 1308 nihil

267 1352 350 1416 aliud
387 1375 477 1438 quam
509 1356 623 1420 collum
653 1353 833 1418 adversariis
862 1353 939 1414 inter
967 1352 1141 1416 luctandum
1169 1353 1377 1436 obtorqueret,

268 1481 380 1542 corpus
408 1465 483 1527 cibis
509 1464 642 1547 repleret
669 1483 705 1525 ac
730 1481 838 1525 somrro
868 1459 1079 1541 indulgeret?”
1118 1463 1200 1524 llaec
1220 1462 1273 1524 vix
1292 1482 1379 1542 pere-

267 1569 346 1647 grini
364 1577 394 1633 et
415 1571 599 1652 alienigenae
627 1571 816 1654 quantumvis
845 1570 897 1632 diu
918 1569 1044 1632 Athenis
1069 1570 1186 1647 versati,
1208 1569 1263 1632 sed
1283 1570 1379 1633 homi·
1470 1609 1471 1614 κ

267 1675 314 1738 nis
339 1677 369 1739 iu
398 1679 464 1759 ipsa
491 1678 719 1742 Atheniensium
749 1679 824 1741 urbe
852 1689 881 1740 et
908 1681 969 1740 uati
998 1684 1028 1740 ct
1051 1677 1170 1740 educati
1197 1679 1297 1740 oratio
1323 1687 1376 1742 est.
1470 1719 1471 1722 =

269 1784 372 1865 Quid?
401 1787 484 1868 quod
506 1787 729 1864 Democritum,
758 1787 810 1870 qui
838 1787 952 1848 coitum
968 1805 1099 1872 parvam
1117 1786 1311 1866 apoplexiam
1327 1785 1378 1868 ⁷²)
1470 1783 1471 1856 i

267 1891 425 1973 appellans
443 1900 545 1974 spreta
558 1897 678 1958 Venere
697 1913 753 1976 per
773 1901 867 1958 totam
887 1894 978 1955 vitam
999 1893 1119 1956 caelebs
1137 1893 1258 1956 videtur
1276 1895 1378 1975 fuisse,

267 2017 456 2082 nequaquam
480 2002 563 2066 credi
584 2023 640 2084 par
657 2009 703 2065 est
717 2003 906 2064 Graecorum
923 2021 1008 2063 more
1027 2001 1236 2065 adolescentes
1253 2023 1378 2066 amasse.

267 2105 371 2188 ltaque
391 2127 428 2170 ex
455 2109 527 2172 loco
556 2112 696 2192 superius
723 2110 851 2192 allegato
876 2109 949 2171 nihil
976 2109 1119 2172 discimus
1145 2111 1203 2172 nisi
1225 2112 1378 2190 Thrasylli

268 2233 403 2278 errorem
423 2237 459 2278 ac
480 2225 636 2298 praeterea
650 2218 799 2296 judicium
822 2217 974 2301 quoddam
994 2217 1031 2279 de
1054 2219 1239 2280 Democrito.
1285 2221 1380 2282 Thra·
1471 2245 1472 2300 ι

267 2431 328 2508 oio,
359 2433 411 2516 qui
449 2453 517 2496 cum
546 2435 673 2496 Socrate
702 2433 732 2494 iu
760 2433 894 2497 Platonis
926 2433 1082 2496 Rivalibus
1118 2433 1157 2496 de
1185 2433 1381 2517 philosophia

268 2540 422 2620 disputans
456 2539 671 2621 philosophum
702 2541 856 2621 pentathlo
884 2541 1012 2604 similem
1043 2561 1110 2604 esse
1141 2542 1304 2622 existimat,
1336 2545 1381 2607 sic

267 2649 444 2711 Democrito
466 2650 614 2725 convenit,
636 2658 670 2710 ut
688 2651 736 2710 hic
749 2649 937 2730 potissimum
959 2649 1160 2731 phdosophus
1182 2651 1223 2712 ob
1241 2671 1382 2732 magnam
1472 2667 1473 2670 ’

266 2755 462 2836 ingenuarum
502 2755 610 2818 artium
649 2765 679 2820 et
719 2759 923 2821 doctrinarum
966 2757 1103 2838 peritiam
1140 2758 1382 2840 quinquertionis
1472 2769 1473 2792 ³

267 2865 399 2943 speciem
418 2883 491 2945 prae
514 2883 548 2925 se
563 2865 648 2942 terat,
669 2865 700 2926 id
723 2867 806 2948 quod
829 2866 864 2927 iis
885 2886 962 2948 quae
982 2873 1149 2948 sequuntur
1171 2866 1382 2930 demonstrare

268 2971 384 3033 studet:
414 2971 465 3034 aad
492 2968 528 3055 ἦν
560 2973 602 3040 ὡς
630 2971 757 3056 ἀληθῶς
783 2972 814 3035 ἐν
836 2973 1006 3057 φιλοσοφίᾳ
1026 2972 1205 3042 πένταθλος.
1241 2971 1382 3059 Ἤακητο

266 3075 324 3160 γὰρ
343 3075 381 3140 τὰ
405 3079 517 3163 φυσικὰ
541 3081 592 3144 κοιλ
611 3079 648 3143 τὰ
670 3079 771 3164 ἠθικοί,
790 3081 870 3144 ἀλλὰ
889 3081 940 3144 καί
958 3081 996 3144 τὰ
1018 3079 1217 3166 μαθηματικὰ
1236 3081 1288 3144 καὶ
1309 3081 1383 3150 τοὺς

268 3181 444 3265 ἐγκυκλίους
472 3187 599 3270 λόγους,
635 3189 686 3252 καὶ
720 3189 790 3271 περὶ
823 3193 938 3272 τεχνῶν
968 3191 1068 3251 πᾶσαν
1097 3186 1179 3272 εἶχεν
1210 3186 1380 3272 ἐμπειρίαν.

266 3293 426 3356 Caeterum
442 3302 538 3358 totum
552 3296 655 3358 locum
674 3297 743 3360 inde
764 3317 782 3358 a
800 3297 901 3359 verbis
923 3295 1007 3379 εἴπερ
1027 3297 1056 3358 ol
1070 3293 1271 3380 Ἀντερασταὶ
1283 3317 1382 3382 usque

266 3401 305 3461 ad
329 3399 486 3483 ἐμπειρίαν
516 3423 554 3464 ex
578 3405 739 3486 Thrasyllo
763 3412 893 3468 sumtum
924 3405 1044 3485 opinor,
1072 3404 1103 3466 id
1124 3405 1208 3488 quod
1230 3405 1381 3486 Diogenis

264 3507 453 3587 negligentia,
476 3529 536 3592 qua
558 3530 628 3574 suas
647 3512 808 3576 sententias
825 3513 864 3575 ab
882 3512 1010 3575 aliorum
1032 3513 1210 3575 testimoniis
1232 3533 1294 3576 non
1314 3515 1381 3578 ubi-

265 3635 324 3698 que
342 3615 504 3696 distinguit,
527 3618 680 3682 hocloco
702 3621 821 3701 patitur.
868 3621 922 3684 Sin
947 3627 1046 3682 autem
1065 3619 1242 3700 Thrasyllus
1264 3628 1381 3686 tautum

265 3726 363 3805 'usque
390 3724 429 3786 ad
453 3727 545 3790 verba
576 3723 601 3812 ᾧ
630 3729 737 3810 φησίν,
769 3731 811 3796 dae
838 3729 999 3812 πεντάθλῳ
1030 3726 1127 3789 ἔοικεν
1157 3727 1174 3788 ὁ
1208 3727 1382 3813 φιλόσοφος

267 3855 469 3872 --

336 3949 375 4012 '¹)
394 3949 408 3999 l.
427 3951 442 4000 l.
471 3963 529 4013 pag.
552 3947 601 4000 13·λ
617 3949 659 3998 ed.
677 3950 766 4013 Steph.
798 3945 835 4004 Oh
865 3947 928 4020 πρὸς
950 3951 997 4000 coir
1023 3965 1065 4016 γε,
1093 3947 1155 4019 ἐφη,
1182 3945 1204 4000 ὦ
1230 3945 1381 4018 Σώκρατες,

264 4031 344 4086 ποιεῖς
410 4030 454 4081 acl
472 4024 607 4098 ἀνερέσθαι
624 4031 716 4079 τοῦτον
738 4029 759 4080 ct
781 4029 886 4102 αἰσχρὸν
907 4029 1005 4100 ἡγεῖται
1023 4027 1177 4102 φιλοσοφίαν
1196 4028 1277 4080 alam·
1296 4027 1381 4099 hohas

264 4104 341 4160 οἶσθα
358 4107 446 4174 αυτόν,
474 4105 512 4160 ὅτι
536 4105 756 4179 πραχηλιζόμινος
783 4109 828 4162 καὶ
844 4107 1038 4178 ἐμπιπλάμενος
1064 4110 1109 4162 καὶ
1136 4107 1273 4162 achadius
1293 4110 1380 4161 πάντα

263 4185 308 4239 τὸν
333 4187 388 4256 βίον
409 4187 596 4252 διατιτέλειιιν;

332 4283 371 4344 ⁷²)
390 4282 447 4334 Vid.
467 4284 558 4345 fragm.
577 4281 668 4331 morel.
690 4279 730 4332 50.
