<?xml version="1.0" encoding="UTF-8"?>
<!DOCTYPE html PUBLIC "-//W3C//DTD XHTML 1.0 Transitional//EN"
    "http://www.w3.org/TR/xhtml1/DTD/xhtml1-transitional.dtd">
<html xmlns="http://www.w3.org/1999/xhtml" xml:lang="en" lang="en">
 <head>
  <title>
</title>
<meta http-equiv="Content-Type" content="text/html;charset=utf-8" />
  <meta name='ocr-system' content='tesseract 3.04.00' />
  <meta name='ocr-capabilities' content='ocr_page ocr_carea ocr_par ocr_line ocrx_word'/>
</head>
<body>
  <div class='ocr_page' id='page_1' title='image "./democritiabderi00mullgoog_0425.png"; bbox 0 0 2932 4862; ppageno 0'>
   <div class='ocr_carea' id='block_1_1' title="bbox 280 311 1070 384">
    <p class='ocr_par' dir='ltr' id='par_1_1' title="bbox 280 311 1070 384">
     <span class='ocr_line' id='line_1_1' title="bbox 280 311 1070 384; baseline -0.022 -1"><span class='ocrx_word' id='word_1_1' title='bbox 280 321 340 384; x_wconf 81' lang='lat' dir='ltr'><strong>tut</strong></span> <span class='ocrx_word' id='word_1_2' title='bbox 614 313 810 378; x_wconf 70' lang='grc' dir='ltr'>ίλιιεεειίνιιιισι</span> <span class='ocrx_word' id='word_1_3' title='bbox 836 311 1070 368; x_wconf 64' lang='lat' dir='ltr'><strong>basernam·</strong></span> 
     </span>
    </p>
   </div>
   <div class='ocr_carea' id='block_1_2' title="bbox 286 478 1455 2385">
    <p class='ocr_par' dir='ltr' id='par_1_2' title="bbox 286 478 1455 2385">
     <span class='ocr_line' id='line_1_2' title="bbox 286 478 1400 568; baseline -0.011 -18"><span class='ocrx_word' id='word_1_4' title='bbox 286 486 444 568; x_wconf 73' lang='grc' dir='ltr'>αἰσθήσεις</span> <span class='ocrx_word' id='word_1_5' title='bbox 465 485 504 548; x_wconf 88' lang='lat' dir='ltr'><strong>ad</strong></span> <span class='ocrx_word' id='word_1_6' title='bbox 526 483 659 564; x_wconf 88' lang='lat' dir='ltr'><strong>singulas</strong></span> <span class='ocrx_word' id='word_1_7' title='bbox 679 488 781 561; x_wconf 87' lang='lat' dir='ltr'><strong>partes</strong></span> <span class='ocrx_word' id='word_1_8' title='bbox 797 482 920 557; x_wconf 78' lang='lat' dir='ltr'><strong>reterre,</strong></span> <span class='ocrx_word' id='word_1_9' title='bbox 944 480 1042 542; x_wconf 82' lang='lat' dir='ltr'><strong>visum</strong></span> <span class='ocrx_word' id='word_1_10' title='bbox 1064 479 1103 540; x_wconf 81' lang='lat' dir='ltr'><strong>sd</strong></span> <span class='ocrx_word' id='word_1_11' title='bbox 1123 478 1241 556; x_wconf 89' lang='lat' dir='ltr'><strong>oculos,</strong></span> <span class='ocrx_word' id='word_1_12' title='bbox 1263 479 1400 540; x_wconf 73' lang='lat' dir='ltr'><strong>audinum</strong></span> 
     </span>
     <span class='ocr_line' id='line_1_3' title="bbox 286 585 1400 670; baseline -0.01 -14"><span class='ocrx_word' id='word_1_13' title='bbox 286 595 324 657; x_wconf 91' lang='lat' dir='ltr'><strong>ad</strong></span> <span class='ocrx_word' id='word_1_14' title='bbox 353 613 451 655; x_wconf 83' lang='lat' dir='ltr'><strong>aures</strong></span> <span class='ocrx_word' id='word_1_15' title='bbox 499 591 617 653; x_wconf 84' lang='lat' dir='ltr'><strong>Deinde</strong></span> <span class='ocrx_word' id='word_1_16' title='bbox 635 595 733 670; x_wconf 84' lang='lat' dir='ltr'><strong>patet,</strong></span> <span class='ocrx_word' id='word_1_17' title='bbox 764 609 857 670; x_wconf 87' lang='lat' dir='ltr'><strong>quum</strong></span> <span class='ocrx_word' id='word_1_18' title='bbox 885 586 1064 650; x_wconf 77' lang='lat' dir='ltr'>Democrito</span> <span class='ocrx_word' id='word_1_19' title='bbox 1087 587 1191 664; x_wconf 86' lang='lat' dir='ltr'><strong>judice</strong></span> <span class='ocrx_word' id='word_1_20' title='bbox 1223 585 1335 646; x_wconf 90' lang='lat' dir='ltr'><strong>oculus</strong></span> <span class='ocrx_word' id='word_1_21' title='bbox 1364 607 1400 646; x_wconf 84' lang='lat' dir='ltr'><strong>ex</strong></span> 
     </span>
     <span class='ocr_line' id='line_1_4' title="bbox 287 695 1455 782; baseline -0.005 -20"><span class='ocrx_word' id='word_1_22' title='bbox 287 720 364 782; x_wconf 85' lang='lat' dir='ltr'><strong>aqua</strong></span> <span class='ocrx_word' id='word_1_23' title='bbox 386 705 504 762; x_wconf 86' lang='lat' dir='ltr'><strong>constet</strong></span> <span class='ocrx_word' id='word_1_24' title='bbox 517 699 524 729; x_wconf 85' lang='lat'><strong>¹</strong></span> <span class='ocrx_word' id='word_1_25' title='bbox 539 698 545 728; x_wconf 86' lang='lat'>¹</span> <span class='ocrx_word' id='word_1_26' title='bbox 558 695 598 776; x_wconf 73' lang='lat'><strong>⁵),</strong></span> <span class='ocrx_word' id='word_1_27' title='bbox 625 717 724 758; x_wconf 89' lang='lat' dir='ltr'><strong>rerum</strong></span> <span class='ocrx_word' id='word_1_28' title='bbox 744 695 864 756; x_wconf 87' lang='lat' dir='ltr'><strong>ellluvia</strong></span> <span class='ocrx_word' id='word_1_29' title='bbox 892 696 922 756; x_wconf 92' lang='lat' dir='ltr'><strong>iu</strong></span> <span class='ocrx_word' id='word_1_30' title='bbox 942 703 1014 756; x_wconf 76' lang='lat' dir='ltr'><strong>atre</strong></span> <span class='ocrx_word' id='word_1_31' title='bbox 1034 695 1223 756; x_wconf 89' lang='lat' dir='ltr'><strong>coulormata</strong></span> <span class='ocrx_word' id='word_1_32' title='bbox 1241 695 1313 756; x_wconf 85' lang='lat' dir='ltr'><strong>idco</strong></span> <span class='ocrx_word' id='word_1_33' title='bbox 1339 703 1402 756; x_wconf 84' lang='lat' dir='ltr'><strong>tan-</strong></span> <span class='ocrx_word' id='word_1_34' title='bbox 1454 760 1455 782; x_wconf 30' lang='grc' dir='ltr'>φ</span> 
     </span>
     <span class='ocr_line' id='line_1_5' title="bbox 289 783 1455 884; baseline -0.007 -15"><span class='ocrx_word' id='word_1_35' title='bbox 289 813 353 870; x_wconf 87' lang='lat' dir='ltr'><strong>turn</strong></span> <span class='ocrx_word' id='word_1_36' title='bbox 372 807 403 868; x_wconf 93' lang='lat' dir='ltr'><strong>in</strong></span> <span class='ocrx_word' id='word_1_37' title='bbox 425 805 534 868; x_wconf 91' lang='lat' dir='ltr'><strong>oculos</strong></span> <span class='ocrx_word' id='word_1_38' title='bbox 552 805 686 878; x_wconf 88' lang='lat' dir='ltr'><strong>influere,</strong></span> <span class='ocrx_word' id='word_1_39' title='bbox 708 803 790 884; x_wconf 90' lang='lat' dir='ltr'><strong>quod</strong></span> <span class='ocrx_word' id='word_1_40' title='bbox 809 807 863 864; x_wconf 76' lang='grc' dir='ltr'>οόν·</span> <span class='ocrx_word' id='word_1_41' title='bbox 882 802 948 882; x_wconf 89' lang='lat' dir='ltr'><strong>ipse</strong></span> <span class='ocrx_word' id='word_1_42' title='bbox 970 802 1080 865; x_wconf 88' lang='lat' dir='ltr'><strong>fluidus</strong></span> <span class='ocrx_word' id='word_1_43' title='bbox 1103 802 1195 863; x_wconf 84' lang='lat' dir='ltr'><strong>sitae</strong></span> <span class='ocrx_word' id='word_1_44' title='bbox 1217 822 1274 863; x_wconf 80' lang='lat' dir='ltr'><strong>sua</strong></span> <span class='ocrx_word' id='word_1_45' title='bbox 1292 809 1402 862; x_wconf 78' lang='lat' dir='ltr'><strong>namra</strong></span> <span class='ocrx_word' id='word_1_46' title='bbox 1454 783 1455 868; x_wconf 85' lang='lat' dir='ltr'><strong>l</strong></span> 
     </span>
     <span class='ocr_line' id='line_1_6' title="bbox 288 909 1401 992; baseline -0.007 -16"><span class='ocrx_word' id='word_1_47' title='bbox 288 915 328 976; x_wconf 91' lang='lat' dir='ltr'><strong>ad</strong></span> <span class='ocrx_word' id='word_1_48' title='bbox 348 915 508 977; x_wconf 87' lang='lat' dir='ltr'><strong>oculorum</strong></span> <span class='ocrx_word' id='word_1_49' title='bbox 537 919 567 973; x_wconf 90' lang='lat' dir='ltr'><strong>ct</strong></span> <span class='ocrx_word' id='word_1_50' title='bbox 593 930 688 992; x_wconf 87' lang='lat' dir='ltr'><strong>aquae</strong></span> <span class='ocrx_word' id='word_1_51' title='bbox 715 909 939 974; x_wconf 88' lang='lat' dir='ltr'><strong>similitudinem</strong></span> <span class='ocrx_word' id='word_1_52' title='bbox 967 909 1100 970; x_wconf 74' lang='lat' dir='ltr'><strong>accedat.</strong></span> <span class='ocrx_word' id='word_1_53' title='bbox 1139 910 1185 970; x_wconf 86' lang='lat' dir='ltr'><strong>Ex</strong></span> <span class='ocrx_word' id='word_1_54' title='bbox 1207 929 1270 988; x_wconf 90' lang='lat' dir='ltr'><strong>qno</strong></span> <span class='ocrx_word' id='word_1_55' title='bbox 1293 928 1401 970; x_wconf 89' lang='lat' dir='ltr'><strong>conse·</strong></span> 
     </span>
     <span class='ocr_line' id='line_1_7' title="bbox 289 1017 1404 1102; baseline -0.006 -20"><span class='ocrx_word' id='word_1_56' title='bbox 289 1039 384 1102; x_wconf 88' lang='lat' dir='ltr'><strong>quens</strong></span> <span class='ocrx_word' id='word_1_57' title='bbox 403 1027 459 1096; x_wconf 87' lang='lat' dir='ltr'><strong>est,</strong></span> <span class='ocrx_word' id='word_1_58' title='bbox 482 1027 516 1082; x_wconf 91' lang='lat' dir='ltr'><strong>ut</strong></span> <span class='ocrx_word' id='word_1_59' title='bbox 538 1020 568 1082; x_wconf 94' lang='lat' dir='ltr'><strong>in</strong></span> <span class='ocrx_word' id='word_1_60' title='bbox 594 1019 714 1080; x_wconf 89' lang='lat' dir='ltr'><strong>videndi</strong></span> <span class='ocrx_word' id='word_1_61' title='bbox 738 1019 856 1079; x_wconf 87' lang='lat' dir='ltr'><strong>actione</strong></span> <span class='ocrx_word' id='word_1_62' title='bbox 883 1017 955 1077; x_wconf 89' lang='lat' dir='ltr'><strong>nibil</strong></span> <span class='ocrx_word' id='word_1_63' title='bbox 980 1017 1027 1090; x_wconf 90' lang='lat' dir='ltr'><strong>sit,</strong></span> <span class='ocrx_word' id='word_1_64' title='bbox 1050 1017 1132 1098; x_wconf 90' lang='lat' dir='ltr'><strong>quod</strong></span> <span class='ocrx_word' id='word_1_65' title='bbox 1152 1023 1321 1096; x_wconf 85' lang='lat' dir='ltr'><strong>praecepto</strong></span> <span class='ocrx_word' id='word_1_66' title='bbox 1345 1018 1404 1076; x_wconf 83' lang='lat' dir='ltr'><strong>De</strong></span> 
     </span>
     <span class='ocr_line' id='line_1_8' title="bbox 291 1123 1403 1205; baseline -0.006 -16"><span class='ocrx_word' id='word_1_67' title='bbox 291 1128 447 1202; x_wconf 86' lang='lat' dir='ltr'><strong>mocriteo,</strong></span> <span class='ocrx_word' id='word_1_68' title='bbox 476 1127 584 1189; x_wconf 77' lang='lat' dir='ltr'><strong>similia</strong></span> <span class='ocrx_word' id='word_1_69' title='bbox 609 1125 755 1205; x_wconf 80' lang='lat' dir='ltr'><strong>cognosci</strong></span> <span class='ocrx_word' id='word_1_70' title='bbox 781 1123 928 1185; x_wconf 89' lang='lat' dir='ltr'><strong>similibus</strong></span> <span class='ocrx_word' id='word_1_71' title='bbox 960 1123 1146 1185; x_wconf 77' lang='lat' dir='ltr'><strong>adversetur.</strong></span> <span class='ocrx_word' id='word_1_72' title='bbox 1188 1125 1332 1203; x_wconf 89' lang='lat' dir='ltr'><strong>Denique</strong></span> <span class='ocrx_word' id='word_1_73' title='bbox 1353 1143 1403 1184; x_wconf 90' lang='lat' dir='ltr'><strong>nc-</strong></span> 
     </span>
     <span class='ocr_line' id='line_1_9' title="bbox 291 1230 1403 1314; baseline -0.008 -16"><span class='ocrx_word' id='word_1_74' title='bbox 291 1243 388 1298; x_wconf 80' lang='lat' dir='ltr'><strong>tamus</strong></span> <span class='ocrx_word' id='word_1_75' title='bbox 409 1234 476 1296; x_wconf 86' lang='lat' dir='ltr'><strong>sole</strong></span> <span class='ocrx_word' id='word_1_76' title='bbox 497 1255 575 1314; x_wconf 90' lang='lat' dir='ltr'><strong>opus</strong></span> <span class='ocrx_word' id='word_1_77' title='bbox 603 1253 670 1296; x_wconf 86' lang='lat' dir='ltr'><strong>esse</strong></span> <span class='ocrx_word' id='word_1_78' title='bbox 701 1233 739 1294; x_wconf 89' lang='lat' dir='ltr'><strong>ad</strong></span> <span class='ocrx_word' id='word_1_79' title='bbox 762 1231 934 1305; x_wconf 84' lang='lat' dir='ltr'><strong>videndum,</strong></span> <span class='ocrx_word' id='word_1_80' title='bbox 959 1231 1029 1311; x_wconf 88' lang='lat' dir='ltr'><strong>quia</strong></span> <span class='ocrx_word' id='word_1_81' title='bbox 1049 1235 1148 1292; x_wconf 69' lang='lat' dir='ltr'><strong>adrem</strong></span> <span class='ocrx_word' id='word_1_82' title='bbox 1170 1231 1208 1290; x_wconf 92' lang='lat' dir='ltr'><strong>de</strong></span> <span class='ocrx_word' id='word_1_83' title='bbox 1227 1230 1403 1310; x_wconf 83' lang='lat' dir='ltr'><strong>philosophi</strong></span> 
     </span>
     <span class='ocr_line' id='line_1_10' title="bbox 292 1337 1404 1420; baseline -0.008 -15"><span class='ocrx_word' id='word_1_84' title='bbox 292 1343 387 1406; x_wconf 85' lang='lat' dir='ltr'><strong>nostri</strong></span> <span class='ocrx_word' id='word_1_85' title='bbox 415 1341 561 1403; x_wconf 89' lang='lat' dir='ltr'><strong>sententia</strong></span> <span class='ocrx_word' id='word_1_86' title='bbox 589 1341 709 1416; x_wconf 88' lang='lat' dir='ltr'><strong>denset,</strong></span> <span class='ocrx_word' id='word_1_87' title='bbox 737 1346 880 1420; x_wconf 84' lang='lat' dir='ltr'><strong>quantum</strong></span> <span class='ocrx_word' id='word_1_88' title='bbox 904 1339 977 1400; x_wconf 87' lang='lat' dir='ltr'><strong>satis</strong></span> <span class='ocrx_word' id='word_1_89' title='bbox 1002 1337 1056 1414; x_wconf 89' lang='lat' dir='ltr'><strong>sit,</strong></span> <span class='ocrx_word' id='word_1_90' title='bbox 1091 1345 1124 1400; x_wconf 90' lang='lat' dir='ltr'><strong>ut</strong></span> <span class='ocrx_word' id='word_1_91' title='bbox 1152 1338 1278 1399; x_wconf 87' lang='lat' dir='ltr'><strong>omnino</strong></span> <span class='ocrx_word' id='word_1_92' title='bbox 1305 1338 1404 1416; x_wconf 72' lang='lat' dir='ltr'><strong>inrsgo</strong></span> 
     </span>
     <span class='ocr_line' id='line_1_11' title="bbox 292 1445 1406 1530; baseline -0.007 -18"><span class='ocrx_word' id='word_1_93' title='bbox 292 1451 355 1512; x_wconf 82' lang='lat' dir='ltr'><strong>a&#39;eri</strong></span> <span class='ocrx_word' id='word_1_94' title='bbox 375 1451 520 1530; x_wconf 80' lang='lat' dir='ltr'><strong>impressa</strong></span> <span class='ocrx_word' id='word_1_95' title='bbox 549 1467 669 1510; x_wconf 89' lang='lat' dir='ltr'><strong>manere</strong></span> <span class='ocrx_word' id='word_1_96' title='bbox 698 1452 729 1508; x_wconf 89' lang='lat' dir='ltr'><strong>ct</strong></span> <span class='ocrx_word' id='word_1_97' title='bbox 750 1446 789 1507; x_wconf 89' lang='lat' dir='ltr'><strong>ad</strong></span> <span class='ocrx_word' id='word_1_98' title='bbox 816 1445 925 1508; x_wconf 90' lang='lat' dir='ltr'><strong>oculos</strong></span> <span class='ocrx_word' id='word_1_99' title='bbox 947 1445 1063 1524; x_wconf 78' lang='lat' dir='ltr'><strong>perlabi</strong></span> <span class='ocrx_word' id='word_1_100' title='bbox 1086 1445 1191 1525; x_wconf 84' lang='lat' dir='ltr'><strong>possit,</strong></span> <span class='ocrx_word' id='word_1_101' title='bbox 1212 1453 1307 1506; x_wconf 89' lang='lat' dir='ltr'><strong>noctu</strong></span> <span class='ocrx_word' id='word_1_102' title='bbox 1330 1445 1406 1506; x_wconf 68' lang='lat' dir='ltr'><strong>atris</strong></span> 
     </span>
     <span class='ocr_line' id='line_1_12' title="bbox 294 1553 1404 1632; baseline -0.007 -12"><span class='ocrx_word' id='word_1_103' title='bbox 294 1557 565 1620; x_wconf 76' lang='lat' dir='ltr'><strong>conformationem</strong></span> <span class='ocrx_word' id='word_1_104' title='bbox 596 1575 653 1616; x_wconf 90' lang='lat' dir='ltr'><strong>nec</strong></span> <span class='ocrx_word' id='word_1_105' title='bbox 679 1573 800 1616; x_wconf 90' lang='lat' dir='ltr'><strong>manere</strong></span> <span class='ocrx_word' id='word_1_106' title='bbox 831 1571 888 1615; x_wconf 88' lang='lat' dir='ltr'><strong>nec</strong></span> <span class='ocrx_word' id='word_1_107' title='bbox 923 1553 1100 1632; x_wconf 87' lang='lat' dir='ltr'><strong>procedere.</strong></span> <span class='ocrx_word' id='word_1_108' title='bbox 1154 1553 1270 1614; x_wconf 81' lang='lat' dir='ltr'><strong>Iterum</strong></span> <span class='ocrx_word' id='word_1_109' title='bbox 1306 1561 1404 1614; x_wconf 83' lang='lat' dir='ltr'><strong>autem</strong></span> 
     </span>
     <span class='ocr_line' id='line_1_13' title="bbox 293 1659 1406 1743; baseline -0.005 -17"><span class='ocrx_word' id='word_1_110' title='bbox 293 1663 511 1743; x_wconf 79' lang='lat' dir='ltr'><strong>magnitudines</strong></span> <span class='ocrx_word' id='word_1_111' title='bbox 544 1669 574 1723; x_wconf 89' lang='lat' dir='ltr'><strong>et</strong></span> <span class='ocrx_word' id='word_1_112' title='bbox 609 1662 765 1725; x_wconf 76' lang='lat' dir='ltr'><strong>intervalla</strong></span> <span class='ocrx_word' id='word_1_113' title='bbox 789 1680 846 1740; x_wconf 88' lang='lat' dir='ltr'><strong>per</strong></span> <span class='ocrx_word' id='word_1_114' title='bbox 869 1659 1028 1723; x_wconf 85' lang='lat' dir='ltr'><strong>oculorum</strong></span> <span class='ocrx_word' id='word_1_115' title='bbox 1058 1659 1209 1739; x_wconf 84' lang='lat' dir='ltr'><strong>angustias</strong></span> <span class='ocrx_word' id='word_1_116' title='bbox 1235 1667 1406 1738; x_wconf 77' lang='lat' dir='ltr'><strong>penetrare,</strong></span> 
     </span>
     <span class='ocr_line' id='line_1_14' title="bbox 295 1765 1405 1849; baseline -0.006 -16"><span class='ocrx_word' id='word_1_117' title='bbox 295 1769 470 1844; x_wconf 86' lang='lat' dir='ltr'><strong>ostendunt,</strong></span> <span class='ocrx_word' id='word_1_118' title='bbox 495 1770 746 1849; x_wconf 87' lang='lat' dir='ltr'><strong>quemadmodum</strong></span> <span class='ocrx_word' id='word_1_119' title='bbox 778 1769 894 1831; x_wconf 89' lang='lat' dir='ltr'><strong>Nostro</strong></span> <span class='ocrx_word' id='word_1_120' title='bbox 922 1767 1049 1847; x_wconf 85' lang='lat' dir='ltr'><strong>placuit,</strong></span> <span class='ocrx_word' id='word_1_121' title='bbox 1079 1765 1288 1845; x_wconf 76' lang='lat' dir='ltr'><strong>imagunculae</strong></span> <span class='ocrx_word' id='word_1_122' title='bbox 1328 1767 1405 1838; x_wconf 87' lang='lat' dir='ltr'><strong>illae,</strong></span> 
     </span>
     <span class='ocr_line' id='line_1_15' title="bbox 295 1873 1404 1960; baseline -0.003 -22"><span class='ocrx_word' id='word_1_123' title='bbox 295 1897 371 1960; x_wconf 85' lang='lat' dir='ltr'><strong>quae</strong></span> <span class='ocrx_word' id='word_1_124' title='bbox 404 1894 524 1954; x_wconf 87' lang='lat' dir='ltr'><strong>semper</strong></span> <span class='ocrx_word' id='word_1_125' title='bbox 557 1877 588 1937; x_wconf 89' lang='lat' dir='ltr'><strong>in</strong></span> <span class='ocrx_word' id='word_1_126' title='bbox 619 1878 716 1938; x_wconf 91' lang='lat' dir='ltr'><strong>oculis</strong></span> <span class='ocrx_word' id='word_1_127' title='bbox 749 1876 934 1938; x_wconf 87' lang='lat' dir='ltr'><strong>cernentium</strong></span> <span class='ocrx_word' id='word_1_128' title='bbox 961 1875 1099 1936; x_wconf 88' lang='lat' dir='ltr'><strong>videntur</strong></span> <span class='ocrx_word' id='word_1_129' title='bbox 1118 1873 1199 1952; x_wconf 60' lang='grc'><strong>116).</strong></span> <span class='ocrx_word' id='word_1_130' title='bbox 1252 1876 1348 1954; x_wconf 87' lang='lat' dir='ltr'><strong>Quod</strong></span> <span class='ocrx_word' id='word_1_131' title='bbox 1378 1877 1404 1935; x_wconf 88' lang='lat' dir='ltr'><strong>in</strong></span> 
     </span>
     <span class='ocr_line' id='line_1_16' title="bbox 295 1981 1406 2064; baseline -0.003 -18"><span class='ocrx_word' id='word_1_132' title='bbox 295 1981 427 2064; x_wconf 88' lang='lat' dir='ltr'><strong>speculis</strong></span> <span class='ocrx_word' id='word_1_133' title='bbox 447 1983 606 2062; x_wconf 89' lang='lat' dir='ltr'><strong>nosipsos</strong></span> <span class='ocrx_word' id='word_1_134' title='bbox 627 1984 773 2058; x_wconf 81' lang='lat' dir='ltr'><strong>videmus,</strong></span> <span class='ocrx_word' id='word_1_135' title='bbox 796 1983 826 2044; x_wconf 94' lang='lat' dir='ltr'><strong>id</strong></span> <span class='ocrx_word' id='word_1_136' title='bbox 847 1983 1024 2064; x_wconf 86' lang='lat' dir='ltr'><strong>imaginibus</strong></span> <span class='ocrx_word' id='word_1_137' title='bbox 1042 1981 1226 2060; x_wconf 85' lang='lat' dir='ltr'><strong>repercussis</strong></span> <span class='ocrx_word' id='word_1_138' title='bbox 1247 1982 1406 2044; x_wconf 67' lang='lat' dir='ltr'><strong>Abderita</strong></span> 
     </span>
     <span class='ocr_line' id='line_1_17' title="bbox 296 2087 1407 2171; baseline -0.002 -19"><span class='ocrx_word' id='word_1_139' title='bbox 296 2112 353 2154; x_wconf 90' lang='lat' dir='ltr'><strong>uus</strong></span> <span class='ocrx_word' id='word_1_140' title='bbox 375 2090 574 2171; x_wconf 83' lang='lat' dir='ltr'><strong>philosophus</strong></span> <span class='ocrx_word' id='word_1_141' title='bbox 596 2091 700 2152; x_wconf 89' lang='lat' dir='ltr'><strong>tribuit</strong></span> <span class='ocrx_word' id='word_1_142' title='bbox 713 2091 719 2122; x_wconf 88' lang='lat'>¹</span> <span class='ocrx_word' id='word_1_143' title='bbox 733 2090 740 2122; x_wconf 87' lang='lat'><strong>¹</strong></span> <span class='ocrx_word' id='word_1_144' title='bbox 753 2087 792 2170; x_wconf 86' lang='lat'><strong>⁷).</strong></span> <span class='ocrx_word' id='word_1_145' title='bbox 836 2092 917 2152; x_wconf 90' lang='lat' dir='ltr'><strong>ldem</strong></span> <span class='ocrx_word' id='word_1_146' title='bbox 938 2091 1003 2152; x_wconf 87' lang='lat' dir='ltr'><strong>sine</strong></span> <span class='ocrx_word' id='word_1_147' title='bbox 1023 2089 1114 2152; x_wconf 90' lang='lat' dir='ltr'><strong>dubio</strong></span> <span class='ocrx_word' id='word_1_148' title='bbox 1136 2109 1248 2163; x_wconf 87' lang='lat' dir='ltr'><strong>rerum,</strong></span> <span class='ocrx_word' id='word_1_149' title='bbox 1270 2111 1351 2171; x_wconf 77' lang='lat' dir='ltr'><strong>quse</strong></span> <span class='ocrx_word' id='word_1_150' title='bbox 1370 2093 1407 2153; x_wconf 88' lang='lat' dir='ltr'><strong>si-</strong></span> 
     </span>
     <span class='ocr_line' id='line_1_18' title="bbox 296 2195 1319 2277; baseline 0.002 -17"><span class='ocrx_word' id='word_1_151' title='bbox 296 2198 430 2260; x_wconf 88' lang='lat' dir='ltr'><strong>mulacra</strong></span> <span class='ocrx_word' id='word_1_152' title='bbox 450 2199 642 2274; x_wconf 81' lang='lat' dir='ltr'><strong>remitterent,</strong></span> <span class='ocrx_word' id='word_1_153' title='bbox 670 2205 804 2260; x_wconf 86' lang='lat' dir='ltr'><strong>naturam</strong></span> <span class='ocrx_word' id='word_1_154' title='bbox 824 2197 1048 2277; x_wconf 88' lang='lat' dir='ltr'><strong>diligentissime</strong></span> <span class='ocrx_word' id='word_1_155' title='bbox 1069 2195 1243 2276; x_wconf 85' lang='lat' dir='ltr'><strong>descripsit¹</strong></span> <span class='ocrx_word' id='word_1_156' title='bbox 1258 2195 1319 2276; x_wconf 78' lang='lat'><strong>¹⁵).</strong></span> 
     </span>
     <span class='ocr_line' id='line_1_19' title="bbox 380 2304 1406 2385; baseline -0.001 -18"><span class='ocrx_word' id='word_1_157' title='bbox 380 2305 523 2367; x_wconf 82' lang='lat' dir='ltr'><strong>Auditum</strong></span> <span class='ocrx_word' id='word_1_158' title='bbox 543 2305 572 2364; x_wconf 94' lang='lat' dir='ltr'><strong>in</strong></span> <span class='ocrx_word' id='word_1_159' title='bbox 588 2307 667 2366; x_wconf 87' lang='lat' dir='ltr'><strong>bunc</strong></span> <span class='ocrx_word' id='word_1_160' title='bbox 683 2304 805 2365; x_wconf 90' lang='lat' dir='ltr'><strong>modum</strong></span> <span class='ocrx_word' id='word_1_161' title='bbox 822 2305 956 2385; x_wconf 81' lang='lat' dir='ltr'><strong>depingit</strong></span> <span class='ocrx_word' id='word_1_162' title='bbox 978 2305 1178 2367; x_wconf 87' lang='lat' dir='ltr'><strong>Democritus.</strong></span> <span class='ocrx_word' id='word_1_163' title='bbox 1211 2305 1293 2367; x_wconf 71' lang='lat' dir='ltr'><strong>Aere</strong></span> <span class='ocrx_word' id='word_1_164' title='bbox 1311 2307 1342 2367; x_wconf 92' lang='lat' dir='ltr'><strong>in</strong></span> <span class='ocrx_word' id='word_1_165' title='bbox 1359 2327 1406 2366; x_wconf 78' lang='lat' dir='ltr'><strong>ra-</strong></span> 
     </span>
    </p>
   </div>
   <div class='ocr_carea' id='block_1_3' title="bbox 298 2411 1408 2603">
    <p class='ocr_par' dir='ltr' id='par_1_3' title="bbox 298 2411 1408 2603">
     <span class='ocr_line' id='line_1_20' title="bbox 298 2411 1407 2494; baseline -0.001 -18"><span class='ocrx_word' id='word_1_166' title='bbox 298 2435 387 2476; x_wconf 89' lang='lat' dir='ltr'><strong>cunm</strong></span> <span class='ocrx_word' id='word_1_167' title='bbox 408 2414 540 2474; x_wconf 87' lang='lat' dir='ltr'><strong>irruente</strong></span> <span class='ocrx_word' id='word_1_168' title='bbox 570 2419 684 2472; x_wconf 90' lang='lat' dir='ltr'><strong>motum</strong></span> <span class='ocrx_word' id='word_1_169' title='bbox 711 2411 790 2472; x_wconf 85' lang='lat' dir='ltr'><strong>effici</strong></span> <span class='ocrx_word' id='word_1_170' title='bbox 818 2412 867 2488; x_wconf 88' lang='lat' dir='ltr'><strong>ait,</strong></span> <span class='ocrx_word' id='word_1_171' title='bbox 888 2417 987 2474; x_wconf 77' lang='lat' dir='ltr'><strong>adrem</strong></span> <span class='ocrx_word' id='word_1_172' title='bbox 1008 2432 1081 2473; x_wconf 89' lang='lat' dir='ltr'><strong>vero</strong></span> <span class='ocrx_word' id='word_1_173' title='bbox 1101 2433 1157 2492; x_wconf 93' lang='lat' dir='ltr'><strong>per</strong></span> <span class='ocrx_word' id='word_1_174' title='bbox 1172 2419 1269 2475; x_wconf 88' lang='lat' dir='ltr'><strong>totum</strong></span> <span class='ocrx_word' id='word_1_175' title='bbox 1292 2435 1407 2494; x_wconf 83' lang='lat' dir='ltr'><strong>corpus</strong></span> 
     </span>
     <span class='ocr_line' id='line_1_21' title="bbox 298 2519 1408 2603; baseline -0.001 -20"><span class='ocrx_word' id='word_1_176' title='bbox 298 2521 434 2584; x_wconf 85' lang='lat' dir='ltr'><strong>similiter</strong></span> <span class='ocrx_word' id='word_1_177' title='bbox 455 2526 621 2600; x_wconf 88' lang='lat' dir='ltr'><strong>penetrare,</strong></span> <span class='ocrx_word' id='word_1_178' title='bbox 643 2519 771 2580; x_wconf 84' lang='lat' dir='ltr'><strong>maxime</strong></span> <span class='ocrx_word' id='word_1_179' title='bbox 792 2527 890 2582; x_wconf 84' lang='lat' dir='ltr'><strong>nutem</strong></span> <span class='ocrx_word' id='word_1_180' title='bbox 915 2539 972 2599; x_wconf 90' lang='lat' dir='ltr'><strong>per</strong></span> <span class='ocrx_word' id='word_1_181' title='bbox 993 2540 1090 2597; x_wconf 90' lang='lat' dir='ltr'><strong>aures,</strong></span> <span class='ocrx_word' id='word_1_182' title='bbox 1119 2521 1261 2603; x_wconf 89' lang='lat' dir='ltr'><strong>quoniam</strong></span> <span class='ocrx_word' id='word_1_183' title='bbox 1281 2523 1333 2583; x_wconf 88' lang='lat' dir='ltr'><strong>bic</strong></span> <span class='ocrx_word' id='word_1_184' title='bbox 1355 2545 1408 2602; x_wconf 82' lang='lat' dir='ltr'><strong>per</strong></span> 
     </span>
    </p>
   </div>
   <div class='ocr_carea' id='block_1_4' title="bbox 294 2681 1455 3803">
    <p class='ocr_par' dir='ltr' id='par_1_4' title="bbox 299 2681 1409 2838">
     <span class='ocr_line' id='line_1_22' title="bbox 299 2681 1409 2758; baseline 0.003 -23"><span class='ocrx_word' id='word_1_185' title='bbox 299 2681 329 2736; x_wconf 80' lang='lat' dir='ltr'><strong>cb</strong></span> <span class='ocrx_word' id='word_1_186' title='bbox 346 2689 402 2741; x_wconf 84' lang='grc' dir='ltr'>ταῖς</span> <span class='ocrx_word' id='word_1_187' title='bbox 423 2683 513 2742; x_wconf 81' lang='grc' dir='ltr'>ἀκοαῖς</span> <span class='ocrx_word' id='word_1_188' title='bbox 533 2683 590 2736; x_wconf 76' lang='grc' dir='ltr'>ἀλλ’</span> <span class='ocrx_word' id='word_1_189' title='bbox 610 2681 663 2754; x_wconf 78' lang='grc' dir='ltr'><strong>ὅλῳ</strong></span> <span class='ocrx_word' id='word_1_190' title='bbox 683 2683 724 2754; x_wconf 75' lang='lat' dir='ltr'><strong>aqi</strong></span> <span class='ocrx_word' id='word_1_191' title='bbox 746 2685 847 2754; x_wconf 83' lang='grc' dir='ltr'>σώματι</span> <span class='ocrx_word' id='word_1_192' title='bbox 867 2686 913 2758; x_wconf 73' lang='grc' dir='ltr'><strong>τὴν</strong></span> <span class='ocrx_word' id='word_1_193' title='bbox 934 2681 1050 2755; x_wconf 76' lang='grc' dir='ltr'>αἴσθησιν</span> <span class='ocrx_word' id='word_1_194' title='bbox 1071 2687 1169 2740; x_wconf 76' lang='grc' dir='ltr'>οὖσαν·</span> <span class='ocrx_word' id='word_1_195' title='bbox 1193 2685 1223 2741; x_wconf 73' lang='lat' dir='ltr'><strong>ab</strong></span> <span class='ocrx_word' id='word_1_196' title='bbox 1245 2689 1306 2758; x_wconf 71' lang='grc' dir='ltr'><strong>γάρ,</strong></span> <span class='ocrx_word' id='word_1_197' title='bbox 1326 2689 1350 2740; x_wconf 83' lang='grc' dir='ltr'><strong>εί</strong></span> <span class='ocrx_word' id='word_1_198' title='bbox 1367 2692 1409 2740; x_wconf 79' lang='grc' dir='ltr'><strong>καὶ</strong></span> 
     </span>
     <span class='ocr_line' id='line_1_23' title="bbox 299 2763 1017 2838; baseline 0.003 -22"><span class='ocrx_word' id='word_1_199' title='bbox 299 2765 443 2835; x_wconf 62' lang='lat' dir='ltr'><strong>opsequ</strong></span> <span class='ocrx_word' id='word_1_200' title='bbox 459 2781 483 2815; x_wconf 90' lang='grc' dir='ltr'><strong>τι</strong></span> <span class='ocrx_word' id='word_1_201' title='bbox 500 2763 534 2836; x_wconf 71' lang='grc' dir='ltr'>τῇ</span> <span class='ocrx_word' id='word_1_202' title='bbox 552 2764 628 2838; x_wconf 70' lang='grc' dir='ltr'>ἀκοῇ,</span> <span class='ocrx_word' id='word_1_203' title='bbox 646 2764 687 2816; x_wconf 74' lang='grc' dir='ltr'><strong>διὰ</strong></span> <span class='ocrx_word' id='word_1_204' title='bbox 707 2771 784 2818; x_wconf 80' lang='grc' dir='ltr'>τοῦτο</span> <span class='ocrx_word' id='word_1_205' title='bbox 801 2764 1017 2818; x_wconf 64' lang='lat' dir='ltr'><strong>salutatricem.</strong></span> 
     </span>
    </p>

    <p class='ocr_par' dir='ltr' id='par_1_5' title="bbox 296 2854 1455 3571">
     <span class='ocr_line' id='line_1_24' title="bbox 371 2854 1410 2932; baseline 0.006 -26"><span class='ocrx_word' id='word_1_206' title='bbox 371 2857 426 2918; x_wconf 77' lang='lat'><strong>¹¹⁶)</strong></span> <span class='ocrx_word' id='word_1_207' title='bbox 446 2858 553 2908; x_wconf 79' lang='lat' dir='ltr'><strong>Aristot.</strong></span> <span class='ocrx_word' id='word_1_208' title='bbox 570 2858 604 2908; x_wconf 87' lang='lat' dir='ltr'><strong>de</strong></span> <span class='ocrx_word' id='word_1_209' title='bbox 624 2871 695 2909; x_wconf 86' lang='lat' dir='ltr'><strong>sens.</strong></span> <span class='ocrx_word' id='word_1_210' title='bbox 709 2864 737 2910; x_wconf 88' lang='lat' dir='ltr'><strong>et</strong></span> <span class='ocrx_word' id='word_1_211' title='bbox 754 2861 842 2912; x_wconf 87' lang='lat' dir='ltr'><strong>sensit.</strong></span> <span class='ocrx_word' id='word_1_212' title='bbox 860 2874 919 2923; x_wconf 86' lang='lat' dir='ltr'><strong>cap.</strong></span> <span class='ocrx_word' id='word_1_213' title='bbox 934 2857 963 2910; x_wconf 75' lang='lat'><strong>2:</strong></span> <span class='ocrx_word' id='word_1_214' title='bbox 984 2854 1146 2928; x_wconf 77' lang='grc' dir='ltr'>Δημόκριτος</span> <span class='ocrx_word' id='word_1_215' title='bbox 1165 2857 1191 2909; x_wconf 80' lang='lat' dir='ltr'><strong>b&#39;</strong></span> <span class='ocrx_word' id='word_1_216' title='bbox 1210 2855 1248 2910; x_wconf 80' lang='grc' dir='ltr'><strong>ὄτι</strong></span> <span class='ocrx_word' id='word_1_217' title='bbox 1268 2859 1321 2927; x_wconf 82' lang='grc' dir='ltr'>μὲν</span> <span class='ocrx_word' id='word_1_218' title='bbox 1340 2859 1410 2932; x_wconf 69' lang='grc' dir='ltr'><strong>ὕδωρ</strong></span> 
     </span>
     <span class='ocr_line' id='line_1_25' title="bbox 299 2934 1410 3010; baseline 0.007 -24"><span class='ocrx_word' id='word_1_219' title='bbox 299 2935 365 2989; x_wconf 79' lang='grc' dir='ltr'>εἶναί</span> <span class='ocrx_word' id='word_1_220' title='bbox 382 2953 454 3006; x_wconf 72' lang='grc' dir='ltr'>φησι,</span> <span class='ocrx_word' id='word_1_221' title='bbox 474 2934 541 3005; x_wconf 79' lang='grc' dir='ltr'>λέγει</span> <span class='ocrx_word' id='word_1_222' title='bbox 560 2935 658 3000; x_wconf 80' lang='grc' dir='ltr'>καλῶς,</span> <span class='ocrx_word' id='word_1_223' title='bbox 674 2935 712 2990; x_wconf 76' lang='grc' dir='ltr'><strong>ὅτι</strong></span> <span class='ocrx_word' id='word_1_224' title='bbox 731 2938 755 2990; x_wconf 80' lang='grc' dir='ltr'><strong>δ’</strong></span> <span class='ocrx_word' id='word_1_225' title='bbox 777 2938 854 3000; x_wconf 68' lang='lat' dir='ltr'><strong>oleron</strong></span> <span class='ocrx_word' id='word_1_226' title='bbox 876 2939 906 2992; x_wconf 82' lang='lat' dir='ltr'><strong>rb</strong></span> <span class='ocrx_word' id='word_1_227' title='bbox 932 2937 994 3010; x_wconf 77' lang='grc' dir='ltr'>λρφῖν</span> <span class='ocrx_word' id='word_1_228' title='bbox 1019 2938 1147 3010; x_wconf 75' lang='grc' dir='ltr'>εἶναιτὴν</span> <span class='ocrx_word' id='word_1_229' title='bbox 1169 2939 1290 3010; x_wconf 79' lang='grc' dir='ltr'>ἔμφασιν.</span> <span class='ocrx_word' id='word_1_230' title='bbox 1313 2943 1348 2994; x_wconf 83' lang='lat' dir='ltr'><strong>ab</strong></span> <span class='ocrx_word' id='word_1_231' title='bbox 1368 2963 1410 2994; x_wconf 81' lang='grc' dir='ltr'><strong>κσ-</strong></span> 
     </span>
     <span class='ocr_line' id='line_1_26' title="bbox 298 3013 1410 3088; baseline 0.008 -22"><span class='ocrx_word' id='word_1_232' title='bbox 298 3015 369 3073; x_wconf 84' lang='grc' dir='ltr'>λιῖις·</span> <span class='ocrx_word' id='word_1_233' title='bbox 387 3021 464 3068; x_wconf 74' lang='grc' dir='ltr'>τοῦτο</span> <span class='ocrx_word' id='word_1_234' title='bbox 485 3017 531 3084; x_wconf 78' lang='grc' dir='ltr'>μίν</span> <span class='ocrx_word' id='word_1_235' title='bbox 552 3013 599 3088; x_wconf 71' lang='grc' dir='ltr'><strong>γὰρ</strong></span> <span class='ocrx_word' id='word_1_236' title='bbox 625 3019 759 3087; x_wconf 76' lang='grc' dir='ltr'>συμβαίνει</span> <span class='ocrx_word' id='word_1_237' title='bbox 785 3016 823 3070; x_wconf 76' lang='lat' dir='ltr'><strong>tu</strong></span> <span class='ocrx_word' id='word_1_238' title='bbox 839 3018 868 3070; x_wconf 79' lang='lat' dir='ltr'><strong>rb</strong></span> <span class='ocrx_word' id='word_1_239' title='bbox 889 3017 961 3088; x_wconf 82' lang='grc' dir='ltr'>ὄμμα</span> <span class='ocrx_word' id='word_1_240' title='bbox 979 3019 1059 3080; x_wconf 85' lang='grc' dir='ltr'>λεῖον,</span> <span class='ocrx_word' id='word_1_241' title='bbox 1079 3021 1123 3071; x_wconf 82' lang='grc' dir='ltr'><strong>καὶ</strong></span> <span class='ocrx_word' id='word_1_242' title='bbox 1141 3021 1207 3072; x_wconf 82' lang='grc' dir='ltr'>ἔστιν</span> <span class='ocrx_word' id='word_1_243' title='bbox 1226 3019 1277 3071; x_wconf 71' lang='grc' dir='ltr'><strong>οὐκ</strong></span> <span class='ocrx_word' id='word_1_244' title='bbox 1298 3023 1329 3073; x_wconf 79' lang='grc' dir='ltr'>ἐν</span> <span class='ocrx_word' id='word_1_245' title='bbox 1351 3025 1410 3075; x_wconf 82' lang='grc' dir='ltr'>ἐκεί·</span> 
     </span>
     <span class='ocr_line' id='line_1_27' title="bbox 298 3093 1411 3174; baseline 0.007 -28"><span class='ocrx_word' id='word_1_246' title='bbox 298 3115 336 3164; x_wconf 89' lang='grc' dir='ltr'><strong>νιρ</strong></span> <span class='ocrx_word' id='word_1_247' title='bbox 356 3093 415 3146; x_wconf 81' lang='grc' dir='ltr'>ἀλλ’</span> <span class='ocrx_word' id='word_1_248' title='bbox 442 3096 468 3146; x_wconf 80' lang='grc' dir='ltr'>ἐν</span> <span class='ocrx_word' id='word_1_249' title='bbox 488 3098 528 3166; x_wconf 73' lang='grc' dir='ltr'>τῷ</span> <span class='ocrx_word' id='word_1_250' title='bbox 553 3095 661 3168; x_wconf 78' lang='grc' dir='ltr'>ὁρῶντι·</span> <span class='ocrx_word' id='word_1_251' title='bbox 689 3097 829 3157; x_wconf 78' lang='grc' dir='ltr'>ἀνάκλασις</span> <span class='ocrx_word' id='word_1_252' title='bbox 850 3100 897 3170; x_wconf 77' lang='grc' dir='ltr'><strong>γὰρ</strong></span> <span class='ocrx_word' id='word_1_253' title='bbox 922 3099 951 3151; x_wconf 80' lang='lat' dir='ltr'><strong>rb</strong></span> <span class='ocrx_word' id='word_1_254' title='bbox 976 3097 1068 3158; x_wconf 71' lang='grc' dir='ltr'>σάλος.</span> <span class='ocrx_word' id='word_1_255' title='bbox 1109 3097 1192 3153; x_wconf 76' lang='grc' dir='ltr'>Ἀλλὰ</span> <span class='ocrx_word' id='word_1_256' title='bbox 1216 3099 1340 3155; x_wconf 71' lang='grc' dir='ltr'>καθόλου</span> <span class='ocrx_word' id='word_1_257' title='bbox 1360 3106 1411 3174; x_wconf 72' lang='grc' dir='ltr'><strong>περὶ</strong></span> 
     </span>
     <span class='ocr_line' id='line_1_28' title="bbox 296 3175 1410 3253; baseline 0.006 -27"><span class='ocrx_word' id='word_1_258' title='bbox 296 3181 349 3226; x_wconf 84' lang='grc' dir='ltr'><strong>τῶν</strong></span> <span class='ocrx_word' id='word_1_259' title='bbox 370 3175 568 3246; x_wconf 70' lang='grc' dir='ltr'>ἐμφαινομένων</span> <span class='ocrx_word' id='word_1_260' title='bbox 587 3178 632 3230; x_wconf 84' lang='grc' dir='ltr'><strong>καί</strong></span> <span class='ocrx_word' id='word_1_261' title='bbox 650 3177 818 3236; x_wconf 74' lang='grc' dir='ltr'>ἀνακλάσεως</span> <span class='ocrx_word' id='word_1_262' title='bbox 838 3179 914 3232; x_wconf 74' lang='grc' dir='ltr'>οὐδέν</span> <span class='ocrx_word' id='word_1_263' title='bbox 933 3199 974 3231; x_wconf 80' lang='grc' dir='ltr'>τω</span> <span class='ocrx_word' id='word_1_264' title='bbox 996 3180 1075 3252; x_wconf 77' lang='grc' dir='ltr'>δῆλον</span> <span class='ocrx_word' id='word_1_265' title='bbox 1095 3181 1138 3253; x_wconf 76' lang='grc' dir='ltr'><strong>ἠν,</strong></span> <span class='ocrx_word' id='word_1_266' title='bbox 1156 3181 1193 3239; x_wconf 80' lang='grc' dir='ltr'><strong>ὡς</strong></span> <span class='ocrx_word' id='word_1_267' title='bbox 1214 3182 1313 3236; x_wconf 82' lang='grc' dir='ltr'>ίοικεν,</span> <span class='ocrx_word' id='word_1_268' title='bbox 1338 3183 1410 3238; x_wconf 76' lang='grc' dir='ltr'>Ἀτι-</span> 
     </span>
     <span class='ocr_line' id='line_1_29' title="bbox 296 3254 1410 3334; baseline 0.008 -26"><span class='ocrx_word' id='word_1_269' title='bbox 296 3254 390 3308; x_wconf 75' lang='grc' dir='ltr'>τωνδί</span> <span class='ocrx_word' id='word_1_270' title='bbox 409 3257 553 3330; x_wconf 76' lang='grc' dir='ltr'>καίτὸμὴ</span> <span class='ocrx_word' id='word_1_271' title='bbox 576 3255 691 3311; x_wconf 80' lang='grc' dir='ltr'>ίιιελίλιῖν</span> <span class='ocrx_word' id='word_1_272' title='bbox 716 3259 788 3329; x_wconf 76' lang='grc' dir='ltr'>αὐτῷ</span> <span class='ocrx_word' id='word_1_273' title='bbox 807 3260 935 3332; x_wconf 74' lang='grc' dir='ltr'>ἀπορῆσαι</span> <span class='ocrx_word' id='word_1_274' title='bbox 955 3260 997 3312; x_wconf 72' lang='grc' dir='ltr'><strong>διὰ</strong></span> <span class='ocrx_word' id='word_1_275' title='bbox 1015 3263 1040 3313; x_wconf 89' lang='grc' dir='ltr'>τί</span> <span class='ocrx_word' id='word_1_276' title='bbox 1059 3260 1073 3313; x_wconf 83' lang='lat' dir='ltr'><strong>b</strong></span> <span class='ocrx_word' id='word_1_277' title='bbox 1095 3259 1230 3332; x_wconf 77' lang='grc' dir='ltr'>ὀφθαλμὸς</span> <span class='ocrx_word' id='word_1_278' title='bbox 1247 3262 1296 3334; x_wconf 71' lang='grc' dir='ltr'><strong>ὁρᾷ</strong></span> <span class='ocrx_word' id='word_1_279' title='bbox 1322 3267 1410 3332; x_wconf 75' lang='grc' dir='ltr'>μόνον.</span> 
     </span>
     <span class='ocr_line' id='line_1_30' title="bbox 296 3332 1455 3416; baseline 0.005 -26"><span class='ocrx_word' id='word_1_280' title='bbox 296 3342 349 3390; x_wconf 87' lang='grc' dir='ltr'><strong>τῶν</strong></span> <span class='ocrx_word' id='word_1_281' title='bbox 367 3335 393 3388; x_wconf 80' lang='lat' dir='ltr'><strong>b’</strong></span> <span class='ocrx_word' id='word_1_282' title='bbox 414 3332 502 3389; x_wconf 82' lang='grc' dir='ltr'>ἄλλων</span> <span class='ocrx_word' id='word_1_283' title='bbox 525 3338 600 3391; x_wconf 74' lang='grc' dir='ltr'>οὐδὲν</span> <span class='ocrx_word' id='word_1_284' title='bbox 620 3340 646 3392; x_wconf 73' lang='lat' dir='ltr'><strong>ln</strong></span> <span class='ocrx_word' id='word_1_285' title='bbox 673 3339 710 3398; x_wconf 86' lang='grc' dir='ltr'><strong>οίς</strong></span> <span class='ocrx_word' id='word_1_286' title='bbox 729 3341 879 3411; x_wconf 75' lang='grc' dir='ltr'>ἐμφαίνεται</span> <span class='ocrx_word' id='word_1_287' title='bbox 898 3341 929 3392; x_wconf 72' lang='grc' dir='ltr'>τί</span> <span class='ocrx_word' id='word_1_288' title='bbox 950 3341 1056 3394; x_wconf 77' lang='grc' dir='ltr'>εἴδωλα.</span> <span class='ocrx_word' id='word_1_289' title='bbox 1090 3341 1127 3396; x_wconf 84' lang='grc' dir='ltr'><strong>Τὸ</strong></span> <span class='ocrx_word' id='word_1_290' title='bbox 1147 3344 1194 3410; x_wconf 82' lang='grc' dir='ltr'>μὲν</span> <span class='ocrx_word' id='word_1_291' title='bbox 1215 3342 1261 3394; x_wconf 79' lang='grc' dir='ltr'>οὖν</span> <span class='ocrx_word' id='word_1_292' title='bbox 1280 3345 1333 3416; x_wconf 78' lang='grc' dir='ltr'><strong>τὴν</strong></span> <span class='ocrx_word' id='word_1_293' title='bbox 1354 3345 1410 3398; x_wconf 68' lang='lat' dir='ltr'><strong>idn</strong></span> <span class='ocrx_word' id='word_1_294' title='bbox 1454 3364 1455 3386; x_wconf 78' lang='grc' dir='ltr'><strong>ι</strong></span> 
     </span>
     <span class='ocr_line' id='line_1_31' title="bbox 297 3406 1410 3499; baseline 0.008 -29"><span class='ocrx_word' id='word_1_295' title='bbox 297 3419 361 3470; x_wconf 76' lang='grc' dir='ltr'>εἶναι</span> <span class='ocrx_word' id='word_1_296' title='bbox 386 3415 479 3475; x_wconf 76' lang='grc' dir='ltr'>ὓδατος</span> <span class='ocrx_word' id='word_1_297' title='bbox 506 3415 602 3489; x_wconf 69' lang='grc' dir='ltr'>ἀληθὲς</span> <span class='ocrx_word' id='word_1_298' title='bbox 624 3420 679 3487; x_wconf 77' lang='grc' dir='ltr'>μέν,</span> <span class='ocrx_word' id='word_1_299' title='bbox 704 3420 734 3472; x_wconf 81' lang='lat' dir='ltr'><strong>ob</strong></span> <span class='ocrx_word' id='word_1_300' title='bbox 760 3421 847 3489; x_wconf 81' lang='grc' dir='ltr'>μέντοι</span> <span class='ocrx_word' id='word_1_301' title='bbox 871 3422 1004 3489; x_wconf 76' lang='grc' dir='ltr'>συμβαίνει</span> <span class='ocrx_word' id='word_1_302' title='bbox 1026 3421 1055 3474; x_wconf 82' lang='grc' dir='ltr'>τὸ</span> <span class='ocrx_word' id='word_1_303' title='bbox 1080 3421 1145 3494; x_wconf 78' lang='grc' dir='ltr'>ὁρᾷν</span> <span class='ocrx_word' id='word_1_304' title='bbox 1167 3418 1184 3496; x_wconf 67' lang='grc' dir='ltr'>ᾖ</span> <span class='ocrx_word' id='word_1_305' title='bbox 1210 3421 1282 3495; x_wconf 77' lang='grc' dir='ltr'>ὕδωρ</span> <span class='ocrx_word' id='word_1_306' title='bbox 1313 3406 1410 3499; x_wconf 44' lang='lat' dir='ltr'><strong>tillir}</strong></span> 
     </span>
     <span class='ocr_line' id='line_1_32' title="bbox 297 3497 1455 3571; baseline 0.003 -21"><span class='ocrx_word' id='word_1_307' title='bbox 297 3498 433 3564; x_wconf 79' lang='grc' dir='ltr'>ὃιαφσνίς·</span> <span class='ocrx_word' id='word_1_308' title='bbox 451 3497 465 3550; x_wconf 81' lang='lat' dir='ltr'><strong>b</strong></span> <span class='ocrx_word' id='word_1_309' title='bbox 486 3501 531 3552; x_wconf 84' lang='grc' dir='ltr'><strong>καί</strong></span> <span class='ocrx_word' id='word_1_310' title='bbox 551 3501 592 3552; x_wconf 78' lang='grc' dir='ltr'><strong>ἐπὶ</strong></span> <span class='ocrx_word' id='word_1_311' title='bbox 610 3503 657 3553; x_wconf 81' lang='grc' dir='ltr'>τοῦ</span> <span class='ocrx_word' id='word_1_312' title='bbox 676 3501 752 3571; x_wconf 80' lang='grc' dir='ltr'>ἀέρος</span> <span class='ocrx_word' id='word_1_313' title='bbox 771 3499 858 3552; x_wconf 73' lang='grc' dir='ltr'>κοινόν</span> <span class='ocrx_word' id='word_1_314' title='bbox 878 3501 955 3555; x_wconf 83' lang='grc' dir='ltr'>ἐστιν.</span> <span class='ocrx_word' id='word_1_315' title='bbox 1454 3563 1455 3570; x_wconf 14' lang='lat'>³</span> 
     </span>
    </p>

    <p class='ocr_par' dir='ltr' id='par_1_6' title="bbox 294 3591 1455 3803">
     <span class='ocr_line' id='line_1_33' title="bbox 369 3591 1455 3671; baseline 0.012 -31"><span class='ocrx_word' id='word_1_316' title='bbox 369 3593 424 3654; x_wconf 76' lang='lat'><strong>¹¹⁶)</strong></span> <span class='ocrx_word' id='word_1_317' title='bbox 446 3595 562 3656; x_wconf 85' lang='lat' dir='ltr'><strong>Simplic.</strong></span> <span class='ocrx_word' id='word_1_318' title='bbox 584 3595 618 3644; x_wconf 84' lang='lat' dir='ltr'><strong>ad</strong></span> <span class='ocrx_word' id='word_1_319' title='bbox 639 3591 748 3645; x_wconf 78' lang='lat' dir='ltr'><strong>aristot.</strong></span> <span class='ocrx_word' id='word_1_320' title='bbox 768 3596 802 3646; x_wconf 81' lang='lat' dir='ltr'><strong>de</strong></span> <span class='ocrx_word' id='word_1_321' title='bbox 821 3609 892 3646; x_wconf 81' lang='lat' dir='ltr'><strong>sens.</strong></span> <span class='ocrx_word' id='word_1_322' title='bbox 911 3595 952 3646; x_wconf 90' lang='lat' dir='ltr'><strong>lol.</strong></span> <span class='ocrx_word' id='word_1_323' title='bbox 973 3593 1045 3646; x_wconf 81' lang='grc' dir='ltr'>97.ιι.</span> <span class='ocrx_word' id='word_1_324' title='bbox 1063 3621 1091 3632; x_wconf 85' lang='lat'><strong>·-</strong></span> <span class='ocrx_word' id='word_1_325' title='bbox 1113 3592 1145 3646; x_wconf 81' lang='grc' dir='ltr'><strong>οὗ</strong></span> <span class='ocrx_word' id='word_1_326' title='bbox 1164 3597 1311 3668; x_wconf 67' lang='grc' dir='ltr'>,τεκμήριον</span> <span class='ocrx_word' id='word_1_327' title='bbox 1333 3619 1411 3671; x_wconf 80' lang='grc' dir='ltr'>παρσ-</span> <span class='ocrx_word' id='word_1_328' title='bbox 1454 3605 1455 3608; x_wconf 70' lang='grc'>’</span> 
     </span>
     <span class='ocr_line' id='line_1_34' title="bbox 294 3667 1410 3752; baseline 0.004 -30"><span class='ocrx_word' id='word_1_329' title='bbox 294 3667 390 3723; x_wconf 79' lang='grc' dir='ltr'>τίθεται</span> <span class='ocrx_word' id='word_1_330' title='bbox 409 3670 439 3722; x_wconf 79' lang='grc' dir='ltr'>τὸ</span> <span class='ocrx_word' id='word_1_331' title='bbox 458 3671 498 3724; x_wconf 80' lang='grc' dir='ltr'><strong>ἀεὶ</strong></span> <span class='ocrx_word' id='word_1_332' title='bbox 518 3679 570 3724; x_wconf 87' lang='grc' dir='ltr'><strong>τῶν</strong></span> <span class='ocrx_word' id='word_1_333' title='bbox 592 3671 715 3746; x_wconf 69' lang='grc' dir='ltr'>ὁρώντων</span> <span class='ocrx_word' id='word_1_334' title='bbox 744 3673 770 3724; x_wconf 83' lang='grc' dir='ltr'>ἐν</span> <span class='ocrx_word' id='word_1_335' title='bbox 789 3677 819 3747; x_wconf 65' lang='grc' dir='ltr'>τῇ</span> <span class='ocrx_word' id='word_1_336' title='bbox 839 3673 903 3745; x_wconf 76' lang='grc' dir='ltr'>κόρῃ</span> <span class='ocrx_word' id='word_1_337' title='bbox 925 3673 989 3726; x_wconf 88' lang='grc' dir='ltr'>είναι</span> <span class='ocrx_word' id='word_1_338' title='bbox 1009 3675 1056 3746; x_wconf 74' lang='grc' dir='ltr'><strong>τὴν</strong></span> <span class='ocrx_word' id='word_1_339' title='bbox 1074 3678 1120 3726; x_wconf 80' lang='grc' dir='ltr'>τοῦ</span> <span class='ocrx_word' id='word_1_340' title='bbox 1140 3672 1276 3746; x_wconf 75' lang='grc' dir='ltr'>ὁρωμένου</span> <span class='ocrx_word' id='word_1_341' title='bbox 1296 3680 1410 3752; x_wconf 75' lang='grc' dir='ltr'>ἔμφασιν</span> 
     </span>
     <span class='ocr_line' id='line_1_35' title="bbox 294 3747 1455 3803; baseline 0.006 0"><span class='ocrx_word' id='word_1_342' title='bbox 294 3753 340 3803; x_wconf 82' lang='grc' dir='ltr'><strong>καὶ</strong></span> <span class='ocrx_word' id='word_1_343' title='bbox 358 3749 476 3803; x_wconf 66' lang='lat' dir='ltr'><strong>tibulos.</strong></span> <span class='ocrx_word' id='word_1_344' title='bbox 1454 3747 1455 3768; x_wconf 39' lang='lat' dir='ltr'><strong>i</strong></span> 
     </span>
    </p>
   </div>
   <div class='ocr_carea' id='block_1_5' title="bbox 291 3809 1455 4248">
    <p class='ocr_par' dir='ltr' id='par_1_7' title="bbox 291 3809 1455 4248">
     <span class='ocr_line' id='line_1_36' title="bbox 366 3809 1455 3924; baseline 0.01 -31"><span class='ocrx_word' id='word_1_345' title='bbox 366 3845 421 3907; x_wconf 79' lang='lat'><strong>¹¹⁷)</strong></span> <span class='ocrx_word' id='word_1_346' title='bbox 442 3845 613 3908; x_wconf 82' lang='lat' dir='ltr'><strong>Pseudoplut.</strong></span> <span class='ocrx_word' id='word_1_347' title='bbox 641 3847 674 3896; x_wconf 87' lang='lat' dir='ltr'><strong>de</strong></span> <span class='ocrx_word' id='word_1_348' title='bbox 698 3845 765 3907; x_wconf 85' lang='lat' dir='ltr'><strong>pluo.</strong></span> <span class='ocrx_word' id='word_1_349' title='bbox 786 3845 846 3907; x_wconf 88' lang='lat' dir='ltr'><strong>pbil.</strong></span> <span class='ocrx_word' id='word_1_350' title='bbox 865 3847 905 3908; x_wconf 80' lang='lat' dir='ltr'><strong>lv,</strong></span> <span class='ocrx_word' id='word_1_351' title='bbox 926 3845 972 3897; x_wconf 81' lang='lat' dir='ltr'><strong>lt:</strong></span> <span class='ocrx_word' id='word_1_352' title='bbox 1011 3843 1173 3917; x_wconf 79' lang='grc' dir='ltr'>Δημόκριτος</span> <span class='ocrx_word' id='word_1_353' title='bbox 1191 3844 1410 3924; x_wconf 80' lang='grc' dir='ltr'>κσίἘτιίκσορος</span> <span class='ocrx_word' id='word_1_354' title='bbox 1454 3809 1455 3894; x_wconf 80' lang='lat' dir='ltr'><strong>l</strong></span> 
     </span>
     <span class='ocr_line' id='line_1_37' title="bbox 293 3911 1455 4002; baseline 0.008 -29"><span class='ocrx_word' id='word_1_355' title='bbox 293 3921 339 3980; x_wconf 81' lang='grc' dir='ltr'>τὰς</span> <span class='ocrx_word' id='word_1_356' title='bbox 365 3923 538 3995; x_wconf 68' lang='grc' dir='ltr'>κατοπτρικὰς</span> <span class='ocrx_word' id='word_1_357' title='bbox 565 3923 688 3994; x_wconf 79' lang='grc' dir='ltr'>ἐμφάσεις</span> <span class='ocrx_word' id='word_1_358' title='bbox 715 3921 828 3992; x_wconf 73' lang='grc' dir='ltr'>γίνεσθαι</span> <span class='ocrx_word' id='word_1_359' title='bbox 857 3925 916 3978; x_wconf 82' lang='grc' dir='ltr'>κατ’</span> <span class='ocrx_word' id='word_1_360' title='bbox 938 3926 1054 3979; x_wconf 77' lang='grc' dir='ltr'>εἰδώλων</span> <span class='ocrx_word' id='word_1_361' title='bbox 1081 3925 1246 3988; x_wconf 71' lang='grc' dir='ltr'>ὑποστάσεις,</span> <span class='ocrx_word' id='word_1_362' title='bbox 1275 3927 1345 4002; x_wconf 73' lang='grc' dir='ltr'>ἅπερ</span> <span class='ocrx_word' id='word_1_363' title='bbox 1371 3935 1410 3984; x_wconf 75' lang='grc' dir='ltr'><strong>σί</strong></span> <span class='ocrx_word' id='word_1_364' title='bbox 1454 3911 1455 3998; x_wconf 77' lang='lat' dir='ltr'><strong>l</strong></span> 
     </span>
     <span class='ocr_line' id='line_1_38' title="bbox 293 3999 1408 4081; baseline 0.011 -27"><span class='ocrx_word' id='word_1_365' title='bbox 293 3999 382 4073; x_wconf 78' lang='lat' dir='ltr'><strong>peullru</strong></span> <span class='ocrx_word' id='word_1_366' title='bbox 409 4005 456 4072; x_wconf 80' lang='grc' dir='ltr'>μὲν</span> <span class='ocrx_word' id='word_1_367' title='bbox 487 4003 533 4075; x_wconf 82' lang='grc' dir='ltr'><strong>ἀφ’</strong></span> <span class='ocrx_word' id='word_1_368' title='bbox 554 4004 637 4075; x_wconf 71' lang='grc' dir='ltr'>ἡμῶν,</span> <span class='ocrx_word' id='word_1_369' title='bbox 664 4001 827 4056; x_wconf 77' lang='grc' dir='ltr'>συνίστασθαι</span> <span class='ocrx_word' id='word_1_370' title='bbox 853 4003 877 4056; x_wconf 80' lang='grc' dir='ltr'><strong>δ’</strong></span> <span class='ocrx_word' id='word_1_371' title='bbox 899 4007 940 4059; x_wconf 77' lang='grc' dir='ltr'><strong>ἐπί</strong></span> <span class='ocrx_word' id='word_1_372' title='bbox 959 4013 1005 4060; x_wconf 78' lang='grc' dir='ltr'>τοῦ</span> <span class='ocrx_word' id='word_1_373' title='bbox 1024 4007 1169 4078; x_wconf 71' lang='grc' dir='ltr'>κατόπτρου</span> <span class='ocrx_word' id='word_1_374' title='bbox 1186 4009 1256 4059; x_wconf 70' lang='grc' dir='ltr'>κατὰ</span> <span class='ocrx_word' id='word_1_375' title='bbox 1274 4011 1326 4081; x_wconf 63' lang='grc' dir='ltr'>τὴν</span> <span class='ocrx_word' id='word_1_376' title='bbox 1346 4015 1408 4065; x_wconf 75' lang='grc' dir='ltr'>ἀντι·</span> 
     </span>
     <span class='ocr_line' id='line_1_39' title="bbox 293 4085 1407 4156; baseline 0.012 -24"><span class='ocrx_word' id='word_1_377' title='bbox 293 4085 473 4156; x_wconf 66' lang='grc' dir='ltr'>περιστροφὴν.</span> <span class='ocrx_word' id='word_1_378' title='bbox 511 4089 550 4137; x_wconf 81' lang='lat' dir='ltr'><strong>Cf.</strong></span> <span class='ocrx_word' id='word_1_379' title='bbox 570 4088 659 4137; x_wconf 85' lang='lat' dir='ltr'><strong>Galen.</strong></span> <span class='ocrx_word' id='word_1_380' title='bbox 681 4101 703 4138; x_wconf 87' lang='lat' dir='ltr'><strong>o.</strong></span> <span class='ocrx_word' id='word_1_381' title='bbox 723 4085 756 4136; x_wconf 72' lang='lat'><strong>‘25</strong></span> <span class='ocrx_word' id='word_1_382' title='bbox 779 4091 805 4138; x_wconf 91' lang='lat' dir='ltr'><strong>et</strong></span> <span class='ocrx_word' id='word_1_383' title='bbox 829 4089 893 4140; x_wconf 90' lang='lat' dir='ltr'><strong>Cod.</strong></span> <span class='ocrx_word' id='word_1_384' title='bbox 917 4089 983 4141; x_wconf 79' lang='lat' dir='ltr'><strong>l&#39;lor.</strong></span> <span class='ocrx_word' id='word_1_385' title='bbox 1001 4091 1122 4141; x_wconf 84' lang='lat' dir='ltr'><strong>Damaso.</strong></span> <span class='ocrx_word' id='word_1_386' title='bbox 1142 4092 1167 4140; x_wconf 91' lang='lat' dir='ltr'><strong>in</strong></span> <span class='ocrx_word' id='word_1_387' title='bbox 1189 4091 1327 4146; x_wconf 86' lang='lat' dir='ltr'><strong>Gaislord.</strong></span> <span class='ocrx_word' id='word_1_388' title='bbox 1350 4099 1407 4147; x_wconf 79' lang='lat' dir='ltr'><strong>edu</strong></span> 
     </span>
     <span class='ocr_line' id='line_1_40' title="bbox 291 4165 1455 4248; baseline 0.009 -34"><span class='ocrx_word' id='word_1_389' title='bbox 291 4165 364 4216; x_wconf 84' lang='lat' dir='ltr'><strong>Stob.</strong></span> <span class='ocrx_word' id='word_1_390' title='bbox 384 4168 456 4219; x_wconf 86' lang='lat' dir='ltr'><strong>Tum.</strong></span> <span class='ocrx_word' id='word_1_391' title='bbox 477 4169 510 4218; x_wconf 87' lang='lat' dir='ltr'><strong>lV</strong></span> <span class='ocrx_word' id='word_1_392' title='bbox 531 4169 644 4232; x_wconf 86' lang='lat' dir='ltr'><strong>append.</strong></span> <span class='ocrx_word' id='word_1_393' title='bbox 664 4169 713 4228; x_wconf 84' lang='lat' dir='ltr'><strong>(cd.</strong></span> <span class='ocrx_word' id='word_1_394' title='bbox 735 4169 826 4231; x_wconf 80' lang='lat' dir='ltr'><strong>Oxou.)</strong></span> <span class='ocrx_word' id='word_1_395' title='bbox 844 4185 868 4234; x_wconf 90' lang='lat' dir='ltr'><strong>p.</strong></span> <span class='ocrx_word' id='word_1_396' title='bbox 889 4167 931 4223; x_wconf 70' lang='lat' dir='ltr'><strong>ll.</strong></span> <span class='ocrx_word' id='word_1_397' title='bbox 1454 4205 1455 4248; x_wconf 56' lang='grc' dir='ltr'>ρ</span> 
     </span>
    </p>
   </div>
   <div class='ocr_carea' id='block_1_6' title="bbox 362 4251 1455 4340">
    <p class='ocr_par' dir='ltr' id='par_1_8' title="bbox 362 4251 1455 4340">
     <span class='ocr_line' id='line_1_41' title="bbox 362 4251 1455 4340; baseline 0.005 -35"><span class='ocrx_word' id='word_1_398' title='bbox 362 4256 418 4317; x_wconf 73' lang='lat'><strong>¹¹⁸)</strong></span> <span class='ocrx_word' id='word_1_399' title='bbox 437 4257 474 4306; x_wconf 79' lang='lat' dir='ltr'><strong>Cf.</strong></span> <span class='ocrx_word' id='word_1_400' title='bbox 494 4259 597 4340; x_wconf 73' lang='grc' dir='ltr'>[μοιτί.</span> <span class='ocrx_word' id='word_1_401' title='bbox 621 4261 661 4320; x_wconf 78' lang='lat' dir='ltr'><strong>IV,</strong></span> <span class='ocrx_word' id='word_1_402' title='bbox 685 4255 730 4309; x_wconf 81' lang='lat' dir='ltr'><strong>lli</strong></span> <span class='ocrx_word' id='word_1_403' title='bbox 752 4275 826 4326; x_wconf 85' lang='lat' dir='ltr'><strong>seqq.</strong></span> <span class='ocrx_word' id='word_1_404' title='bbox 1249 4317 1252 4324; x_wconf 27' lang='lat'><strong>¹</strong></span> <span class='ocrx_word' id='word_1_405' title='bbox 1454 4251 1455 4310; x_wconf 88' lang='lat' dir='ltr'><strong>l</strong></span> 
     </span>
    </p>
   </div>
   <div class='ocr_carea' id='block_1_7' title="bbox 0 0 1486 4862">
    <p class='ocr_par' dir='ltr' id='par_1_9' title="bbox 0 0 1486 4862">
     <span class='ocr_line' id='line_1_42' title="bbox 0 0 1486 4862; baseline 0 0"><span class='ocrx_word' id='word_1_406' title='bbox 0 0 1486 4862; x_wconf 95' lang='lat' dir='ltr'><strong> </strong></span> 
     </span>
    </p>
   </div>
  </div>
 </body>
</html>
