2932 4862
292 309 355 376 374
629 314 825 377 Quaestionum
851 311 1083 368 Democriteum

294 477 406 542 habere
426 479 484 542 sibi
510 481 593 544 visus
613 487 670 557 est,
694 479 804 562 quibus
829 499 865 542 ea
895 497 973 561 qnae
1002 477 1139 540 sensibus
1163 494 1297 557 apparere
1315 475 1371 535 iste-

295 605 364 648 mur
383 587 589 651 couhrmaudo
607 607 705 672 neque
722 587 945 669 generationem
975 586 1102 662 tolleret,
1124 605 1219 667 neque
1241 581 1372 654 interituri,

295 711 394 776 neque
414 701 546 772 motum,
570 714 669 778 neque
698 716 799 758 rerum
827 692 1055 756 multitudinem.
1104 695 1185 755 llaec
1213 691 1295 752 rebus
1320 709 1373 749 cun

296 800 334 863 iis
358 819 435 883 quae
465 811 628 884 apparent,
656 811 719 866 tum
748 821 825 883 qirae
849 802 946 862 Unum
966 799 1099 862 efficiunt
1114 799 1279 862 concedens
1298 815 1374 876 neque

296 913 412 970 motum
434 927 502 970 esse
520 909 585 972 siue
608 909 698 988 inani,
723 927 822 990 neque
849 907 973 970 omnino
1000 926 1068 968 esse
1096 907 1193 982 insum,
1218 908 1278 984 ejus
1297 913 1375 965 cutm

296 1014 380 1096 quod
401 1014 448 1093 sit,
472 1015 546 1080 nihil
571 1036 633 1080 nou
654 1035 722 1080 esse
742 1015 791 1078 ait.

379 1121 631 1204 insequentibus
658 1123 801 1203 Stagirita
829 1121 934 1202 patrois
960 1121 1127 1184 doctrinam
1157 1122 1195 1184 de
1217 1117 1376 1201 corpusculis

296 1228 456 1292 individuis
475 1231 640 1294 adumbrat
690 1231 744 1294 Sic
771 1239 870 1294 autem
897 1227 1072 1308 Leucippus
1100 1227 1321 1307 philosophatus
1337 1235 1377 1300 ast

296 1343 331 1398 ut
355 1335 393 1398 iis
418 1357 496 1419 quae
524 1337 622 1401 oculis
653 1337 839 1419 auribusque
869 1341 1009 1398 notamus
1042 1339 1073 1396 et
1097 1334 1292 1415 percipimus,
1313 1333 1377 1415 quasi

296 1463 402 1508 omnes
427 1446 559 1508 veritatis
581 1465 724 1508 numeros
741 1444 938 1518 continerent,
969 1440 1105 1522 probatis
1129 1441 1244 1524 reliqua
1268 1459 1378 1520 magnam

295 1557 413 1630 partem
448 1553 487 1616 ad
515 1552 685 1618 Eleatarnm
720 1552 886 1614 doctrinam
920 1550 1132 1612 conformarer.
1186 1553 1283 1630 Quum
1310 1547 1378 1626 igitur

294 1667 355 1720 tam
375 1667 459 1723 arcto
486 1680 555 1722 cum
581 1658 693 1722 Eleatis
720 1659 842 1722 vinculo
865 1659 1026 1735 conjuncta
1054 1663 1133 1718 esset
1156 1656 1297 1737 Leucippi
1312 1653 1378 1726 ratio,

294 1783 356 1828 nou
379 1774 443 1827 erat
460 1766 542 1848 quod
555 1765 737 1829 Posidonius
750 1763 914 1844 Stoicus⁸)
932 1763 1103 1825 uuiversum
1125 1764 1165 1826 de
1179 1765 1283 1827 atomis
1300 1762 1379 1840 dispu-

295 1871 437 1934 tationem
457 1873 496 1934 ad
516 1873 658 1935 llloclurm
680 1873 862 1936 Phoenicem
879 1879 1037 1935 auctorem
1057 1871 1196 1934 referret.

378 1979 525 2059 Leucippi
544 1979 663 2042 inventa
684 1977 919 2060 Democritus³)
940 1978 1141 2060 amplificavit,
1165 1977 1310 2059 expolivit,
1330 1993 1378 2036 ora·

294 2085 385 2148 ticinis
408 2086 537 2168 denique
567 2095 722 2150 venustate
748 2087 880 2164 ornavit,
910 2093 1025 2148 utnon
1048 2085 1125 2148 male
1148 2087 1187 2148 de
1211 2093 1329 2166 utroque
1347 2081 1378 2142 sie

296 2255 496 2269 m·

366 2369 388 2431 ²)
407 2369 443 2418 cr.
466 2373 536 2420 scit.
557 2371 655 2434 empu.
672 2371 732 2422 auv.
750 2371 828 2420 usu.
849 2371 887 2431 rx.
908 2365 966 2420 eae.
1004 2368 1101 2419 suam
1120 2368 1186 2432 xvi,
1206 2383 1231 2432 p.
1250 2361 1303 2417 757.

365 2484 388 2546 ³)
408 2483 439 2535 nt
459 2485 565 2536 difficile
583 2489 626 2536 est
645 2485 724 2538 hodie
745 2487 820 2538 iniis
839 2499 909 2552 quae
928 2485 1002 2536 Plato
1019 2483 1054 2536 de
1071 2485 1186 2534 Socrate
1204 2483 1267 2534 dicit
1280 2473 1377 2542 discipuli

291 2565 440 2618 sententias
461 2579 477 2616 a
497 2567 617 2630 magistri
645 2567 761 2619 decretis
783 2567 946 2628 discernere,
970 2565 1130 2629 praesertim
1147 2578 1231 2630 quum
1249 2563 1306 2614 nibil
1321 2559 1378 2611 scd·

291 2647 376 2708 pserit
396 2647 528 2708 Socrates,
554 2660 642 2712 neque
667 2650 780 2698 multum
801 2661 816 2700 e
845 2647 1027 2711 Xenophontis
1056 2641 1225 2710 alidrumque
1243 2644 1377 2706 scriptarum

291 2719 493 2788 comparatione
528 2728 658 2792 proficere
686 2729 775 2779 liceat:
808 2729 845 2778 ita
869 2729 925 2790 p'am
952 2727 1122 2778 Aristotelem
1148 2726 1184 2777 ad
1217 2717 1377 2788 cognoscenda

290 2806 418 2868 Leucippi
444 2807 569 2871 dogmata
594 2809 738 2858 Democriti
760 2807 931 2871 potissimum
962 2807 1045 2858 libros
1072 2807 1147 2856 adire
1178 2811 1298 2856 coactum
1319 2799 1379 2851 taldt

290 2885 448 2948 impeditum
469 2887 639 2952 arbitramur,
660 2889 805 2956 quominus
825 2891 953 2940 accurate
977 2888 1135 2951 explanaret
1153 2887 1219 2954 quid
1236 2901 1252 2938 a
1269 2882 1378 2944 Leucippo

291 2969 443 3030 accepisset
462 2968 640 3031 Democritus,
665 2971 730 3035 quid
752 2971 921 3020 Democriteo
944 2969 1049 3034 ingenio
1068 2967 1223 3018 deberetur.
1259 2967 1318 3016 Nam
1333 2961 1378 3010 lur-

290 3050 363 3098 tasse
393 3048 455 3104 nihil
481 3052 591 3114 scripsit
615 3051 781 3114 Leucippus,
806 3063 889 3116 quum
919 3051 1017 3100 librum
1045 3047 1104 3120 napi
1125 3051 1182 3105 νοῦ.
1204 3049 1279 3111 cuius
1299 3041 1377 3094 mentio

290 3131 332 3178 est
349 3128 421 3192 apud
440 3129 587 3182 stobaeum
609 3133 691 3196 eclog.
712 3132 789 3196 phys.
808 3133 826 3193 l,
846 3144 871 3195 p.
893 3128 942 3181 160
960 3131 1001 3182 ed.
1018 3131 1102 3190 Hecu,
1123 3128 1275 3192 Thrasyllus
1295 3126 1377 3176 Demo·

289 3209 379 3258 criteis
406 3209 555 3262 inseruerit
598 3213 655 3264 Vid.
682 3226 765 3276 supra
788 3211 831 3263 lib.
851 3213 880 3273 ll,
907 3225 932 3275 p.
956 3207 1012 3262 132.
1054 3211 1132 3271 Drrcd
1156 3215 1248 3260 cirtem
1271 3221 1286 3257 a
1306 3203 1377 3255 Theo·

289 3288 399 3352 phrusto
426 3291 449 3340 ei
471 3291 669 3344 attribuebatur
693 3306 762 3358 opus
786 3293 875 3356 magni
902 3291 1035 3343 Diacosmi
1060 3292 1167 3340 nomine
1188 3291 1308 3340 ornatum
1325 3285 1377 3332 teste

287 3369 406 3432 Diogene
434 3370 474 3432 lx,
492 3367 533 3434 lb,
560 3374 586 3424 id
611 3375 653 3424 alii
680 3375 780 3425 rectius
805 3373 959 3423 Democrito
984 3369 1166 3422 ascribebant.
1213 3371 1266 3420 vid
1287 3367 1336 3416 libr.
1355 3359 1376 3413 ll.

287 3465 312 3515 p.
333 3447 389 3501 130.
426 3451 515 3512 Quare
529 3454 585 3516 jam
604 3454 759 3506 Aristoteles
775 3453 929 3504 dubitanter
949 3452 1092 3503 voluminis
1109 3452 1223 3513 alicujus
1241 3447 1308 3515 quod
1320 3446 1375 3492 Leu-

288 3533 414 3596 cippeum
436 3546 498 3584 esse
516 3536 632 3585 nonnulli
653 3534 778 3586 volebant
794 3537 831 3585 ita
850 3534 970 3585 meminit
988 3535 1017 3582 ut
1034 3532 1184 3582 carminum
1203 3531 1304 3594 Orpheo
1321 3535 1376 3583 sul·

288 3613 439 3678 positorum
467 3615 622 3666 meminisse
650 3617 725 3666 solet.
767 3615 870 3665 Etenim
897 3615 964 3664 libro
990 3613 1024 3664 de
1045 3612 1163 3676 Xerropb.
1192 3614 1252 3663 zen.
1269 3613 1295 3661 et
1315 3607 1377 3661 0018·

286 3709 345 3758 cap.
367 3695 398 3744 Vl
420 3697 469 3745 ait:
492 3691 519 3743 ἐν
540 3698 594 3752 τοῖς
612 3691 762 3748 Λευκίππου
780 3691 952 3760 καλουμένοις
970 3689 1055 3760 λόγοις
1077 3697 1106 3742 ut
1123 3691 1184 3742 alibi
1202 3690 1234 3742 sd
1250 3682 1376 3750 adelphi

285 3769 407 3845 Ὀρφικά.
445 3777 502 3826 lluc
525 3777 632 3830 accedit
659 3778 732 3842 quod
756 3777 826 3826 idem
854 3775 971 3837 scriptor
997 3775 1030 3825 da
1053 3787 1111 3837 geu.
1133 3777 1160 3824 et
1185 3775 1259 3822 inter.
1277 3763 1375 3832 ihdi-

286 3861 359 3908 serie
380 3857 414 3907 de
432 3857 472 3908 his
492 3857 655 3921 philosophis
676 3857 807 3908 affirmat:
834 3853 888 3924 cup
920 3852 947 3904 tt
970 3851 1081 3920 μάλιστα
1099 3854 1217 3923 καὶπερὶ
1237 3851 1331 3902 πάντων
1348 3839 1376 3892 ἐνὶ

287 3934 357 4005 λόγῳ
378 3935 513 4008 dirupisset
532 3933 679 3995 habaiu-rrae
699 3937 744 3987 καὶ
761 3931 931 4005 Δημόκριτος.
962 3935 1143 3997 Quamobrem
1161 3949 1214 3986 uon
1235 3936 1275 3984 est
1290 3929 1375 3980 miran-

288 4018 356 4068 dum
373 4020 446 4084 quod
465 4019 521 4070 lere
546 4018 645 4086 ubique
669 4021 833 4083 conjunctim
858 4019 982 4078 citantur,
1009 4019 1036 4068 et
1061 4017 1103 4066 vel
1130 4017 1161 4066 illi
1187 4016 1236 4066 loci
1257 4011 1299 4064 ubi
1317 4007 1374 4088 subu

288 4103 454 4149 memoratur
474 4101 625 4163 Leucippus
647 4098 682 4149 ob
702 4101 768 4151 baec
786 4097 936 4150 Aristotelis
952 4095 1036 4148 verba
1053 4097 1089 4148 ad
1108 4097 1286 4148 Democritum
1299 4087 1373 4140 raiern

288 4181 410 4238 possunt.
448 4182 522 4240 Quae
539 4193 622 4245 qtium
644 4181 679 4230 ita
700 4183 761 4242 siut,
782 4181 816 4231 dc
838 4179 975 4242 Leucippo
994 4179 1140 4240 separatim
1163 4178 1290 4228 disserere
1304 4163 1373 4221 omisi,

286 4255 404 4304 indicato
421 4261 443 4308 si
464 4261 536 4322 quod
557 4260 734 4312 animadverti
752 4264 821 4311 inter
841 4261 980 4325 utriusque
1000 4258 1148 4308 doctrinam
1168 4256 1317 4309 discrimine.
