2984 4876
279 311 342 380 176
598 310 795 376 Quaertlonan
823 258 1057 370 Demdcritcarnm
1133 309 1135 314 ’

361 479 411 542 66.
451 470 558 544 Ἐλπίς
578 477 675 538 κακοῦ
696 473 823 560 κέρδεος
841 475 923 563 ἀρχὴ
943 476 1062 561 ζημίης.
1093 476 1180 541 Stob.
1191 475 1274 541 Flor.
1284 479 1326 557 X,
1336 481 1391 543 48.

360 587 410 649 66.
453 579 629 666 Χρημάτων
662 579 769 666 ὄρεξις,
803 582 856 648 ἐὰν
896 584 937 668 μὴ
965 583 1103 668 ὁρίζηται
1138 583 1240 670 ιιόριρ,
1282 586 1393 670 πενίης

278 693 411 780 ἐσχάτης
427 687 539 776 solini
556 687 780 774 χαλεπωτέρη·
811 689 938 774 μέζονες
961 690 1019 777 γὰρ
1046 691 1161 777 ὀρέξεις
1190 692 1322 778 μέζονας
1343 691 1391 756 ἐν·

278 801 363 870 delas
380 802 511 862 ποιεῦσι.
555 799 641 862 Stob.
663 799 746 862 Flor.
768 799 811 877 X,
833 801 885 864 44.

360 910 411 972 67.
445 900 565 990 Ὠσπερ
588 903 619 968 έν
639 907 718 968 τοῖσι
739 903 841 968 έλιιεσι
860 905 1044 991 φαγέδαιναν
1068 907 1208 970 ιιιίιιιστον
1232 905 1391 992 νοόσημα,

277 1015 377 1084 οὕτως
397 1013 429 1077 ἐν
459 1017 538 1076 τοῖσι
569 1013 707 1098 χρήμασι
737 1013 772 1077 τό
803 1013 844 1096 μὴ
866 1013 1080 1099 προςαρμόίον
1113 1015 1164 1079 καὶ
1193 1014 1228 1078 τό
1252 1014 1391 1101 Εονεχές.

277 1124 363 1190 Stob.
385 1123 469 1187 Flor.
490 1123 586 1199 XCll,
611 1123 659 1186 14.

359 1233 410 1295 68.
455 1225 493 1294 Ol
516 1228 665 1313 perduint
692 1229 743 1294 τόν
768 1231 823 1314 τῆς
849 1228 995 1314 μελίσσης
1023 1227 1104 1292 οἶτον
1124 1227 1241 1316 έχουσι,
1262 1227 1392 1315 ἐργαζό-

278 1361 364 1424 μενοι
387 1340 430 1406 dc
448 1337 508 1400 αἰεὶ
531 1335 726 1422 βιωσόμενοι.
770 1337 857 1402 Stob.
878 1337 963 1401 Flor.
984 1337 1071 1416 XVl,
1092 1341 1139 1402 16.

359 1448 410 1510 69.
446 1443 489 1508 ‘H
506 1443 637 1508 τέκνοισι
663 1441 739 1526 ἄγαν
765 1445 933 1530 χρημάτων
961 1443 1118 1528 ξιιναγωγὴ
1146 1444 1301 1530 πρόφασίς
1324 1443 1392 1508 έστι

276 1551 487 1640 ριλαργορίης,
507 1550 619 1637 τρόπον
638 1549 714 1614 ίόιον
738 1549 920 1638 ἐλέγχουσα.
961 1552 1046 1642 Stob.
1068 1553 1151 1614 Flor.
1171 1555 1213 1631 X,
1233 1557 1283 1617 65.

359 1663 410 1726 70.
452 1656 491 1725 Oi
518 1665 579 1724 τῶν
609 1659 773 1744 ρειδωλῶν
800 1659 909 1728 παῖδας
930 1658 1068 1744 ἀμαθέες
1089 1657 1253 1743 γινόμενοι,
1281 1660 1389 1746 ὥσπερ

275 1770 306 1833 oi
326 1767 474 1853 ὀρχησταὶ
495 1767 525 1830 ol
545 1767 577 1836 ἐς
601 1765 656 1836 τὰς
679 1767 835 1852 μαχαίρας
858 1765 1026 1850 όροόοντες,
1053 1765 1090 1850 ἦν
1113 1765 1182 1836 ἑνός
1203 1767 1317 1851 μοόνοο
1342 1770 1387 1854 μὴ

273 1875 401 1962 τόχοισι,
417 1875 458 1959 μὴ
478 1872 734 1960 καταφερόμενοι,
754 1870 831 1937 ἔνθα
852 1873 916 1937 δέει
937 1873 1010 1942 τοὺς
1028 1871 1128 1942 πόδας
1149 1871 1274 1959 ἐρεῖσαι,
1291 1875 1387 1940 ἀπόλ·

274 1986 397 2046 λονται·
426 1981 563 2066 χαλεπόν
597 1981 632 2046 δέ
658 1978 779 2067 τινχέειν
805 1983 860 2045 τοῦ
890 1979 972 2051 ste·
1003 1979 1038 2044 τό
1064 1980 1121 2066 γὰρ
1148 1979 1243 2067 ίχνιον
1271 1988 1387 2068 μοῦνον

1287 2087 1387 2152 λέλει·

358 2311 408 2373 65.
450 2311 530 2392 Spes
550 2293 720 2374 mali'lncri
741 2311 859 2374 initium
881 2317 927 2372 est
943 2312 1088 2390 jacturae.

359 2420 410 2481 66.
453 2419 652 2482 Pecuniamm
688 2420 837 2500 cupiditas
869 2418 927 2480 nisi
957 2419 1078 2482 lirrintur
1107 2417 1207 2501 aliqua
1239 2421 1387 2496 satietate,

271 2523 368 2588 multo
391 2531 438 2588 est
457 2525 615 2589 molestior
637 2547 726 2609 quam
748 2546 864 2590 summa
886 2532 1012 2608 egestas.
1047 2527 1180 2606 Majores
1203 2529 1282 2590 enirn
1300 2529 1387 2609 cupi-

272 2633 379 2697 ditates
401 2633 579 2714 indigentias
602 2655 724 2716 quoque
745 2637 876 2715 majores
899 2634 1028 2716 pariunt.

356 2744 406 2804 67.
446 2741 539 2804 Utin
566 2741 719 2805 ulceribus
745 2743 1021 2823 perniciosissimus
1049 2742 1175 2806 morbus
1212 2761 1385 2823 gangraena

271 2855 335 2912 est:
358 2849 400 2911 ita
419 2849 451 2912 in
473 2847 583 2912 divitiis
605 2869 667 2927 eas,
686 2871 763 2933 quae
790 2872 854 2916 non
875 2851 1058 2915 conveniunt
1074 2851 1252 2926 hominibus,
1272 2849 1386 2931 quibos

273 2954 475 3036 contigerunt,
496 2965 527 3021 et
545 2977 671 3041 quarum
697 2959 840 3023 diutuma
860 2966 907 3024 est
930 2958 1095 3040 possessio,
1112 2956 1385 3038 perniciosissimas

265 3062 397 3142 judicari
418 3071 449 3126 et
472 3067 557 3147 qunsi
578 3085 765 3148 gangraenas
788 3067 883 3130 instar
899 3065 1003 3130 haberi
1028 3072 1158 3146 oportet.

355 3171 405 3232 68.
448 3172 593 3236 Homines
619 3175 778 3256 praeparci
805 3174 943 3254 apiculae
970 3181 1083 3236 sortem
1108 3173 1231 3248 lrabent;
1267 3170 1383 3254 quippe

268 3271 391 3340 labores
411 3279 580 3361 suscipiunt
606 3287 747 3364 tamquam
767 3288 917 3363 perpetuo
939 3282 1056 3346 victuri

354 3385 404 3448 69.
445 3386 546 3450 Nimia
564 3389 761 3470 pecuniarum
782 3388 923 3452 collectio
943 3388 981 3450 ad
1000 3388 1166 3450 liberorum
1188 3385 1381 3450 commodum

268 3499 410 3572 spectans
438 3502 613 3572 praetextus
641 3501 687 3558 est
708 3497 865 3572 avaritiae,
885 3515 974 3559 snum
994 3497 1140 3578 ornusque
1161 3494 1314 3576 ingenium
1335 3513 1382 3556 ar-

267 3619 364 3680 guens
390 3619 426 3664 nc
447 3602 600 3684 detegens.

350 3709 400 3772 70.
451 3710 713 3792 Quemadmodum
746 3711 906 3776 saltatores
941 3712 974 3774 in
1003 3717 1176 3774 erectorum
1208 3705 1381 3788 gladiorum

267 3814 372 3877 orbem
393 3834 427 3878 se
448 3819 654 3897 conjicientes,
675 3818 728 3880 ubi
751 3819 782 3880 id
801 3839 893 3884 unum
914 3839 977 3882 non
1000 3815 1155 3880 consecuti
1177 3821 1256 3893 sunt,
1278 3815 1382 3906 ulde-

266 3921 441 3987 laberentur
471 3925 502 3988 in
529 3946 597 3989 enm
625 3926 743 4004 locum,
769 3926 800 3988 in
826 3947 888 4010 quo
915 3927 1010 4006 pedes
1044 3924 1118 4004 poni
1148 3929 1279 4004 oportet
1304 3923 1385 3986 male

266 4029 442 4110 dispereunt
462 4075 531 4088 -
557 4033 679 4096 difficile
707 4053 782 4097 vero
812 4053 905 4097 unum
930 4032 1004 4095 illud
1036 4031 1201 4114 consequi3,
1218 4049 1280 4092 non
1302 4030 1386 4096 errim

264 4135 335 4216 plus
357 4139 446 4218 spatii
468 4141 654 4222 relinquitur,
681 4161 772 4222 quam
797 4147 940 4224 quantum
969 4139 1042 4203 satis
1070 4113 1117 4202 esi
1143 4139 1181 4200 ad
1203 4138 1385 4218 excipienda

261 4244 374 4325 pedum
408 4249 547 4328 vestigio:
590 4249 630 4310 ita
666 4249 754 4312 etiam
793 4267 1031 4330 praeparcorum
1063 4245 1217 4310 hominum
1252 4244 1322 4320 tilii,
1356 4250 1383 4312 si

1327 4353 1377 4418 lit-
