2892 4872
355 283 439 348 labar
450 284 486 340 ll.
523 285 566 340 Da
584 283 737 340 Democriti
755 285 873 356 seriptis.
1108 288 1169 354 145

64 475 175 521 menses
196 457 225 534 6,
248 453 314 518 dies
335 455 366 529 6,
394 439 529 534 scrupuli
554 455 604 516 tu.
653 451 726 514 Non
752 451 843 533 longe
863 472 882 514 a
901 470 977 518 vero
998 455 1093 519 abluit
1115 456 1167 522 illa

65 565 253 646 computatio.
297 563 336 624 Et
362 581 434 625 sane
456 559 651 623 Democritus
677 563 777 622 tantus
801 560 859 622 tuit
876 560 931 640 vir,
957 568 991 624 ut
1020 563 1108 626 etiam
1128 584 1167 628 ex

63 676 126 754 ejus
144 671 301 736 erroribus
322 669 428 751 ingens
454 667 511 734 viri
539 664 713 747 magnitudo
739 674 892 748 appareat.
934 668 1038 753 ltaque
1059 672 1090 733 in
1108 674 1168 737 hoc

64 783 216 863 praeclaro
242 761 373 855 inv'ento,
404 798 464 860 quo
487 783 605 840 veteres
634 775 805 854 superavit,
827 775 953 840 eandem
969 779 1078 857 judicii
1097 781 1167 860 vim,

64 909 147 971 quam
169 889 199 951 in
221 887 290 952 aliis
309 886 410 964 rehtu,
430 883 573 949 admirari
592 883 672 945 licet
717 886 837 965 Quanto
860 884 938 946 enim
959 886 1068 950 melior
1093 887 1168 952 haec

63 1017 147 1080 qnam
168 995 296 1058 Philolai
317 995 462 1076 periodus
488 998 549 1070 est,
580 1011 656 1074 quae
680 1009 779 1074 neque
801 991 876 1056 solis
895 1011 993 1076 neque
1011 995 1101 1058 lunae
1120 1017 1168 1060 ra-

63 1104 190 1168 tionibus
219 1103 428 1185 congruebat?
467 1102 514 1166 ct.
544 1099 691 1180 Scaliger.
717 1098 754 1160 de
781 1089 896 1164 emend.
923 1108 1051 1184 tempor.
1071 1102 1168 1170 lib.11

64 1231 127 1294 pag.
151 1214 209 1276 167
242 1209 405 1291 (Coloniae
433 1207 592 1290 Allobrog.
622 1209 729 1287 1629).
779 1209 826 1270 Ex
852 1209 975 1290 egregio
1001 1212 1169 1276 Democriti

64 1339 153 1401 opere
180 1321 268 1400 cujus
303 1317 532 1399 inscriptionem
559 1316 804 1392 memoravimus,
834 1316 979 1380 Geminus
1010 1324 1041 1381 et
1068 1318 1169 1383 Ptole-

64 1447 162 1492 naeus
179 1427 270 1509 plura
287 1433 455 1504 servarunt,
476 1445 553 1510 quae
571 1425 650 1488 inter
672 1425 839 1506 fragmenta
857 1425 1024 1505 posuimus,

141 1536 198 1614 tu)
212 1528 351 1616 “Anatha
370 1529 552 1616 κλεψύδρας.
594 1533 675 1596 Male
702 1533 840 1596 nonnulli
857 1538 997 1616 tanquam
1018 1536 1080 1598 duo
1100 1533 1170 1598 titu-

65 1642 108 1706 los
127 1643 264 1706 scribunt
277 1634 424 1722 Ἅμιλλα,
447 1640 615 1725 κλεψύδρα.
657 1641 826 1722 Magnenus
844 1641 876 1702 in
898 1642 1073 1705 Democrito
1092 1641 1171 1706 revi-

65 1751 191 1814 tiscente
211 1769 281 1830 pag.
307 1749 345 1812 19
371 1749 602 1830 interpretatur:
633 1747 795 1814 Certamen
821 1749 996 1831 clepsydrae
1012 1753 1075 1814 riae
1095 1772 1170 1814 aaa·

64 1877 128 1920 mera
145 1865 248 1922 monas
266 1856 443 1938 clepsydrae
462 1877 533 1920 οντα
552 1863 639 1920 mota
661 1859 745 1921 coeli.

139 1968 197 2030 Xl.
240 1965 296 2047 dl)
320 1960 570 2048 Οὐρανογραφίη.
619 1965 813 2028 Democritus
842 1963 874 2026 ἐν
901 1969 945 2050 τῷ
971 1965 1040 2050 περί
1063 1965 1169 2050 ἀστρο-

67 2072 164 2156 νομίης
186 2072 367 2136 laudatura
388 2071 558 2136 Scholiasta
586 2072 743 2153 Apollonii
765 2072 804 2136 ad
825 2071 933 2152 lib.1t‚
954 2075 1010 2138 sed
1030 2075 1089 2138 hoc
1110 2076 1172 2138 lor-

67 2187 137 2244 tasse
157 2181 199 2244 ad
216 2180 269 2244 lib.
289 2181 331 2244 39
352 2180 553 2243 referendum.

10 2345 11 2360 ,
141 2290 199 2370 tt)
222 2285 419 2371 Γεώγραφίη.
462 2287 671 2350 Democritum
699 2287 777 2350 inter
804 2289 1026 2372 antiquissimos
1047 2307 1173 2370 geogra-

70 2395 136 2472 phos
156 2397 294 2460 nominat
315 2396 427 2458 Strabo
446 2395 516 2458 libri
534 2394 626 2477 primi
652 2395 823 2476 prooemio.
864 2396 947 2458 ldem
964 2397 1043 2461 libro
1063 2398 1077 2459 Ι
1104 2417 1172 2480 pag.

71 2503 104 2564 bb
118 2505 161 2570 ed.
177 2507 249 2567 Cas.
270 2504 320 2581 ait,
341 2504 571 2566 Eratosthenem
590 2503 688 2566 varias
707 2503 868 2566 doctorum
887 2503 1023 2566 virorum
1039 2504 1172 2569 rationes

72 2618 288 2686 memorantem,
312 2610 421 2694 quibus
444 2617 541 2674 terras
562 2612 750 2676 continentes
772 2609 985 2688 distinnssent,
1011 2632 1103 2694 quum
1121 2613 1172 2674 alii

71 2714 231 2796 fluviorum,
254 2718 305 2780 alii
327 2718 505 2782 isthmorum
525 2739 584 2799 ope
598 2719 628 2781 in
651 2718 819 2782 dividendis
841 2717 976 2800 maximis
995 2717 1053 2781 illis
1074 2726 1172 2783 terrae

72 2825 196 2899 partibus
226 2845 303 2909 quae
327 2826 461 2906 Europa,
489 2825 562 2890 Asia
584 2835 615 2890 et
641 2826 748 2890 Africa
773 2825 972 2903 nominantur,
1008 2833 1171 2906 uterentur,

74 2947 180 2996 omnem
208 2933 381 3024 hujusmodi
408 2934 560 2996 dividendi
586 2943 726 2998 curtatum
751 2933 946 3013 improbasse.
991 2935 1067 2996 Esse
1095 2935 1174 2996 enim

74 3036 138 3102 tales
162 3041 317 3104 dividendi
347 3041 480 3104 rationes
513 3042 543 3103 in
574 3061 678 3105 earum
709 3061 836 3104 numero
871 3060 974 3104 rerum
1007 3043 1173 3121 ponendas,

75 3145 143 3208 unde
164 3149 248 3212 nulla
277 3147 307 3209 in
328 3155 484 3213 actuosam
512 3149 665 3212 hominum
689 3149 780 3212 vitam
807 3149 921 3213 utilitas
941 3149 1097 3226 redundet,
1119 3150 1176 3212 sed

77 3251 171 3328 quibus
194 3256 255 3320 soli
278 3255 460 3338 philosophi,
481 3257 544 3320 otio
565 3256 742 3337 languentes
762 3265 852 3339 atque
876 3257 954 3322 inter
974 3277 1008 3321 se
1030 3257 1176 3322 dtercan-

79 3361 124 3432 ίθε,
145 3363 288 3426 delectari
305 3371 424 3445 queant
468 3363 628 3428 Strabonis
649 3365 742 3427 verba
761 3371 846 3428 sunt:
860 3361 953 3446 Ἑξῆς
974 3363 1009 3427 δὲ
1028 3364 1097 3448 περὶ
1115 3369 1175 3428 τῶν

24 3553 25 3556 ¹
79 3459 195 3550 ἠπείρων
220 3469 315 3532 εἰπὼν
335 3467 493 3551 γεγονέναι
512 3469 608 3534 πολὺν
630 3469 733 3554 λόγον,
759 3471 810 3550 καλ
835 3470 905 3538 τοὺς
928 3471 981 3554 μὲν
1005 3473 1068 3540 τοῖς
1086 3493 1176 3534 ποτα·

24 3573 26 3622 i
81 3573 137 3643 μοῖς
153 3575 277 3660 διαιρεῖν
302 3573 404 3656 αὐτάς,
426 3580 471 3662 τῷ
491 3599 524 3640 τε
545 3575 650 3664 Νείλῳ
671 3581 723 3643 καὶ
744 3573 789 3664 aqi
811 3574 947 3658 Ταναΐόι,
968 3579 1080 3663 νήσους
1103 3579 1176 3642 ἀπσ-

82 3677 236 3761 φαίνοντας,
257 3682 329 3752 τοὺς
349 3683 383 3747 δὲ
405 3688 468 3753 τοῖς
488 3683 616 3768 ἰσθμοῖς,
637 3683 682 3771 τῷ
707 3709 740 3750 τε
764 3683 875 3770 μεταξὺ
897 3689 950 3768 τῆς
969 3683 1109 3755 Κασπίας
1126 3686 1178 3749 καὶ

82 3781 125 3860 τῆς
144 3783 288 3874 Ποντικῆς
314 3790 482 3874 θαλάσσης,
511 3792 562 3855 καὶ
594 3790 640 3879 τῷ
666 3792 776 3877 μεταξὺ
804 3796 858 3875 τῆς
876 3787 1029 3877 Ἐρυθρᾶς
1052 3793 1103 3858 καλ
1122 3796 1177 3856 τοῦ

83 3879 269 3976 ἐκρήγματσς·
300 3897 372 3968 τοὺς
391 3899 425 3962 δὲ
446 3897 654 3984 χερρονήσσυς
676 3899 770 3970 αὐτὰς
789 3899 898 3982 λέγειν,
919 3897 979 3983 οὐχ
997 3898 1072 3984 ὁρᾷν
1094 3922 1179 3984 φησι,

83 3995 138 4063 aab<
157 3999 190 4064 dt
213 4004 256 4074 εἰς
284 4005 448 4090 πράγματα
467 4005 707 4093 καταστρέφοιτο
729 4009 750 4092 ἡ
774 4008 895 4091 ζήτησις
918 4006 1004 4092 αὕτη,
1024 4007 1105 4072 ἀλλὰ
1128 4005 1179 4092 μί-

85 4113 127 4160 νον
158 4103 215 4192 ἔριν
245 4113 429 4178 διαιτώντιον
459 4115 576 4199 μᾶλλον
607 4115 685 4179 κατὰ
712 4113 901 4199 Δημόκριτον
935 4113 1023 4178 εἶναι.
1070 4117 1105 4180 lu
1134 4115 1181 4178 his

85 4213 206 4282 extrem.
233 4203 418 4287 documento
449 4232 534 4302 saint,
564 4224 772 4289 Democritum
805 4223 946 4288 inlibris
974 4221 1183 4307 geographicis

898 4335 937 4395 10
