2984 4876
304 339 389 396 Liber
409 339 460 394 lll.
490 339 638 395 Democriti
659 357 769 413 operum
790 344 950 415 fragmento.
1124 349 1184 413 165

87 505 176 565 καλεῖ·
220 503 417 567 συνίστασθαι
444 501 473 566 δ’
504 502 597 588 αὐτὴν
629 503 663 568 ἐκ
690 508 746 568 τοῦ
778 507 937 591 διορισμοῦ
964 510 1015 573 καὶ
1041 514 1095 595 τῆς
1119 513 1183 576 δια-

86 610 197 692 ιρίσεοις
214 613 276 675 τῶν
297 611 435 694 ἡδονῶν·
459 611 510 673 καὶ
531 609 615 674 τοῦτ’
641 611 773 676 εἶναιτὸ
797 616 956 678 κάλλιστον
985 620 1035 680 καὶ
1065 643 1182 706 συμφο-

85 719 203 798 ρώτατον
217 717 393 803 ἀνθρώποις
413 721 585 802 (stonsscl.
603 722 660 784 etli.
676 721 728 784 lib.
747 723 773 784 ll
796 743 862 802 eap.
874 726 930 785 Vll
947 727 1016 808 περὶ
1040 731 1094 790 τοῦ
1115 728 1182 811 ἠθι-

84 829 128 887 ιοῡ
147 824 247 893 εἴδους
267 829 320 908 τῆς
347 827 533 912 φιλοσοφίας
556 849 623 910 pag.
644 831 683 890 75
694 849 777 912 seqq.
800 831 846 892 ed.
866 833 1009 912 Haeren.)

153 937 180 996 2.
217 930 362 1018 Ἀριστον
383 933 539 1018 ἀνθρώπῳ
564 936 615 997 τδν
645 935 709 1018 βίον
734 936 856 1018 διάγειν,
878 941 920 1006 ῶς
941 941 1068 1001 πλεῖστα
1092 939 1179 1004 εδθυ-

84 1039 192 1122 illem
213 1042 266 1105 καὶ
291 1041 439 1125 ἐλάχιστα
459 1041 627 1124 ἀνιηθέντι·
647 1045 738 1104 τοῦτο
763 1042 791 1105 δ’
815 1043 852 1106 ἀν
874 1043 931 1127 εἴη,
953 1045 1044 1114 εἴτις
1066 1048 1107 1132 μὴ
1130 1046 1179 1111 ἐπὶ

83 1152 147 1208 τοῖσι
166 1147 305 1232 θνητοῖσι
325 1147 379 1216 τάς
398 1147 512 1230 ἡδονὰς
533 1149 679 1212 ποιέοιτο.
723 1153 810 1214 Stob.
828 1152 913 1214 Flor.
937 1154 976 1228 V,
993 1158 1042 1217 nl.

152 1258 179 1320 δ.
215 1253 353 1338 Ἡδονὴν
374 1253 410 1317 οὐ
440 1259 549 1334 πᾶσαν,
581 1257 661 1319 ἀλλὰ
689 1258 742 1340 τὴν
776 1258 824 1320 ἐπὶ
846 1263 891 1343 τῷ
913 1262 1000 1345 καλῶ
1019 1262 1177 1344 αἱρέεσθαι

84 1364 179 1448 μου.
227 1365 316 1428 stol.
339 1364 422 1426 nior.
442 1364 481 1435 ν,
503 1367 553 1427 ιι.
1166 1342 1180 1360 “

149 1475 176 1536 l.
220 1470 347 1538 Δίκαιος
374 1467 453 1554 ἔρως
472 1471 660 1556 ἀνυβρίστως
683 1471 825 1556 ἐφίεσθαι
847 1476 907 1536 τῶν
936 1476 1048 1537 καλῶν.
1092 1479 1178 1543 sloh.

83 1575 151 1641 Flor.
171 1581 208 1656 V,
230 1581 281 1644 78.
324 1581 495 1642 Democrat.
525 1580 619 1642 Orell.
643 1601 671 1642 ιι.
693 1581 743 1644 38.

150 1689 176 1749 5.
220 1683 303 1751 Οὔτε
330 1687 452 1769 σώμασι
483 1683 554 1748 οὔτε
580 1687 719 1770 χρήμασι
747 1687 983 1770 εδδαιμονέουσι
1010 1689 1177 1774 ἅνθρωποι,

83 1788 140 1854 a'll’
166 1792 323 1879 δρθοσδνη
343 1792 395 1856 καὶ
416 1793 648 1878 πολυφροσύνῃ.
687 1797 859 1858 Democrat.
881 1798 975 1860 Orell.
997 1819 1025 1860 n.
1049 1803 1077 1862 6.

149 1903 176 1964 6.
213 1899 254 1967 Ὃ
280 1899 318 1963 τὰ
341 1904 442 1986 ψυχῆς
462 1900 565 1984 ἀγαθὰ
592 1899 756 1984 ἐφεόμενος
784 1902 821 1966 τὰ
842 1901 984 1988 θειότερα
1006 1905 1133 1989 ἐρέεται,
1160 1909 1176 1970 δ

82 2003 109 2066 δὲ
128 2007 161 2070 τὰ
182 2011 320 2094 σκήνεος,
343 2009 552 2094 τάνθροιπήϊα.
596 2013 768 2074 Democrat
792 2010 887 2074 Orell.
907 2032 934 2074 ιι.
959 2013 988 2074 3.

146 2120 172 2179 7.
206 2115 307 2184 Οὗτος
328 2116 384 2201 γὰρ
405 2115 496 2184 αιίτδς
514 2115 687 2200 εὐδοκιμῶν
700 2117 773 2201 παρ’
788 2117 898 2202 ἑαυτῷ,
913 2118 954 2201 μὴ
967 2125 1179 2203 καταφρονῶν,

82 2217 146 2284 ἀλλὰ
165 2225 283 2311 χαίρων
305 2223 356 2288 καὶ
373 2223 508 2306 ἀγαπῶν,
526 2227 569 2293 ῶς
587 2224 688 2292 ἱκανδς
705 2225 748 2288 ῶν
768 2227 882 2309 μάρτυς
901 2225 967 2309 ἅμα
989 2229 1049 2288 τῶν
1071 2229 1175 2290 καλῶν

83 2327 121 2388 καὶ
145 2331 273 2418 θεατής,
311 2333 444 2396 δείκνυσι
478 2334 529 2394 τδν
561 2331 651 2414 λόγον
680 2331 764 2400 ἐντδς
791 2332 852 2416 ἤδη
890 2333 1096 2418 στρεφόμενον
1128 2336 1177 2397 καὶ

82 2431 240 2522 ῥιζούμενον
273 2439 306 2504 ἐν
338 2440 449 2524 ἑαυτῷ,
478 2439 538 2518 καὶ,
565 2439 643 2502 κατὰ
673 2438 874 2524 Δημόκριτον,
895 2438 986 2504 αδτδν
1010 2439 1041 2511 et
1065 2440 1176 2504 ἑαυτοῦ

83 2655 251 2730 sejunctione
276 2679 313 2721 ao
335 2659 544 2742 distinetione}
564 2679 654 2740 quam
683 2679 747 2722 rem
773 2659 864 2738 longe
893 2658 1177 2739 praestantissimam

82 2767 105 2819 et
121 2763 287 2830 hominibus
306 2766 493 2828 utilissimam
524 2787 591 2830 esse
610 2775 722 2830 censet

151 2875 178 2937 2.
219 2874 378 2957 Optimum
402 2875 515 2937 homini
539 2875 631 2937 vitam
657 2893 762 2954 agere,
792 2874 891 2936 animo
926 2895 1017 2958 quam
1050 2873 1177 2934 maxime

83 2970 147 3040 laeto
171 2988 200 3043 et
225 3003 318 3068 quam
346 2982 466 3044 minime
491 2981 584 3059 tristi,
614 2985 696 3065 quod
718 2981 783 3044 lieri
805 2983 926 3062 poterit,
952 2983 977 3046 si
1006 2981 1177 3061 voluptates

84 3097 133 3144 non
151 3085 179 3149 iii
199 3091 344 3170 perituris
363 3090 454 3152 rebus
476 3089 624 3153 locentur.

152 3195 178 3257 θ.
221 3198 418 3277 Voluptatem
445 3218 507 3259 non
529 3198 706 3281 quamlibet,
731 3197 787 3259 sed
809 3197 960 3282 honestati
984 3201 1176 3279 conjunctam

86 3293 143 3375 eligi
163 3303 256 3368 decet

151 3411 177 3470 l.
218 3415 338 3474 lustum
368 3413 563 3493 (optimarum
587 3415 703 3492 rernm)
731 3413 864 3474 studium
894 3414 966 3491 (est)
991 3413 1177 3475 honestatem

86 3506 137 3572 Sine
154 3521 329 3602 cujusquam
350 3521 458 3600 injuria
476 3529 628 3601 appetere.
777 3497 783 3506 ”

155 3625 181 3688 5.
223 3628 332 3710 Neque
362 3627 393 3690 in
421 3647 553 3708 corpore
581 3647 680 3710 neque
710 3629 739 3689 in
768 3627 878 3709 opibus
900 3628 999 3707 posita
1020 3633 1066 3688 est
1083 3626 1192 3688 homi.

87 3741 145 3792 num
163 3735 302 3799 felicitas:
329 3736 440 3799 sedin
463 3736 564 3797 animo
593 3743 678 3799 recto
703 3735 913 3818 variarumque
943 3753 1043 3796 rernm
1071 3731 1179 3813 peritia

88 3839 200 3906 excolo.

156 3951 183 4010 6.
224 3951 285 4035 Qui
314 3951 404 4014 animi
427 3953 507 4014 bona
529 3957 622 4030 aanat,
642 3950 791 4013 diviniora
813 3952 903 4032 petit,
924 3950 975 4032 qui
994 3953 1091 4010 autem
1112 3966 1179 4010 σοι·-

90 4053 170 4132 loris,
190 4057 317 4120 humana
336 4065 540 4124 consectatur.

159 4163 186 4225 7.
227 4165 284 4228 llio
302 4165 382 4228 enim
406 4166 473 4245 ipse
492 4167 549 4228 sibi
570 4167 704 4246 placenta,
727 4185 825 4248 neque
847 4185 880 4228 se
900 4170 1103 4240 contemnem,
1126 4165 1180 4224 sod

88 4265 206 4336 audens
227 4291 259 4336 se
278 4274 346 4356 ipso
367 4280 456 4357 atque
477 4281 635 4338 contentus
650 4281 683 4337 nt
697 4276 769 4336 satis
788 4275 900 4338 idoneo
918 4278 993 4336 teste
1014 4293 1049 4336 ac
1064 4279 1181 4354 speeta-
