2932 4862
358 321 443 376 Liber
462 319 511 376 IV.
547 319 589 375 De
610 319 761 390 Democriti
782 322 898 393 ρίεοίείε,
1121 329 1185 396 387

66 509 106 554 ex
127 489 236 554 atomis
264 489 466 570 compositum
493 507 555 551 non
583 507 654 552 vere
681 507 774 551 unum
802 498 864 566 cst,
879 506 984 574 quum
1011 501 1091 560 tactu
1113 479 1181 562 s'olo

66 599 148 662 inter
173 617 207 660 se
236 597 418 661 cohaereant
444 596 611 674 individua,
640 615 740 680 neque
769 600 886 662 eveniat
907 621 1054 684 unquam,
1082 614 1116 668 ut
1142 627 1180 670 ex

64 705 189 770 duobus
210 725 303 769 unum
329 711 470 770 nascatur
493 711 546 766 aut
572 723 610 766 ex
631 723 694 766 uno
720 705 782 768 duo
809 709 952 772 oriantur.
995 713 1116 794 Corpus
1139 715 1179 778 ita

63 813 306 896 proseminatum
335 809 499 882 ἐπάλλαξιν
523 802 643 874 vocavit
668 805 861 879 Democritus
876 813 936 895 ⁴²).
986 817 1033 880 De
1058 820 1177 904 reliquo

63 941 202 1004 corpora
221 921 296 983 nihil
316 920 473 1002 patiuntur
491 919 549 982 uisi
569 920 651 1002 quod
671 928 705 984 ut
726 922 883 1000 interjecto
908 923 989 986 mani
1008 925 1178 991 dissoluun-

62 1039 127 1108 tur,
158 1031 199 1092 ita
221 1028 302 1092 inani
324 1027 392 1091 aliis
419 1026 527 1090 atomis
553 1025 672 1108 repleto
695 1029 806 1110 angeri.
826 1030 925 1093 solent
943 1029 1003 1112 ⁴³).

130 1135 1177 1222 λειανοιοειίιιιαιιάιιεποοιεείίίειειεάιιιιενοιίῐγίιιεεοοεριιεοοίοειιιεε
1262 1151 1268 1162 ”

61 1245 219 1308 variorum
233 1242 426 1305 universitate
436 1242 530 1306 multa
543 1244 697 1325 segregari
707 1243 813 1308 tradit⁴
824 1243 863 1325 ⁰),
878 1265 955 1328 quae
967 1267 1025 1328 per
1037 1269 1176 1330 maguum

61 1371 194 1415 vacuum
221 1353 355 1414 serantur
382 1359 470 1432 atque
500 1351 639 1414 omnibus
672 1353 771 1415 modis
809 1353 1029 1418 circumvoluta
1056 1376 1177 1439 semper

62 1462 113 1524 sni
136 1459 244 1523 similia
265 1464 369 1540 petant
389 1466 423 1522 nt
444 1479 512 1522 cum
541 1459 578 1522 iis
602 1461 816 1523 consocientur
843 1461 1007 1545 eiectisqne
1027 1464 1176 1528 dissimili-

59 1570 121 1632 bus
143 1574 174 1630 et
202 1567 332 1630 extrusis
357 1566 523 1630 levioribus
550 1567 671 1628 tandem
698 1567 886 1647 ponderibus
916 1569 979 1633 suis
1006 1571 1113 1634 librata
1132 1572 1175 1634 di-

58 1695 168 1738 versas
186 1676 289 1739 mundi
316 1683 418 1756 partes
445 1675 584 1738 efficiant
629 1675 692 1736 itae
716 1681 817 1755 partes
839 1677 1063 1740 circumdantur
1083 1699 1174 1742 mern-

59 1785 157 1846 brana
192 1784 322 1866 quadam
354 1801 371 1845 e
400 1783 565 1846 levioribus
600 1783 724 1859 atomis,
761 1801 838 1866 quae
870 1786 973 1865 priore
1010 1786 1173 1868 agitatione

59 1894 176 1973 ejectae
199 1893 326 1967 inerant,
348 1888 588 1972 composita⁴⁵).
641 1890 788 1954 Tunicam
810 1898 840 1954 et
860 1873 1062 1957 membranam
1083 1904 1173 1960 vocat

60 2050 264 2064 μ-

132 2139 172 2202 aa)
195 2137 311 2201 simplic.
336 2136 370 2187 ad
395 2135 473 2186 Arist.
501 2135 577 2199 Phys.
604 2136 646 2186 ίοί.
670 2133 727 2186 105.
744 2135 782 2186 b.:
812 2133 863 2208 ἀρῇ
892 2136 1076 2209 ουνεχιζόμενα
1108 2139 1166 2192 ἀλλ’

58 2215 122 2291 οδχλ
147 2220 177 2290 τῇ
202 2216 302 2269 ένείεσει.
340 2219 418 2269 Arist.
443 2215 556 2280 Mctnph.
581 2231 605 2280 p.
628 2215 679 2270 157
699 2218 739 2268 cd.
758 2217 866 2267 Brund:
893 2215 1020 2269 ἀδύνατον
1039 2217 1087 2290 γὰρ
1105 2219 1171 2272 είναί

58 2316 138 2372 φησιν
155 2296 179 2361 (δ
197 2293 369 2367 Δημόκριτος)
387 2295 418 2347 in
446 2293 492 2346 δδο
512 2295 538 2347 ἓν
558 2293 575 2366 ἡ
600 2294 626 2356 έξ
645 2295 701 2354 ἐνὸς
720 2293 767 2346 tuo
783 2291 909 2365 γενέσθαι.
946 2299 983 2348 Ci.
1004 2301 1119 2364 simplic.
1136 2303 1170 2352 ed

58 2383 141 2434 Arist.
162 2381 196 2432 da
215 2379 281 2430 coel.
303 2379 345 2429 ίοΙ.
362 2375 420 2430 157.
460 2378 533 2428 idom
561 2377 596 2428 nd
615 2378 723 2428 Aristot.
744 2375 778 2427 de
797 2378 863 2428 coel.
882 2379 923 2428 ίοί.
946 2376 1001 2428 150.
1015 2393 1050 2429 a:
1074 2377 1169 2437 ταότας

57 2461 115 2524 (τὰς
133 2457 253 2527 ἀτόμους)
280 2456 308 2510 δέ
334 2453 415 2525 μόνας
440 2455 528 2524 ίλεγον
548 2459 677 2528 συνεχεῖς·
698 2454 730 2507 τά
754 2453 802 2526 γὰρ
822 2452 890 2507 ἄλλα
906 2455 939 2506 τὰ
958 2453 1086 2508 δοκοῦντα
1103 2457 1168 2508 εἶναι

56 2543 154 2613 συνεχῆ
175 2538 227 2612 ἀρῇ
248 2537 418 2610 προςαγγίζειν
437 2534 576 2608 ἀλλήλοις·
600 2535 640 2588 διὸ
665 2537 710 2586 καὶ
728 2536 774 2607 &aa
794 2535 877 2607 τομὴν
902 2534 1022 2610 ἀνῄρουν.
1045 2534 1168 2590 ἀπόλυσιν

54 2628 111 2676 τῶν
131 2619 283 2688 ἁπτομένων
303 2617 420 2689 λέγοντες
437 2618 483 2689 τὴν
502 2616 632 2670 δοκοῦσαν
652 2615 748 2687 τομήν·
767 2615 812 2668 καὶ
830 2612 872 2667 διδ
892 2621 969 2668 τοῦτο
990 2611 1047 2668 οὔτ’
1066 2615 1093 2677 ἐξ
1111 2615 1169 2677 tate

55 2700 144 2756 πολλὰ
161 2696 273 2770 γίνεσθαι
292 2697 388 2768 ίλεγον,
404 2695 444 2761 (οδ
464 2697 512 2768 γάρ
530 2691 682 2769 διαιρεῖσθαι
700 2697 747 2768 τὴν
765 2694 871 2764 ἄτομον)
889 2691 945 2747 οὔτ’
969 2695 999 2747 έκ
1017 2694 1122 2748 πολλῶν
1140 2696 1167 2750 έν

55 2782 118 2836 κατ’
140 2777 263 2853 ἀλήθειαν
288 2777 402 2850 συνεχές,
427 2776 494 2830 ἀλλὰ
513 2781 543 2852 τῇ
565 2775 700 2848 συμπλοκῇ
726 2781 778 2828 τῶν
797 2774 902 2844 ἀτόμων
923 2775 1031 2828 έκαστον
1050 2776 1077 2828 ἓν
1094 2775 1169 2831 δοκεῖ

55 2859 185 2934 γίνεσθαι·
210 2859 257 2931 τὴν
283 2858 311 2911 di
335 2857 488 2932 συμπλοκὴν
504 2855 657 2928 Ἀβδηρῖται
677 2855 815 2918 ἐπάλλαξιν
834 2855 953 2921 έκάλουν,
976 2855 1062 2928 ὥσπερ
1081 2855 1095 2908 δ
1116 2854 1166 2928 Δγ·

55 2942 189 3014 μόκριτος.
226 2945 333 2993 aristot.
356 2937 578 3003 decoe1.111,d:
607 2936 674 2989 ἀλλὰ
702 2935 856 3008 τῇεοδτιυν
877 2935 1013 3010 συμπλοκῇ
1035 2940 1081 2989 καὶ
1099 2955 1166 3010 περι-

53 3022 144 3084 πλέξει
160 3022 245 3074 πάντα
265 3017 409 3090 γεννᾶσθαι,
436 3021 481 3072 nbi
506 3025 560 3072 tres
587 3019 665 3072 codd.
685 3016 823 3078 ἐπαλλάξει
845 3018 983 3084 praebent.
1018 3019 1167 3082 opponitur

54 3102 187 3174 antemi,
214 3099 403 3172 έπάλλαξιςτγ”Ι
432 3097 572 3159 διαλλάξει.
612 3100 727 3164 Simalio.
758 3101 792 3151 ad
811 3101 889 3152 Arist
916 3100 992 3164 phys.
1014 3099 1055 3150 ίοί.
1075 3099 1161 3152 bib:

53 3185 87 3239 οδ
105 3183 153 3254 γάρ
170 3183 223 3236 tom
239 3182 343 3252 γένεσίς,
354 3199 441 3252 φησιν,
454 3178 520 3232 ἀλλά
534 3177 613 3249 μόνον
629 3176 696 3247 μίξις
708 3195 736 3232 τε
753 3180 797 3231 καὶ
813 3176 943 3242 διάλλαξις
961 3181 1014 3231 τῶν
1031 3178 1166 3249 μιγέντων.

127 3277 168 3340 ⁴¹)
186 3277 291 3327 λείοίοί.
313 3277 347 3326 de
366 3289 425 3340 geu.
446 3277 473 3324 et
491 3275 536 3322 int.
554 3273 573 3336 1,
592 3269 617 3324 8.

125 3367 165 3429 ⁴⁸)
186 3368 244 3417 vid.
265 3367 357 3431 fragm
380 3367 456 3430 phys.
474 3360 498 3415 6.

125 3459 166 3520 ⁴⁵)
187 3459 319 3522 Diogenen
342 3459 462 3508 Laertius
487 3455 530 3506 tib.
551 3455 591 3518 ίλ,
609 3452 642 3506 31
657 3469 730 3520 seqq.
757 3455 791 3506 de
808 3455 946 3521 bencippo
967 3457 1079 3522 loquens
1098 3457 1165 3510 hacc

53 3540 89 3590 de
111 3540 204 3591 mundi
232 3543 293 3590 ortu
322 3539 412 3589 tradit:
440 3529 562 3607 φίρεοδαι
586 3532 646 3586 κατ’
675 3533 808 3605 ἀποτομὴν
828 3528 860 3584 d'a
884 3537 930 3584 τοῦ
952 3533 1057 3606 ἀπείρου
1080 3535 1165 3588 πολλὰ

52 3620 174 3688 σώματα,
196 3621 305 3670 παντοῖα
327 3621 382 3674 τοῖς
406 3616 534 3689 σχήμασιν
556 3613 590 3673 είς
609 3615 674 3683 μέγα
688 3612 780 3667 κενόν·
809 3610 871 3682 ἅπερ
898 3609 1067 3684 ἀθροισθέντα
1092 3612 1164 3684 δίνην

51 3695 241 3769 ἀπεργάζεσθαι
254 3697 324 3766 μίαν.
340 3695 402 3749 καθ’
419 3697 451 3768 ἢν
472 3692 665 3768 προςεροδοντα
681 3695 726 3748 καλ
742 3691 914 3750 παντοδαπῶς
928 3690 1094 3762 κυκλοδμενα
1112 3692 1163 3748 δια-

51 3775 185 3850 κρίνεσθαι
203 3779 284 3851 χωρὶς
305 3777 336 3830 τὰ
356 3775 433 3847 όροια
453 3775 515 3848 πρὸς
534 3773 565 3826 τὰ
585 3771 671 3843 ὅμοια.
708 3771 866 3846 ’inciduntur
889 3771 917 3823 δέ
942 3771 984 3824 διὰ
1009 3773 1039 3824 τό
1064 3769 1164 3844 πλῆθος

51 3860 146 3929 μηκέτι
167 3858 319 3928 δυναμένων
343 3855 534 3930 περιφέρεσθαι,
561 3855 594 3906 cd
619 3857 665 3924 μέν
685 3853 765 3906 λεπτά
784 3857 880 3926 χωρεῖν
908 3852 942 3910 είς
959 3850 989 3903 τὸ
1011 3850 1062 3912 [ξω
1081 3851 1163 3918 κενόν,

51 3939 140 4010 ὥσπερ
162 3938 322 4010 διρττόμενα,
349 3939 380 3990 τὰ
399 3937 426 3990 δέ
451 3935 529 3990 taret
549 3935 686 4004 συμμένειν
706 3934 750 3986 καλ
771 3931 976 4006 περιπλεκόμενα
996 3934 1163 4005 συγκατατρέ-

50 4037 106 4092 χειν
126 4017 238 4088 ἄλληλα,
258 4021 303 4072 καὶ
325 4026 405 4072 ποιεῖν
433 4017 462 4070 τό
486 4021 589 4088 πρῶτον
611 4015 729 4084 οδστημα
749 4013 917 4086 σφαιροειδές.
953 4010 1037 4066 Τοῦτο
1058 4012 1086 4066 δέ
1108 4013 1162 4066 οἷον

50 4101 134 4170 δμένα
153 4097 317 4171 ἀφίστασθαι,
341 4099 493 4172 περιέχοντα
520 4098 546 4150 έν
574 4095 657 4166 δαυτῷ
686 4100 795 4146 παντοῖα
816 4093 939 4162 σώματα·
968 4093 1005 4146 ὧν
1032 4093 1099 4146 κατὰ
1115 4094 1163 4166 aba

50 4185 96 4234 τοῦ
123 4180 204 4248 μέσον
231 4179 369 4250 ἀντέρεισιν
399 4177 631 4251 περιδινουμένων,
656 4173 749 4228 λεπτόν
775 4171 889 4244 γίνεσθαι
914 4171 958 4226 τὸν
982 4173 1054 4246 πέριξ
1073 4173 1164 4245 ὑμένα,

51 4259 212 4332 συρρεόντων
233 4261 273 4314 ἀεί
292 4264 344 4313 τῶν
363 4263 479 4331 συνεχῶν
498 4256 559 4310 κατ’
583 4257 718 4327 ἐπίψαυσιν
736 4258 782 4326 τῆς
801 4253 871 4324 δίνιγς
891 4273 918 4308 κ.
934 4273 957 4308 τ.
973 4254 997 4308 λ.

882 4347 965 4408 *25*
