2938 4864
339 323 424 386 biber
441 323 491 382 lll.
528 323 598 384 atu.
615 323 651 380 ad
668 323 747 381 Dem.
766 339 809 396 op.
826 323 921 395 fragm.
1126 321 1190 388 333

74 494 154 562 tiara
185 493 201 556 ὁ
229 493 283 576 τῆς
313 493 415 577 ψυχῆς
445 489 603 575 χαρακτὴρ
631 488 784 575 βλέπεται.
828 491 939 556 Antan.
966 497 997 558 et
1016 490 1136 556 Maxim.
1160 513 1189 574 p.

73 605 155 669 03οι
178 623 228 682 ap.
247 599 344 665 Orell.
363 620 393 664 n.
414 603 483 663 175.
527 601 559 662 ln
582 600 671 662 codd.
691 606 780 682 atque
803 600 833 662 in
852 601 985 664 editione
1007 602 1042 664 C.
1061 601 1190 662 Gesneri

75 710 146 772 huic
169 709 414 790 apophthegmeti
434 708 608 788 appositum
636 713 682 770 est
702 707 813 770 lemma
836 709 1044 771 Demosthenis
1063 710 1113 770 vel
1131 711 1190 770 De

73 818 208 878 mocriti.
249 816 282 877 ln
304 817 360 878 lrao
381 815 574 896 ambiguitate
597 814 764 893 matusael,
786 817 863 878 hanc
882 817 1058 880 sententiam
1080 818 1192 878 Demo-

74 925 189 988 criticis
214 942 276 985 non
296 923 440 1002 inserere,
458 923 556 986 donec
579 923 691 1014 certius
704 925 805 1006 quide
818 924 999 988 membranis
1012 925 1190 1005 proteratur.

162 1033 213 1095 37.
257 1027 364 1114 Μηδὲν
391 1035 445 1113 τῆς
476 1029 625 1114 ἀληθείας
654 1033 831 1115 τιμιώτερον
868 1028 947 1095 ἔσται
985 1031 1064 1114 μηδὲ
1091 1031 1192 1116 φιλίας

78 1141 190 1222 ἐκλογὴ
214 1137 299 1206 sert<
324 1138 433 1200 παοιῖιν
458 1136 646 1222 διακειμένη,
678 1138 724 1207 οἷς
749 1139 783 1202 rb
814 1138 929 1202 διίισιον
957 1137 1119 1225 συγχέασαν
1141 1139 1192 1202 καὶ

80 1247 260 1318 carettum.
303 1245 415 1310 Aulon.
436 1268 465 1327 p.
489 1249 569 1321 eam
594 1268 641 1328 ap.
663 1247 756 1312 Orell.
777 1269 806 1311 n.
830 1252 900 1312 177.

164 1357 214 1420 38.
254 1351 427 1417 Ἀθάνατοι
456 1354 604 1440 pipat,
634 1354 767 1437 ἀλήοεια
791 1356 843 1420 καὶ
874 1355 982 1430 ἀΐδιον,
1004 1353 1136 1439 παρέχει
1158 1353 1193 1415 δὲ

78 1463 152 1546 ἡμῖν
178 1463 214 1526 οὐ
242 1463 355 1530 κάλλος
379 1459 483 1546 χρόνῳ
508 1460 742 1545 μαραινόμενον,
767 1461 838 1526 οὔτε
867 1461 1038 1547 reliquiar
1068 1462 1197 1546 ἀφαιρεῖ

80 1573 133 1654 τὴν
158 1572 216 1634 ὑπὸ
238 1570 337 1652 δίκης·
362 1569 443 1633 ἀλλὰ
464 1569 501 1632 τὰ
526 1569 755 1634 ditaremini
778 1571 902 1654 νόμιμα,
924 1555 1119 1654 διακρίνουσα
1139 1565 1193 1630 ἀπ’

82 1679 184 1741 αὐτῶν
209 1677 246 1741 τὰ
278 1677 370 1741 ἄδικα
399 1677 451 1740 καὶ
475 1675 702 1763 ἀπελέγχουσα.
745 1679 856 1744 Aulon.
881 1699 910 1760 p.
932 1679 1010 1752 eam
1030 1697 1078 1757 ap.
1101 1677 1194 1738 Orell.

82 1807 110 1850 ιι.
140 1789 208 1850 178.
259 1787 385 1868 Utrique
417 1787 581 1848 sententiae
613 1787 751 1864 adjicitur
786 1789 817 1850 in
852 1786 1033 1850 membranis
1066 1786 1196 1866 Epicteti
1229 1761 1240 1774 ’

82 1915 202 1958 nomeu.
253 1900 449 1976 Quapropter
479 1914 541 1956 uon
569 1894 678 1974 injuria
709 1896 746 1956 iis
772 1897 849 1958 inter
878 1895 1007 1976 Epicteti
1032 1895 1198 1974 fragmenta

84 2005 129 2082 (u.
157 2003 216 2064 139
239 2011 269 2064 et
293 2003 368 2083 110)
390 2002 492 2064 locum
515 2002 667 2064 concessit
688 2004 1001 2086 Sclrweigbaeuserus.
1040 2003 1103 2066 Sed
1123 2023 1199 2085 quo-

84 2111 164 2172 niam
188 2111 385 2190 iragureutum
407 2111 545 2190 proxime
570 2111 751 2173 antecedens
780 2132 827 2192 ap.
848 2111 1012 2173 Antonium
1032 2111 1199 2174 Democriti

84 2218 207 2280 ιιοιιιίιιε
231 2217 404 2298 insignitum
422 2224 476 2294 est,
500 2218 711 2298 suspicabatur
733 2219 812 2282 idem
831 2221 877 2280 vir
898 2219 1007 2280 doctus
1028 2219 1104 2280 duas
1124 2219 1200 2296 illas,

86 2327 125 2386 «le
146 2325 256 2407 quibus
275 2325 435 2408 loquimur,
455 2327 618 2388 sententias
639 2326 747 2406 petitas
767 2347 834 2390 esse
853 2325 1060 2402 eDemocriti,
1073 2327 1202 2406 Epicteti

87 2445 127 2496 et
140 2435 214 2496 isaei
237 2435 332 2514 (corr.
354 2434 508 2514 isocratis)
531 2436 686 2497 sententiis
707 2437 829 2518 antiqua
849 2441 946 2497 aetate
968 2432 998 2494 iu
1019 2453 1113 2496 unum
1134 2453 1202 2496 cor-

89 2562 147 2624 pus
169 2541 307 2604 redactis.
353 2543 449 2603 l‘orro
471 2561 509 2602 ex
523 2543 618 2604 verbo
639 2543 799 2626 ευγχέεται
820 2541 1026 2604 Democritum
1046 2551 1202 2604 auctorem

89 2671 157 2711 esse
179 2649 365 2728 conjiciebat.
410 2651 507 2728 liujus
532 2651 737 2729 conjecturam
757 2649 915 2731 amplexus
934 2649 1068 2710 Orellius
1089 2655 1201 2712 utrum-

90 2777 149 2840 que
176 2759 311 2838 fragmen
339 2757 415 2818 iuter
442 2759 635 2820 Democritea
667 2759 798 2836 rettulit,
830 2757 912 2839 quod
936 2771 998 2818 non
1030 2757 1202 2835 probamus.

92 2865 210 2928 litouim
233 2863 404 2948 συγχέεται,
426 2867 508 2949 quod
538 2867 843 2946 Sclrweiglraeuserus
869 2863 1068 2928 certissimum
1087 2865 1205 2928 ionicae

91 2974 212 3034 dialecti
231 2974 389 3054 vestigium
411 2974 522 3050 imbuit,
544 2975 739 3036 Burclrardus
759 2982 859 3038 autem
877 2974 1043 3054 scripturae
1065 2975 1206 3036 mendum

92 3101 159 3144 esse
178 3089 260 3143 ratus
279 3089 335 3156 est,
359 3081 489 3144 tortasse
511 3081 599 3144 etiam
621 3082 702 3162 apud
730 3082 849 3146 Atticos
871 3083 901 3144 iu
924 3101 982 3144 usu
1004 3079 1069 3142 luit.
1115 3081 1206 3142 Certe
1235 3067 1239 3076 ’

92 3191 333 3270 Xenophontem
349 3167 431 3252 recte
463 3190 564 3252 statuit
586 3192 785 3252 Butturanuus
807 3211 929 3272 gramm.
953 3189 1043 3270 ampl.
1065 3190 1150 3251 Torn.
1172 3188 1207 3264 ll,

92 3295 121 3380 §.
148 3299 214 3374 ll-l,
236 3318 265 3377 p.
294 3299 350 3360 107
365 3317 448 3379 seqq.
472 3318 592 3377 seurper
619 3298 730 3361 dixisse
753 3297 864 3377 δέεται,
895 3317 973 3379 quoe
998 3298 1093 3360 lorum
1115 3296 1209 3376 pluri-

93 3405 152 3466 bus
175 3405 252 3467 locis
267 3413 387 3468 servata
410 3425 471 3468 nou
493 3405 632 3480 librariis,
658 3407 710 3470 sed
734 3408 791 3487 ipsi
815 3407 958 3488 scriptori
983 3407 1118 3468 debetur.
1147 3405 1209 3466 Ne-

95 3533 154 3593 que
177 3513 263 3576 valde
286 3515 390 3594 dispar
414 3522 460 3576 est
486 3515 563 3576 ratio
587 3515 672 3578 verbi
697 3513 792 3598 χέειν,
823 3517 860 3578 de
883 3535 945 3598 quo
967 3514 1109 3576 disseruit
1130 3513 1210 3574 idem

95 3621 308 3700 grammaticus
331 3624 418 3684 Tem.
442 3623 464 3698 l,
486 3619 514 3705 ξ.
539 3624 608 3699 105,
630 3622 732 3686 adnot.
746 3626 775 3685 0.
819 3626 921 3706 ltaque
942 3624 973 3684 in
992 3623 1038 3685 his
1061 3623 1211 3702 lrngmeu·

96 3727 134 3789 tis
154 3727 272 3791 nullum
294 3735 340 3792 est
372 3729 525 3806 iudicium,
554 3751 591 3792 ex
612 3751 673 3814 quo
695 3732 903 3796 Democritum
926 3751 1032 3794 eorum
1054 3736 1211 3792 auctorem

95 3855 163 3898 esse
185 3836 287 3917 colligi
317 3845 465 3916 oporteat.
509 3839 669 3902 Caeterum
702 3841 839 3904 neutrius
869 3839 1026 3920 fragmenti
1048 3843 1145 3898 textus
1168 3835 1211 3896 in-

96 3949 182 4024 teger
205 3948 259 4022 est,
282 3947 369 4023 cujus
392 3948 568 4010 emendandi
598 3969 701 4010 curam
723 3969 828 4029 gerere
849 3969 929 4012 nunc
949 3967 1011 4010 non
1033 3950 1128 4008 vacat.

182 4053 232 4115 30.
277 4047 320 4115 Tb
345 4055 514 4136 προςπεσδν
537 4054 662 4138 τερπνόν
683 4077 731 4136 ap.
756 4057 850 4120 Orell.
872 4077 900 4119 u.
930 4059 997 4120 181.

181 4161 231 4222 id.
268 4155 366 4229 ’Ὀλος
391 4159 554 4246 ἅνθρωπος
589 4161 622 4224 ἐι
650 4167 773 4246 γενετῆς
803 4163 913 4233 νοῦσός
941 4163 1004 4226 ἐστι
1034 4185 1080 4244 ap.
1114 4159 1211 4222 Orell.

94 4285 124 4330 n.
148 4269 216 4332 182.
261 4272 426 4356 Utrumque
450 4271 671 4354 apoplrtlregma
694 4292 732 4338 ex
752 4271 1059 4356 Pseudolrippocratis
1085 4267 1212 4354 epistola
