2892 4872
304 329 367 394 llil
552 333 554 338 ’
633 328 829 394 Quaestionum
847 327 1078 386 Democriteum

303 495 470 578 discipulos
490 504 521 560 et
539 495 717 579 posterioris
735 495 842 559 aetatis
860 503 1026 560 sectatores
1047 496 1218 561 ineundam
1237 499 1395 561 sententiam

303 605 401 668 traxit
438 603 486 666 Ac
507 606 658 686 prolecto,
680 603 707 666 si
728 625 746 666 a
764 605 907 668 Lucretio
921 602 974 686 u)
996 610 1026 668 et
1045 603 1285 686 Philodemo'⁶)
1300 607 1396 668 disces

303 707 458 790 coristi),
489 713 568 776 haud
598 711 687 774 t'acilc
722 733 902 796 quemquam
934 713 1158 794 Epicureorum
1185 713 1322 790 invenias,
1355 713 1397 794 qul

303 819 472 884 honorilice
499 822 538 883 de
563 821 740 884 Democrito
759 822 896 885 senserit.
938 821 1042 900 Quid?
1074 823 1158 904 quod
1180 840 1218 884 ue
1236 821 1327 884 Stoici
1345 819 1397 902 qui-

303 925 373 988 dem
395 927 434 988 ab
456 928 631 992 insectando
654 929 832 993 Democrito
852 949 886 993 se
908 929 1126 1008 abstinucmmt,
1154 932 1240 1009 cujus
1261 929 1304 990 rei
1324 927 1396 990 uobis

303 1032 487 1099 documento
509 1043 588 1114 sunt,
608 1055 685 1120 quae
707 1038 885 1101 Plutarchus
901 1036 981 1100 libro
1001 1037 1149 1100 adversus
1162 1037 1282 1100 Stoicos
1294 1037 1395 1118 ploitt

303 1141 377 1223 (vol.
400 1143 434 1205 X
461 1162 528 1224 pag.
551 1145 613 1206 ilfi
636 1165 719 1229 seqq.
746 1146 793 1209 ed.
813 1146 929 1226 Reislr.)
958 1145 1133 1226 Chrysippo
1165 1144 1312 1226 opposuit
1345 1143 1397 1206 Sci

301 1249 374 1312 licet
392 1249 501 1330 vulgus
528 1251 682 1315 hominum
709 1253 874 1335 malignum
902 1259 933 1315 et
953 1253 1103 1334 ingratum
1125 1253 1329 1335 praesentinus
1348 1257 1397 1312 tau

301 1363 366 1419 tum
392 1367 545 1436 movetur,
574 1360 750 1440 praeterita,
778 1361 915 1442 quamvis
943 1382 1065 1442 magna,
1092 1381 1163 1424 non·
1185 1379 1299 1424 curans.
1340 1362 1395 1439 Quo

302 1466 488 1542 factumest,
514 1472 549 1527 ut
573 1475 735 1550 postquam
754 1468 906 1551 Epicurus
929 1470 968 1531 ad
986 1470 1064 1532 berre
1088 1470 1236 1553 beateque
1256 1465 1395 1530 vivendum

302 1573 364 1636 dux
386 1579 417 1635 et
440 1579 548 1636 auctor
574 1576 745 1639 hominibus
775 1577 896 1654 exstitit,
922 1577 1011 1658 pauci
1036 1577 1176 1658 legerent
1196 1573 1353 1638 Democriti
1370 1571 1395 1631 li-

300 1681 383 1759 bros,
404 1681 490 1743 multi
511 1683 599 1746 ctiam
617 1685 730 1766 placita
741 1685 806 1764 ejus
826 1704 888 1747 mou
910 1684 982 1747 satis
1003 1681 1221 1767 intellecta²⁸)
1243 1685 1394 1765 impugnare

299 1789 452 1851 auderent.
500 1789 535 1852 ln
559 1793 666 1872 paucis
688 1793 747 1856 illis
775 1793 827 1876 qui
850 1792 1028 1855 Abderitcni
1062 1793 1239 1874 philosophi
1264 1786 1394 1852 volumina

300 1897 398 1958 adhuc
418 1897 556 1961 manibus
575 1909 737 1978 versarent,
765 1903 822 1964 luit
846 1901 1025 1964 Plutarchus
1047 1901 1280 1976 Chaeronensis,
1304 1890 1393 1958 acerri-

300 2023 367 2066 mus
396 2005 563 2069 Democriti
591 2008 736 2072 adversus
762 2009 932 2090 Epicureus
959 2029 1029 2072 cum
1056 2009 1151 2086 alios,
1186 2015 1249 2070 turn
1274 2004 1393 2069 Coloten

300 2110 451 2188 defensor,
481 2113 534 2195 qui
559 2133 622 2176 uon
648 2116 748 2179 solum
774 2117 939 2198 fragmenta
960 2117 1078 2199 aliquot
1101 2137 1141 2178 ex
1159 2115 1317 2179 Abderitae
1335 2123 1393 2188 ope

299 2217 384 2281 ribus
417 2221 511 2300 petita
539 2224 686 2302 servavit,
715 2225 771 2288 sed
804 2224 893 2286 etiam
921 2224 1048 2288 floribus
1070 2225 1274 2288 Democriteis
1301 2213 1392 2301 passim

299 2327 412 2407 scripta
430 2347 485 2391 sua
507 2329 750 2411 conspersit²⁹).
791 2334 920 2395 Centum
942 2332 1006 2394 lere
1027 2332 1114 2394 annis
1135 2338 1207 2413 pust
1224 2325 1391 2394 Plutarchum

298 2457 497 2474 m

298 2564 368 2614 nem,
387 2547 566 2612 Aristotelem,
586 2551 768 2616 Protagoram,
789 2552 951 2604 heraclitum
975 2557 1155 2621 caeterosque
1177 2567 1270 2606 omnes
1288 2549 1391 2616 philoso-

298 2632 365 2696 phos
384 2633 532 2684 maledictis
551 2635 662 2696 pateret,
680 2628 839 2705 Ληρόκριτον
860 2637 1027 2686 nominatum
1041 2648 1111 2688 esse.
1145 2635 1240 2688 Procul
1258 2632 1333 2684 durhio
1350 2628 1390 2675 hoc

297 2715 404 2764 nurnine
423 2714 568 2766 Democriti
583 2713 676 2766 laudes
694 2714 869 2767 subtilissimo
888 2715 1021 2768 derebus
1039 2717 1209 2768 naturalibus
1225 2714 1320 2780 judicio
1337 2719 1391 2771 pur-

297 2797 338 2845 tus
357 2794 481 2845 deterere
508 2794 625 2845 volebat
672 2797 807 2856 Quantum
834 2799 924 2848 autem
950 2797 1074 2848 acumine
1100 2799 1128 2848 in
1150 2797 1279 2860 ejusmodi
1298 2787 1390 2842 muteris

297 2875 419 2936 vuluerit,
446 2874 553 2926 abunde
578 2876 667 2926 clucet
693 2889 708 2926 e
734 2875 1040 2941 fragmentis'ltbrorum
1066 2879 1100 2929 de
1126 2877 1290 2929 animalibus.
1325 2863 1390 2932 Apud

297 2955 463 3019 hesychium
487 2955 616 3007 llilesium
637 2971 662 3009 v.
685 2950 841 3028 Ἐπίκουρος
862 2971 922 3024 pag.
940 2956 974 3008 m
999 2959 1041 3010 ed.
1068 2959 1146 3011 orell.
1168 2971 1221 3010 non
1241 2951 1390 3026 qumpcm.

295 3037 345 3088 sed
362 3031 527 3105 Δημόκριτος
547 3036 649 3100 legitur,
668 3039 742 3103 quod
761 3052 925 3104 quamquam
944 3038 1052 3106 intelligi
1071 3043 1163 3104 potest
1178 3025 1391 3102 (vid.lladr.tuuii

296 3119 386 3168 adnot.
408 3131 433 3182 p.
454 3113 503 3168 130
519 3117 603 3182 aiusd.
622 3119 687 3181 cd),
720 3123 809 3170 tamen
830 3124 860 3171 ut
880 3120 1026 3172 admodum
1045 3122 1238 3172 inconcinnum
1255 3131 1305 3168 uon
1320 3113 1390 3177 putu-

295 3199 379 3252 verim
399 3197 505 3262 Epicuri
522 3213 584 3250 esse
601 3199 771 3252 vocabulum.

366 3289 406 3352 ”l
424 3291 502 3354 Apud
522 3291 675 3342 Lucretium
693 3290 737 3342 lib.
757 3293 792 3342 111
809 3305 835 3343 v.
854 3288 906 3343 sta
926 3295 955 3344 et
973 3293 1072 3344 iterum
1091 3289 1134 3342 lib.
1150 3291 1173 3342 v
1192 3304 1217 3341 v.
1237 3283 1285 3339 cat
1306 3285 1388 3344 tegun-

295 3373 339 3420 tur
358 3369 454 3420 verbu:

514 3437 660 3489 Democriti
680 3437 754 3502 quod
772 3441 865 3490 sancta
886 3441 937 3491 viri
955 3440 1089 3492 sententia
1109 3440 1192 3503 ponit.

365 3527 404 3590 ²⁶>
424 3525 445 3578 Α
464 3528 618 3579 nutrouemo
638 3527 681 3578 riu.
700 3527 733 3578 rv
762 3529 800 3581 aa·
814 3533 919 3582 musica
943 3532 969 3582 m
988 3533 1041 3585 vor.
1061 3531 1163 3583 narem
1180 3534 1243 3581 tom.
1263 3525 1273 3574 1
1300 3535 1321 3584 u·
1342 3507 1388 3564 ¹³⁵·

292 3607 462 3659 Democritus
485 3611 601 3659 vocatur
624 3605 655 3658 od
681 3606 905 3678 pociolo-(droam
932 3608 1012 3679 μόνον
1039 3615 1092 3664 τῶν
1118 3609 1251 3682 ἀρχαίων,
1274 3597 1336 3653 ἀλλὰ
1352 3589 1388 3644 καὶ

291 3687 350 3758 περὶ
369 3686 401 3738 τὰ
421 3683 590 3756 taaapotpma
611 3685 716 3747 οὐδενὸς
735 3687 812 3761 ἧττον
828 3689 1033 3762 πολυπράγμων.
1075 3695 1113 3743 lto
1133 3692 1184 3757 ipsi
1203 3691 1289 3740 lucum
1305 3688 1388 3732 emen-

292 3767 417 3820 davimus
436 3767 528 3831 fragm.
546 3783 602 3822 var.
624 3782 678 3834 arg.
700 3767 723 3822 4.

362 3859 402 3922 ²³)
425 3859 547 3913 fortusse
575 3861 700 3912 llcratius
723 3875 831 3928 quoque
856 3863 896 3914 his
924 3861 1142 3915 adnumerandus
1164 3863 1221 3921 est,
1244 3867 1319 3923 quem
1344 3843 1387 3898 etsi

291 3940 356 3992 laisa
385 3941 517 4004 quaedam
547 3943 581 3994 de
604 3943 758 3994 Democrito
782 3943 934 4006 prodidisse
959 3943 1002 3995 lib.
1023 3945 1033 3994 l
1056 3945 1084 3993 et
1108 3945 1134 3992 iu
1161 3941 1221 3992 adn.
1246 3938 1278 3988 ad
1307 3934 1385 3992 trulllIL

290 4035 346 4072 var.
366 4019 455 4086 orph
478 4025 653 4086 ostendimus,
672 4035 806 4087 nusquam
831 4027 920 4076 tamen
940 4027 1033 4088 aperte
1055 4021 1210 4075 Abderitam
1230 4017 1383 4080 vituperasse

291 4105 395 4153 certum
417 4104 465 4153 cst.
1202 4097 1211 4113 '
1355 4103 1360 4114 '

361 4193 399 4256 Η)
420 4193 457 4244 Gi.
477 4193 607 4244 Plutarch.
628 4193 688 4245 udv.
709 4194 792 4244 Colot.
815 4194 830 4244 l.
849 4195 863 4244 l.
886 4208 911 4258 p.
930 4191 980 4245 cut
1001 4194 1045 4247 ed.
1066 4193 1150 4244 lietslr.
1173 4195 1200 4244 ct
1219 4187 1284 4240 alibi.

360 4285 398 4350 ²⁹)
416 4285 489 4338 velut
508 4285 576 4337 libro
597 4286 631 4338 de
652 4285 807 4338 tortitudine
826 4287 1007 4338 homanorum
1029 4301 1054 4350 p.
1068 4282 1119 4338 317
1140 4285 1200 4347 (rot
1213 4281 1257 4332 Vll
1274 4287 1329 4344 pag.
1340 4261 1382 4320 255
