2956 4860
390 279 475 336 Liber
492 281 514 340 l.
552 279 596 338 Dc
617 282 769 342 Democriti
790 285 857 340 rita.
1136 289 1177 356 31

75 447 126 509 bac
154 448 185 510 in
212 467 247 512 re
278 449 387 512 ducem
413 448 503 514 nobis
531 449 683 531 eligimus,
711 451 844 516 incidere
871 452 903 516 in
925 455 973 518 Ol.
996 458 1046 534 81,
1066 459 1095 536 3,
1117 481 1178 541 quo

73 563 215 636 tempore,
244 558 270 620 si
298 558 493 621 Democritus
523 559 572 622 01.
599 561 696 637 80‚1
728 560 826 624 entus
854 569 914 640 cst,
947 564 1018 630 talio
1045 569 1179 636 scribere

73 665 201 728 nondum
223 665 331 746 potuit.
375 667 441 728 dam
470 667 496 728 si
522 666 613 730 certis
641 666 761 732 indiciis
791 679 941 734 emanaret
961 676 1177 759 Democritum,

73 776 156 854 cujus
196 783 366 856 temporum
404 779 645 857 computationes
684 797 754 840 cum
799 789 1010 862 parapegmate
1051 786 1177 871 aliisque

73 885 188 966 scriptis
214 885 378 966 perierunt,
399 904 511 948 aunum
540 892 646 965 ceptae
664 886 774 965 Trojae
798 888 904 950 eodem
927 911 987 973 quo
1006 893 1179 960 Eratosthe-

72 1009 122 1052 nes
141 1013 216 1054 usus
244 999 290 1056 cst
324 1004 469 1074 computo
495 992 658 1070 invenisse,
688 1014 813 1059 necesse
835 1003 915 1060 esset
935 1018 1091 1064 numerum
1116 1007 1177 1069 730

72 1102 209 1164 mendum
236 1104 400 1166 continere.
443 1102 552 1184 Neque
582 1109 645 1165 tum
677 1103 707 1164 in
728 1123 765 1166 eo
789 1106 977 1170 emendando
997 1106 1178 1190 laborarem,

71 1209 215 1290 siquidem
252 1211 300 1274 hic
337 1231 498 1288 numeruS,
540 1212 592 1294 qui
627 1211 785 1274 vetustiori
820 1213 913 1276 niodo
952 1217 996 1279 sic
1036 1220 1179 1284 scribitur

74 1311 170 1414 ῙῆῙΗ
180 1313 306 1391 ΗΔΔΔ
326 1326 367 1390 ito
384 1326 484 1389 solum
501 1326 662 1389 mutandus
684 1333 773 1403 esset,
798 1333 831 1388 ut
854 1347 912 1407 pro
933 1330 1033 1411 primo
1052 1339 1089 1406 Δ
1109 1355 1179 1398 exa.

69 1451 185 1510 raretur
221 1427 292 1530 N,
312 1461 389 1524 quae
410 1441 518 1521 exigua
539 1443 619 1504 toret
641 1441 775 1504 ululatio.
817 1441 944 1520 Etenim,
967 1467 1059 1528 quum
1079 1451 1179 1515 deleta

69 1567 146 1622 esset
173 1559 253 1622 linea
278 1566 449 1622 transversa
478 1554 563 1640 (-)
586 1559 640 1618 τοῦ
665 1545 702 1624 Π
729 1557 773 1618 sio
800 1555 863 1618 iere
893 1557 1023 1643 obliquis
1050 1563 1178 1630 laterum

68 1680 152 1744 lineis
174 1681 288 1744 inserto
314 1687 352 1752 Δ
378 1679 483 1759 scripti
501 1657 578 1765 mr
607 1676 752 1760 reliquiae
772 1659 835 1764 [Ab
857 1697 914 1757 pro
940 1687 978 1752 Δ
998 1683 1101 1747 baberi
1122 1708 1178 1767 p0.

68 1785 201 1854 tuisse'nt
241 1792 320 1852 'lum
341 1787 536 1872 quadraginta
554 1787 624 1848 utini
645 1785 703 1848 illis
725 1786 788 1848 730
808 1787 995 1868 accederent,
1018 1791 1058 1854 ito
1074 1801 1108 1856 ut
1122 1815 1177 1858 nu-

67 1919 165 1962 merus
188 1901 251 1962 770
272 1899 452 1974 efficeretur,
476 1895 527 1978 qui
553 1894 717 1975 respondet
739 1895 787 1957 Ol.
810 1897 860 1973 91,
884 1897 912 1960 3.
955 1901 998 1961 lta
1019 1901 1177 1965 Democri-

68 2015 112 2070 tus
143 2007 404 2092 quadragesimum
430 2011 549 2068 sextum
579 2003 691 2084 egisset
715 2023 840 2083 annum,
855 2002 960 2089 ¹quum
981 2008 1019 2071 de
1040 2009 1177 2075 ordinata

67 2119 168 2180 mundi
190 2116 410 2197 compositione
432 2113 647 2176 conscriberet

147 2227 190 2290 nt
218 2225 294 2309 quis,
318 2243 441 2306 quaeso,
468 2222 677 2285 Eratosthenis
710 2223 954 2302 supputationem
975 2245 1063 2307 quom
1085 2228 1174 2291 hodie

68 2334 155 2416 uulgo
179 2333 334 2416 sequimur
352 2339 382 2394 et
402 2331 626 2394 Democriteum
645 2331 739 2394 luisse
755 2331 865 2394 audeat
884 2333 1005 2396 dicere?
1047 2335 1175 2414 idcirco,

68 2445 204 2526 quonism
219 2461 281 2505 non
301 2447 355 2518 est,
374 2439 457 2523 quod
470 2439 590 2502 dnobus
603 2440 725 2522 reliquis
739 2441 905 2503 Democriti
917 2441 995 2504 locis
1015 2443 1174 2525 dequibus

67 2553 156 2616 locuti
170 2571 276 2614 sumus
286 2549 463 2627 diffidemus,
475 2547 629 2611 nitendum
640 2567 707 2611 esse
717 2555 808 2628 patet,
818 2555 851 2611 ut
862 2549 981 2611 tertium
991 2571 1112 2633 quoque
1121 2553 1174 2614 hn-

62 2663 111 2738 jus
131 2659 307 2743 plrilosoplri
330 2659 367 2720 de
387 2677 421 2721 se
442 2659 511 2738 ipso
533 2657 737 2720 testimonium
754 2657 828 2719 vitio
851 2676 955 2719 carere
980 2659 1171 2739 intelligatur.

146 2767 261 2832 Multae
290 2767 450 2850 variaeque
473 2765 554 2846 apud
576 2771 692 2828 veteres
714 2765 751 2827 de
771 2785 849 2828 mino
872 2766 971 2828 eversi
989 2765 1034 2827 llii
1057 2772 1175 2828 senten-

28 2891 36 2904 ·
67 2876 121 2939 tiae
146 2879 276 2955 inerunt,
303 2895 377 2959 quos
408 2893 497 2937 nemo
527 2873 567 2934 ad
596 2873 790 2936 concordiam
812 2893 956 2937 revocare
979 2884 1076 2957 queat.
1118 2875 1174 2938 lto-

68 3009 132 3070 que,
155 2987 182 3048 si
204 2983 271 3068 quis
292 2983 383 3046 bodie
410 2983 447 3045 de
475 2985 534 3045 hoo
562 2989 738 3062 argumento
760 2989 986 3059 commentatur,
1006 2983 1038 3046 id
1059 2989 1174 3046 tantum

69 3098 93 3158 ei
114 3097 264 3179 egendum
286 3099 340 3171 est,
361 3098 395 3154 ut
417 3089 603 3172 singulorum
628 3093 810 3172 scriptorum
832 3091 991 3172 opiniones
1012 3097 1173 3155 enumeret.

68 3202 133 3264 Nos
154 3202 243 3264 unice
265 3203 324 3264 hoc
345 3207 525 3281 spectamus
545 3204 580 3261 nt
601 3219 692 3280 quum
713 3201 896 3281 ignoremus
917 3220 1005 3281 quam
1028 3199 1174 3262 rationem

69 3311 258 3374 Democritus
286 3311 351 3390 ipse
375 3307 500 3384 duxerit,
528 3327 597 3369 eum
619 3307 668 3370 hic
688 3309 766 3373 alius
786 3308 843 3371 viri
863 3308 946 3371 docti
966 3327 1173 3389 proponamus

68 3419 221 3497 calculum,
246 3437 337 3502 quem
366 3435 384 3477 a
413 3416 619 3479 Democritico
646 3435 710 3479 non
730 3418 856 3481 multum
879 3417 1042 3480 abhorrere
1064 3417 1175 3497 Proba-

68 3525 124 3589 bile
146 3529 192 3591 sit.
238 3527 274 3588 ld
299 3523 406 3588 lecturi
432 3542 495 3586 nou
537 3525 640 3588 inutile
670 3523 840 3604 judicamus
878 3525 937 3587 diei
972 3545 1093 3609 quoque
1125 3523 1174 3588 vel

65 3635 162 3700 noctis
190 3637 274 3715 (nam
302 3633 402 3695 media
427 3639 518 3695 nocte
546 3641 635 3714 capta
655 3634 763 3698 dicitur
785 3634 892 3714 Troja)
917 3635 1028 3696 habere
1048 3633 1173 3696 mentio-

64 3760 141 3804 nem
184 3743 303 3826 Quibus
332 3741 423 3804 rebus
449 3740 505 3804 etsi
531 3761 594 3804 non
616 3742 806 3824 adjungimus
829 3743 926 3820 tidem,
941 3742 1060 3822 juvabit
1075 3749 1175 3803 tamen

63 3849 229 3912 Democriti
251 3869 343 3927 consa
363 3849 476 3927 videre,
508 3869 585 3933 quae
606 3851 654 3914 hic
673 3852 732 3916 sint
754 3851 947 3934 antiquorum
965 3851 1089 3913 somnia
1126 3847 1174 3912 Ac

63 3957 149 4035 prius
170 3959 291 4041 quidem
312 3958 349 4020 de
370 3958 417 4020 die
440 3958 631 4038 disseramus
652 3981 740 4043 quem
757 3967 874 4024 veteres
889 3979 996 4041 magna
1016 3978 1085 4020 oum
1103 3976 1175 4020 con-

63 4067 204 4130 sensione
227 4067 386 4148 septimum
413 4066 463 4129 vel
494 4075 633 4132 octonum
655 4070 790 4132 exeuntis
814 4067 1022 4149 Thorgelionis
1044 4063 1173 4148 (Oupqe-

61 4173 174 4244 λιῶνος
206 4173 377 4260 φθίνοντος)
405 4175 499 4240 luisse
526 4180 618 4258 qjuut
670 4177 822 4258 Septimus
853 4174 1040 4259 perscriptus
1066 4173 1176 4256 legitur
