2932 4862
327 313 391 382 tls
660 315 856 379 emouere·
884 315 1116 372 ltcucmtearan

331 486 373 548 mi
394 481 636 566 trmqnillitatem
668 489 805 564 prosunt
859 483 923 546 Sed
945 491 980 547 ut
1001 483 1135 546 inertiam
1161 483 1258 562 lugere
1274 483 1399 558 demnas,

332 595 374 656 ita
392 592 514 656 labores
539 591 691 653 declinare
716 609 773 652 uos
802 590 889 652 decet
910 591 1040 667 majores
1065 609 1152 671 quam
1171 590 1272 671 quibus
1294 593 1400 652 terentis

332 719 423 781 pares
454 699 548 762 simus
563 695 645 776 ¹⁶⁵).
687 699 755 760 lloc
783 697 991 778 unusquisque
1008 695 1176 760 mortalium
1197 698 1242 759 sui
1259 699 1401 777 cognitione

333 807 512 888 assequitur,
535 823 612 886 quae
634 804 723 866 simul
743 805 775 866 in
789 803 962 883 judicandis
982 802 1109 866 alionum
1130 803 1206 867 vitiis
1225 813 1254 867 et
1273 807 1403 867 virtutibus

329 913 477 994 justitiam
501 912 591 974 docet
603 909 610 944 ¹
622 909 683 992 ⁶⁶).
726 910 787 993 Qui
805 911 910 991 turpia
931 911 1004 972 lacit
1025 911 1152 991 primum
1172 931 1204 974 se
1221 911 1310 993 ipsum
1327 912 1404 974 vereri

338 1016 529 1098 debet'‘⁷);
560 1037 653 1100 quare
679 1037 741 1081 non
770 1025 861 1094 metu,
885 1017 940 1080 aed
967 1017 1061 1080 officii
1088 1039 1177 1082 causa
1197 1020 1317 1100 peccatis
1336 1019 1405 1080 absti-

336 1123 561 1205 nendumffl).
611 1127 741 1207 Propria
768 1125 914 1188 libertatis
941 1123 1038 1187 libera
1064 1126 1202 1186 statuitur
1225 1126 1327 1198 oratio;
1352 1145 1405 1206 qua·

338 1240 466 1316 propter
484 1232 601 1296 laudari
622 1238 746 1314 oportet
765 1251 843 1313 quae
862 1230 952 1294 laude
977 1230 1069 1311 digna
1088 1239 1166 1308 sunt,
1182 1233 1330 1312 vituperari
1348 1249 1406 1310 quae

337 1341 589 1422 vituperationem
610 1347 772 1401 merentur.
813 1339 855 1402 At
875 1338 905 1400 in
920 1344 1048 1419 utraque
1071 1358 1104 1400 re
1123 1340 1192 1402 nuit
1208 1339 1339 1402 difficilius
1355 1355 1406 1398 esse

339 1447 420 1510 solet
442 1448 607 1528 opportuni
635 1447 781 1526 temporis
812 1445 992 1526 cognitione.
1036 1446 1156 1510 ldcirco
1176 1467 1214 1508 ne
1232 1467 1296 1509 vera
1312 1444 1404 1526 quidem

338 1555 420 1618 omni
440 1561 577 1635 tempore
597 1560 628 1616 et
646 1553 718 1618 loeo
737 1552 798 1616 elici
817 1573 873 1634 par
894 1559 940 1614 est
954 1552 961 1584 ¹
973 1549 1036 1634 ⁶⁹).

423 1660 473 1723 Ad
494 1681 596 1723 veram
623 1661 795 1724 felicitatem
817 1659 1061 1741 consequendam
1085 1662 1159 1724 nihil
1179 1661 1314 1741 reponitur
1332 1657 1407 1718 cilica-

341 1768 406 1830 cius
425 1767 532 1830 litteris
552 1773 583 1828 et
600 1767 747 1844 doctrina,
768 1767 896 1830 maxime
916 1786 991 1830 vero
1017 1777 1120 1832 mente
1139 1767 1301 1851 multiplicis
1317 1763 1407 1843 sapien·

340 1876 399 1938 tiae
423 1872 514 1955 plena
525 1873 533 1908 ¹
544 1871 606 1956 ⁷⁰).
649 1877 746 1939 Porro
760 1874 913 1936 hominum
931 1875 993 1938 vita
1010 1877 1230 1954 benevolentia,
1248 1868 1407 1936 beneficum

340 1987 371 2045 et
393 1981 523 2044 amicitia
543 1979 808 2062 continetur¹⁷¹).
857 1981 964 2063 Neque
988 2003 1062 2046 vero
1082 1993 1240 2066 utrumque
1261 1999 1350 2043 sexum
1372 1994 1407 2035 ae-

341 2088 459 2171 queml
488 2089 729 2152 benevolentiam
751 2088 918 2170 proclivem
940 2090 1143 2172 philosophus
1169 2091 1271 2166 habuit,
1295 2086 1342 2149 sed
1362 2103 1406 2143 mu

340 2195 431 2257 lieres
452 2195 548 2258 multo
563 2197 746 2277 promtiores
760 2217 849 2278 quam
863 2196 946 2258 viros
966 2197 1005 2258 ad
1023 2199 1165 2261 astutiam
1186 2205 1216 2261 et
1236 2193 1404 2274 malignitatem

341 2321 408 2364 esse
429 2301 632 2381 censuit¹⁷²).
676 2305 837 2366 Caeterum
859 2303 993 2366 mulieris
1017 2305 1149 2386 imperio
1170 2325 1272 2388 parere
1289 2307 1403 2364 conum-

340 2409 411 2472 liaru
438 2416 469 2472 et
497 2409 643 2489 ignaviam
671 2417 834 2472 extremam
863 2411 1122 2492 appellavit¹⁷³).
1172 2407 1368 2476 Matrimonium
1385 2387 1412 2458 el*

340 2515 506 2579 liberorum
533 2517 776 2596 procreationem
803 2538 895 2600 quum
918 2520 983 2600 ipse
1007 2521 1134 2582 forsitan
1159 2520 1284 2601 fugisset,
1301 2515 1363 2576 alios
1379 2507 1402 2568 al

341 2623 421 2685 idem
440 2625 519 2686 vitae
537 2643 632 2703 genus
647 2625 865 2704 capessendum
879 2627 1024 2689 Abderita
1044 2629 1221 2690 cohortatus
1234 2633 1284 2702 est,
1298 2622 1402 2698 adoptat·

342 2730 399 2791 dos
424 2729 635 2810 potiusquam
659 2732 847 2810 generandos
867 2753 933 2796 esse
957 2733 1071 2796 liberos
1095 2729 1311 2810 statueus¹⁷⁴).

422 2839 470 2898 Da
492 2835 648 2915 republica
668 2838 710 2899 ita
726 2837 875 2914 judicavit
895 2842 1099 2920 Democritus,
1121 2849 1156 2905 ut
1176 2842 1246 2903 licet
1266 2832 1401 2918 popularem

341 2943 406 3020 ejus
430 2943 557 3004 sormam
576 2944 699 3006 summis
719 2944 886 3009 celebraret
913 2946 1064 3010 laudibus*
1080 2948 1142 3032 ⁷⁵),
1166 2955 1258 3010 tamen
1275 2933 1401 3024 perspecti-³

337 3049 499 3112 liberarum
522 3050 668 3113 Graeciae
690 3051 842 3115 civitatum
866 3052 1067 3118 incommodis
1085 3057 1157 3139 ¹⁷⁶)
1182 3055 1263 3137 regui
1284 3039 1402 3112 commeta

406 3243 461 3306 ¹⁸⁸)
481 3245 581 3310 Fragm.
603 3249 695 3299 milret.
714 3246 835 3302 st-ez.

408 3335 462 3398 ¹⁸⁶)
482 3336 583 3400 Fragm.
603 3339 693 3389 moral.
714 3335 748 3388 93
758 3365 785 3375 -
796 3337 836 3390 96.

403 3427 458 3491 ¹⁸²)
478 3429 578 3492 Frugm.
598 3429 690 3480 moral.
710 3427 765 3478 llll.

403 3518 458 3581 ¹⁶³)
478 3519 579 3584 Fragm.
599 3521 691 3571 moral.
711 3518 766 3570 117.

401 3610 458 3674 ¹⁸⁹)
479 3611 581 3675 Fragm.
602 3612 693 3662 moral.
716 3608 803 3661 120—
818 3611 873 3664 1⁴25.

403 3701 457 3764 ¹⁷⁰)
476 3701 578 3764 Fragm.
597 3703 688 3753 moral.
709 3701 758 3752 127
770 3731 797 3741 -
809 3703 863 3755 ltu.

401 3793 456 3856 ¹⁷¹)
476 3793 578 3855 Frugm.
597 3793 689 3844 moral.
709 3789 793 3843 111-
807 3795 862 3848 173.

401 3884 456 3948 ¹⁷¹)
478 3883 579 3947 Frngrn.
599 3885 689 3934 moral.
709 3883 765 3937 175.

399 3975 454 4038 ¹⁷³)
476 3976 576 4037 fragm.
597 3977 687 4025 moral.
707 3973 762 4026 179.

400 4065 456 4130 Η1)
474 4067 575 4128 Fragm.
598 4067 689 4116 moral.
711 4062 796 4114 181-
812 4065 866 4117 188.

398 4155 453 4219 ¹⁷³)
470 4157 572 4218 Frugm.
595 4157 686 4207 moral.
707 4155 764 4207 ull.

394 4244 449 4308 Η1)
468 4247 569 4308 Frugm.
591 4248 681 4296 moral.
700 4245 757 4296 ⁸205.
