2956 4860
257 321 279 386 6
582 309 778 374 Quaestionum
795 305 1028 364 Democriteemnr

261 487 384 563 adierit,
411 483 566 564 octogiuta
594 499 650 561 per
679 495 775 542 annos
805 475 1013 558 peregrinatus
1041 473 1081 539 sit
1098 473 1159 558 ¹³).
1202 477 1286 539 ilaec
1316 477 1377 539 tria

262 591 431 658 Democriti
457 589 627 653 testimonia
647 607 709 652 uon
736 585 835 650 solum
856 584 935 646 inter
962 603 1004 663 se,
1032 585 1087 646 aed
1108 586 1199 648 etiem
1217 607 1287 650 cuna
1307 587 1376 651 aliis

263 709 398 766 veterum
423 699 503 764 locis
528 699 626 779 prima
653 695 757 779 specie
776 695 916 756 videntur
938 693 1099 758 discordia
1139 696 1206 757 lam
1229 696 1313 778 qaod
1335 695 1378 758 ad

263 812 393 892 primam
415 809 490 872 illud
517 809 622 870 attinet
651 824 714 889 quo
746 801 942 888 quadraginta
962 802 1047 866 annis
1066 806 1247 885 Anaxagora
1266 823 1300 866 se
1321 805 1378 866 mi-

265 939 371 982 norem
389 917 462 980 dioit
489 915 691 994 Democritum,
718 911 926 975 difficillimum
946 919 1001 990 est,
1032 913 1070 974 de
1091 912 1158 993 ipse
1177 911 1378 994 Anaxagorae

265 1029 325 1090 vito
351 1028 392 1091 ita
416 1025 492 1090 certi
515 1024 628 1108 aliquid
651 1021 844 1097 consumere,
874 1027 908 1082 ut
934 1039 999 1084 aon
1020 1020 1221 1101 complurium
1240 1021 1380 1104 antiquo-

265 1155 331 1198 rum
350 1141 498 1217 repugnet
516 1133 689 1197 auctoritas.
731 1131 779 1192 De
800 1129 847 1191 bis
868 1127 1015 1191 videndus
1034 1128 1312 1210 praeter-Badiam
1325 1130 1333 1162 ¹
1346 1129 1378 1210 ⁴)
1472 1122 1473 1187 7

265 1243 389 1306 lleinius
404 1243 411 1274 ¹
424 1241 454 1323 ⁵)
486 1242 593 1324 quibus
616 1239 795 1302 Meinersius
809 1235 859 1319 ¹⁶)
883 1237 1068 1319 astipulatur.
1108 1239 1257 1320 Imprimis
1278 1245 1380 1302 autem

264 1350 393 1432 legenda
417 1355 486 1414 sunt
515 1368 592 1432 quae
618 1347 843 1412 Sobeabacbias
873 1349 930 1410 bac
957 1347 996 1409 de
1024 1366 1058 1409 re
1086 1353 1304 1410 commentatus
1332 1355 1381 1410 est

266 1458 346 1520 libro
374 1457 412 1519 de
437 1457 570 1540 Anaxag.
599 1479 630 1539 p.
652 1461 672 1520 2
692 1465 722 1520 et
744 1459 794 1519 ta.
847 1456 910 1518 Sed
937 1455 963 1518 si
991 1455 1059 1538 quis
1087 1455 1246 1536 diligenter
1278 1457 1381 1520 omnia

268 1565 463 1646 perpenderit
491 1586 568 1650 quae
598 1567 636 1628 de
661 1565 859 1646 Anaxagorae
881 1564 943 1626 vita
961 1563 1128 1642 traduntur,
1148 1584 1213 1626 aon
1232 1565 1381 1628 dubitabit

269 1693 338 1734 caru
358 1673 395 1738 iis
422 1693 499 1756 quos
519 1675 611 1738 modo
634 1673 786 1738 nominavi
818 1674 891 1736 viris
913 1671 1011 1736 doctis
1033 1693 1069 1735 ea
1087 1672 1242 1735 verissima
1262 1683 1382 1755 putare,

269 1803 346 1864 quae
368 1783 504 1847 secundo
528 1784 606 1848 libro
628 1783 783 1863 Diogenes
802 1783 947 1860 Laertius,
969 1781 1082 1865 alioqui
1105 1781 1164 1844 fide
1185 1799 1247 1844 non
1269 1783 1381 1863 dignis

269 1889 381 1968 simne,
411 1897 520 1954 narrat
570 1891 663 1973 Quod
691 1910 785 1980 quum
812 1889 941 1953 alienum
969 1890 1008 1954 sit
1035 1889 1072 1952 ab
1094 1891 1153 1951 hoc
1174 1888 1246 1952 loco
1267 1889 1382 1972 largius
1471 1936 1474 1961 .

269 2138 342 2189 idern
361 2138 432 2190 vaiet
450 2141 475 2188 in
489 2138 633 2189 Democriti
649 2139 716 2198 ioco,
736 2151 815 2202 quern
833 2137 900 2188 inira
919 2137 1029 2190 uberius
1049 2135 1179 2189 tractabo.
1210 2138 1265 2189 Alie
1282 2139 1383 2202 bajas-

268 2219 374 2271 cemodi
392 2220 513 2284 exempla
531 2220 652 2285 allegavit
671 2219 782 2282 vigerae
803 2219 818 2270 i.
839 2219 853 2268 i.
873 2219 909 2270 ci.
929 2223 965 2284 et¹
987 2231 1067 2285 quem
1088 2219 1256 2271 Hermannus
1274 2219 1310 2271 ibi
1328 2234 1383 2272 ex-

268 2303 341 2364 citat,
360 2302 475 2352 Gronov.
496 2301 531 2352 ad
542 2301 642 2352 Luciau
662 2301 689 2351 Τ.
707 2301 725 2350 1.
744 2313 770 2363 p.
788 2295 840 2351 533
852 2314 926 2366 seqq.

342 2393 381 2458 ¹³)
402 2395 500 2457 injurie
522 2393 638 2445 littteras
664 2393 724 2446 hiet.
751 2391 811 2457 pbii.
836 2407 861 2457 p.
881 2387 930 2442 561
956 2393 1132 2458 sophisticam
1156 2393 1311 2446 Democrito
1327 2407 1383 2446 ex·
1471 2434 1475 2443 .

270 2475 382 2540 probrat
399 2475 660 2540 magniloquentiam,
691 2477 737 2538 qni
754 2475 861 2536 tempus
878 2487 931 2538 quo
951 2479 1027 2526 ortus
1047 2475 1082 2526 sit
1101 2477 1182 2540 etque
1201 2489 1308 2540 annam
1327 2489 1383 2542 quo
1476 2492 1477 2497 ¹

269 2556 474 2608 celeberrimum
488 2557 584 2620 ingenii
600 2555 642 2608 sui
654 2559 859 2607 monumentum
874 2555 1031 2618 condiderit,
1043 2555 1193 2607 secundam
1209 2558 1384 2622 Anaxagorae

271 2641 352 2688 vitam
365 2639 392 2688 at
401 2638 437 2688 ilii
450 2639 583 2690 excidium
597 2636 714 2689 deliniat
735 2635 800 2686 Nihil
811 2637 935 2686 nimirum
948 2637 975 2685 iu
984 2640 1099 2702 utroque
1108 2641 1156 2700 est,
1166 2639 1384 2702 qaodsopbistas

270 2720 399 2772 redoleat.
432 2721 520 2780 Quum
538 2721 609 2770 enim
628 2717 772 2769 Democriti
794 2721 882 2768 aetate
900 2729 996 2769 recens
1014 2717 1102 2769 adhuc
1120 2719 1293 2784 Anaxagorae
1313 2719 1385 2771 lama

271 2803 345 2852 esset
370 2812 521 2865 magnaque
546 2797 720 2864 philosophas
742 2799 783 2849 iiio
803 2798 917 2849 nominis
936 2798 1094 2850 claritudine
1113 2801 1222 2864 vigeret,
1241 2803 1385 2854 verisimile

271 2885 313 2932 est
332 2883 449 2932 Graecos
468 2879 553 2944 probe
571 2881 680 2931 novisse
699 2880 828 2942 temporis
845 2879 969 2942 spatium,
986 2893 1040 2944 qao
1058 2880 1137 2942 haias
1154 2881 1204 2930 viri
1220 2883 1275 2933 vita
1292 2883 1386 2934 conti-

273 2963 389 3011 neretar.
434 2961 616 3021 Quamobrem
639 2973 693 3010 non
712 2961 804 3022 video,
828 2973 879 3011 car
894 2960 1133 3024 reprehendendus
1153 2961 1322 3015 Democritus
1342 2967 1386 3028 sit,

273 3041 317 3091 oui
337 3039 463 3105 quoniam
488 3042 534 3092 iiio.
550 3053 618 3091 aevo
638 3041 731 3092 Graeci
756 3043 782 3091 in
809 3043 961 3106 temporam
983 3042 1121 3093 notatione
1138 3055 1192 3093 nau
1213 3057 1294 3094 unam
1315 3059 1387 3096 eau-

273 3121 390 3186 demque
410 3121 546 3185 Epocbam
569 3119 760 3187 sequebantur,
783 3123 956 3186 Anaxagorae
976 3123 1037 3186 vita,
1056 3125 1150 3186 utpote
1169 3124 1294 3177 omnibus
1312 3133 1386 3192 nota,

271 3206 338 3254 satus
360 3207 422 3266 apta
449 3201 599 3264 videbatur,
624 3214 677 3267 qua
701 3205 839 3268 tamquam
865 3215 959 3252 norma
982 3203 1009 3252 in
1035 3205 1112 3254 annis
1131 3205 1188 3256 sais
1212 3209 1387 3262 numerandis
1413 3237 1416 3242 Δ

272 3287 402 3334 uteretur.
439 3283 521 3334 Porro
538 3285 663 3334 veterum
680 3283 801 3347 plurimis
824 3285 862 3334 ilii
882 3284 1015 3336 excidium
1033 3285 1140 3349 Epocha
1168 3291 1227 3336 erat
1250 3303 1331 3353 quam
1352 3291 1387 3342 ad

272 3377 405 3416 annorum
429 3366 660 3428 computationem
684 3364 859 3427 adhibebant,
888 3367 964 3429 cadas
991 3367 1029 3418 rei
1051 3366 1172 3431 exempla
1186 3371 1288 3432 passim
1305 3369 1387 3423 obvia

273 3447 348 3507 sant,
388 3448 418 3495 ut
453 3457 507 3494 non
542 3445 630 3496 solam
654 3445 790 3511 lienagius
819 3447 854 3497 ad
879 3447 967 3509 ilium,
1001 3461 1082 3512 quem
1103 3450 1261 3512 posuimus,
1288 3451 1387 3502 Laertii

273 3525 364 3576 locum
386 3523 549 3588 observavit,
573 3525 622 3578 sed
648 3527 728 3578 ctiam
750 3529 932 3580 recentiorum
953 3527 1082 3593 plerique,
1107 3529 1152 3594 qui
1174 3528 1209 3580 de
1232 3533 1388 3596 temporum

273 3604 425 3658 rationibus
455 3608 690 3671 conscripserunt,
722 3609 944 3660 animadvertisse
974 3609 1107 3661 videntur.
1143 3609 1180 3661 Cl.
1211 3611 1320 3665 Jonsius
1352 3613 1387 3664 de

274 3689 366 3750 script.
392 3686 453 3738 hist
477 3685 538 3750 pluit.
566 3685 609 3737 lib.
629 3689 647 3751 1,
669 3701 693 3740 c.
712 3687 737 3740 «i.
780 3690 900 3756 Denique
927 3689 1133 3744 celeberrimum
1156 3693 1214 3756 elus
1237 3705 1307 3758 opus
1331 3707 1387 3745 nou

274 3763 377 3838 μικρόν,
397 3765 545 3836 sedatque
566 3763 708 3838 διάκοσμον
730 3771 819 3835 luisse,
835 3772 967 3836 Diogenes
983 3772 1105 3826 Laertius
1125 3773 1206 3826 docet
1225 3773 1268 3825 lib.
1288 3773 1327 3836 ili,
1344 3771 1387 3826 39.

348 3858 386 3922 ¹⁴)
404 3859 484 3910 Daeiii
503 3861 562 3912 Lex.
582 3861 642 3913 hist.
668 3866 696 3913 et
713 3864 770 3914 crit.
791 3877 816 3914 v.
837 3863 1007 3928 Anaxagoras
1031 3865 1221 3927 (Dictionneiro
1238 3865 1388 3934 historique

276 3943 304 3991 et
322 3941 436 4006 critique
454 3943 487 4020 de
506 3943 596 3994 Pierre
613 3943 709 4008 Bayic).

348 4031 387 4094 ¹⁵)
412 4032 497 4084 lisinii
524 4037 567 4087 vie
587 4036 768 4099 d‘Anaxagore
786 4035 853 4087 dans
877 4036 916 4088 ies
942 4035 1086 4090 mdmoires
1105 4039 1139 4090 de
1162 4037 1320 4091 i'Acaddmie
1338 4039 1389 4092 des

275 4112 398 4165 scieaces
419 4115 453 4166 de
472 4116 566 4168 Berlin.
602 4118 649 4168 An.
671 4114 744 4167 1752.

346 4205 385 4268 ¹⁸)
405 4207 520 4260 Deinere
541 4209 699 4260 Geschicirte
723 4209 771 4260 des
789 4207 947 4272 Urspranga,
971 4209 1115 4274 Fortgangs
1134 4210 1189 4261 and
1211 4211 1320 4263 Veriaits
1339 4211 1391 4264 der

274 4284 502 4340 Wissensciraiten
523 4289 548 4337 in
569 4289 761 4340 Griecheniand
781 4287 836 4340 and
855 4289 927 4340 nom.
962 4291 1034 4342 Tora.
1057 4293 1073 4342 i.
1092 4303 1117 4355 p.
1137 4289 1199 4342 723.
