<?xml version="1.0" encoding="UTF-8"?>
<!DOCTYPE html PUBLIC "-//W3C//DTD XHTML 1.0 Transitional//EN"
    "http://www.w3.org/TR/xhtml1/DTD/xhtml1-transitional.dtd">
<html xmlns="http://www.w3.org/1999/xhtml" xml:lang="en" lang="en">
 <head>
  <title>
</title>
<meta http-equiv="Content-Type" content="text/html;charset=utf-8" />
  <meta name='ocr-system' content='tesseract 3.04.00' />
  <meta name='ocr-capabilities' content='ocr_page ocr_carea ocr_par ocr_line ocrx_word'/>
</head>
<body>
  <div class='ocr_page' id='page_1' title='image "./democritiabderi00mullgoog_0423.png"; bbox 0 0 2932 4862; ppageno 0'>
   <div class='ocr_carea' id='block_1_1' title="bbox 317 307 1106 384">
    <p class='ocr_par' dir='ltr' id='par_1_1' title="bbox 317 307 1106 384">
     <span class='ocr_line' id='line_1_1' title="bbox 317 307 1106 384; baseline -0.018 -9"><span class='ocrx_word' id='word_1_1' title='bbox 317 317 381 384; x_wconf 73' lang='lat'><strong>402</strong></span> <span class='ocrx_word' id='word_1_2' title='bbox 647 311 844 374; x_wconf 63' lang='lat' dir='ltr'><strong>numatianu-</strong></span> <span class='ocrx_word' id='word_1_3' title='bbox 873 307 1106 362; x_wconf 73' lang='lat' dir='ltr'><strong>limeritmran</strong></span> 
     </span>
    </p>
   </div>
   <div class='ocr_carea' id='block_1_2' title="bbox 319 474 1432 3354">
    <p class='ocr_par' dir='ltr' id='par_1_2' title="bbox 319 474 1432 3354">
     <span class='ocr_line' id='line_1_2' title="bbox 319 474 1393 558; baseline -0.012 -10"><span class='ocrx_word' id='word_1_4' title='bbox 319 488 360 548; x_wconf 88' lang='lat' dir='ltr'><strong>ita</strong></span> <span class='ocrx_word' id='word_1_5' title='bbox 381 491 414 546; x_wconf 89' lang='lat' dir='ltr'><strong>ut</strong></span> <span class='ocrx_word' id='word_1_6' title='bbox 437 483 563 544; x_wconf 88' lang='lat' dir='ltr'><strong>densum</strong></span> <span class='ocrx_word' id='word_1_7' title='bbox 584 497 646 540; x_wconf 92' lang='lat' dir='ltr'><strong>noa</strong></span> <span class='ocrx_word' id='word_1_8' title='bbox 668 477 806 558; x_wconf 86' lang='lat' dir='ltr'><strong>accipiat,</strong></span> <span class='ocrx_word' id='word_1_9' title='bbox 826 475 980 540; x_wconf 89' lang='lat' dir='ltr'><strong>humidum</strong></span> <span class='ocrx_word' id='word_1_10' title='bbox 1003 481 1150 556; x_wconf 77' lang='lat' dir='ltr'><strong>peragret</strong></span> <span class='ocrx_word' id='word_1_11' title='bbox 1190 474 1299 537; x_wconf 88' lang='lat' dir='ltr'><strong>ideireo</strong></span> <span class='ocrx_word' id='word_1_12' title='bbox 1318 475 1393 536; x_wconf 88' lang='lat' dir='ltr'><strong>huni·</strong></span> 
     </span>
     <span class='ocr_line' id='line_1_3' title="bbox 320 583 1396 658; baseline -0.013 -3"><span class='ocrx_word' id='word_1_13' title='bbox 320 594 377 654; x_wconf 87' lang='lat' dir='ltr'><strong>dos</strong></span> <span class='ocrx_word' id='word_1_14' title='bbox 400 587 508 652; x_wconf 89' lang='lat' dir='ltr'><strong>oculos</strong></span> <span class='ocrx_word' id='word_1_15' title='bbox 531 587 615 649; x_wconf 90' lang='lat' dir='ltr'><strong>duris</strong></span> <span class='ocrx_word' id='word_1_16' title='bbox 638 586 779 648; x_wconf 78' lang='lat' dir='ltr'><strong>riteliores</strong></span> <span class='ocrx_word' id='word_1_17' title='bbox 801 605 868 648; x_wconf 84' lang='lat' dir='ltr'><strong>esse</strong></span> <span class='ocrx_word' id='word_1_18' title='bbox 890 585 928 646; x_wconf 94' lang='lat' dir='ltr'><strong>ad</strong></span> <span class='ocrx_word' id='word_1_19' title='bbox 954 583 1124 658; x_wconf 86' lang='lat' dir='ltr'><strong>videndum,</strong></span> <span class='ocrx_word' id='word_1_20' title='bbox 1144 583 1170 645; x_wconf 90' lang='lat' dir='ltr'><strong>si</strong></span> <span class='ocrx_word' id='word_1_21' title='bbox 1188 583 1343 644; x_wconf 85' lang='lat' dir='ltr'><strong>membrana</strong></span> <span class='ocrx_word' id='word_1_22' title='bbox 1356 602 1396 642; x_wconf 86' lang='lat' dir='ltr'><strong>ex·</strong></span> 
     </span>
     <span class='ocr_line' id='line_1_4' title="bbox 321 692 1397 778; baseline -0.012 -15"><span class='ocrx_word' id='word_1_23' title='bbox 321 711 407 764; x_wconf 87' lang='lat' dir='ltr'><strong>torna</strong></span> <span class='ocrx_word' id='word_1_24' title='bbox 432 715 521 778; x_wconf 86' lang='lat' dir='ltr'><strong>qnam</strong></span> <span class='ocrx_word' id='word_1_25' title='bbox 551 693 725 756; x_wconf 88' lang='lat' dir='ltr'><strong>tenuissima</strong></span> <span class='ocrx_word' id='word_1_26' title='bbox 754 701 784 755; x_wconf 90' lang='lat' dir='ltr'><strong>et</strong></span> <span class='ocrx_word' id='word_1_27' title='bbox 814 692 995 756; x_wconf 87' lang='lat' dir='ltr'><strong>solidissima</strong></span> <span class='ocrx_word' id='word_1_28' title='bbox 1014 692 1061 768; x_wconf 88' lang='lat' dir='ltr'><strong>sit,</strong></span> <span class='ocrx_word' id='word_1_29' title='bbox 1085 692 1201 754; x_wconf 84' lang='lat' dir='ltr'><strong>interm</strong></span> <span class='ocrx_word' id='word_1_30' title='bbox 1217 697 1309 752; x_wconf 88' lang='lat' dir='ltr'><strong>autem</strong></span> <span class='ocrx_word' id='word_1_31' title='bbox 1325 709 1397 770; x_wconf 89' lang='lat' dir='ltr'><strong>quau</strong></span> 
     </span>
     <span class='ocr_line' id='line_1_5' title="bbox 321 797 1399 882; baseline -0.011 -14"><span class='ocrx_word' id='word_1_32' title='bbox 321 805 450 868; x_wconf 80' lang='lat' dir='ltr'><strong>maxime</strong></span> <span class='ocrx_word' id='word_1_33' title='bbox 467 803 594 882; x_wconf 75' lang='lat' dir='ltr'><strong>fungosa</strong></span> <span class='ocrx_word' id='word_1_34' title='bbox 611 801 671 864; x_wconf 89' lang='lat' dir='ltr'><strong>sint</strong></span> <span class='ocrx_word' id='word_1_35' title='bbox 692 807 722 862; x_wconf 92' lang='lat' dir='ltr'><strong>et</strong></span> <span class='ocrx_word' id='word_1_36' title='bbox 741 799 840 862; x_wconf 81' lang='lat' dir='ltr'><strong>irmuia</strong></span> <span class='ocrx_word' id='word_1_37' title='bbox 859 819 950 862; x_wconf 88' lang='lat' dir='ltr'><strong>carue</strong></span> <span class='ocrx_word' id='word_1_38' title='bbox 972 801 1070 864; x_wconf 93' lang='lat' dir='ltr'><strong>solida</strong></span> <span class='ocrx_word' id='word_1_39' title='bbox 1089 807 1121 862; x_wconf 88' lang='lat' dir='ltr'><strong>et</strong></span> <span class='ocrx_word' id='word_1_40' title='bbox 1140 797 1237 860; x_wconf 85' lang='lat' dir='ltr'><strong>valida</strong></span> <span class='ocrx_word' id='word_1_41' title='bbox 1258 805 1337 878; x_wconf 90' lang='lat' dir='ltr'><strong>atque</strong></span> <span class='ocrx_word' id='word_1_42' title='bbox 1358 799 1399 856; x_wconf 92' lang='lat' dir='ltr'><strong>hu·</strong></span> 
     </span>
     <span class='ocr_line' id='line_1_6' title="bbox 323 905 1400 988; baseline -0.013 -10"><span class='ocrx_word' id='word_1_43' title='bbox 323 931 408 978; x_wconf 80' lang='lat' dir='ltr'><strong>more</strong></span> <span class='ocrx_word' id='word_1_44' title='bbox 429 928 532 973; x_wconf 86' lang='lat' dir='ltr'><strong>crasso</strong></span> <span class='ocrx_word' id='word_1_45' title='bbox 562 913 592 969; x_wconf 88' lang='lat' dir='ltr'><strong>et</strong></span> <span class='ocrx_word' id='word_1_46' title='bbox 617 909 729 983; x_wconf 91' lang='lat' dir='ltr'><strong>nitido,</strong></span> <span class='ocrx_word' id='word_1_47' title='bbox 757 926 850 968; x_wconf 87' lang='lat' dir='ltr'><strong>venae</strong></span> <span class='ocrx_word' id='word_1_48' title='bbox 884 907 1013 988; x_wconf 88' lang='lat' dir='ltr'><strong>denique</strong></span> <span class='ocrx_word' id='word_1_49' title='bbox 1042 909 1079 970; x_wconf 89' lang='lat' dir='ltr'><strong>ad</strong></span> <span class='ocrx_word' id='word_1_50' title='bbox 1109 907 1217 969; x_wconf 85' lang='lat' dir='ltr'><strong>oculos</strong></span> <span class='ocrx_word' id='word_1_51' title='bbox 1245 905 1400 985; x_wconf 78' lang='lat' dir='ltr'>pertinentes</span> 
     </span>
     <span class='ocr_line' id='line_1_7' title="bbox 323 1014 1399 1097; baseline -0.01 -13"><span class='ocrx_word' id='word_1_52' title='bbox 323 1027 423 1084; x_wconf 86' lang='lat' dir='ltr'><strong>rectae</strong></span> <span class='ocrx_word' id='word_1_53' title='bbox 452 1015 646 1097; x_wconf 87' lang='lat' dir='ltr'><strong>humorisque</strong></span> <span class='ocrx_word' id='word_1_54' title='bbox 676 1021 815 1095; x_wconf 86' lang='lat' dir='ltr'><strong>expertes</strong></span> <span class='ocrx_word' id='word_1_55' title='bbox 846 1021 876 1076; x_wconf 89' lang='lat' dir='ltr'><strong>et</strong></span> <span class='ocrx_word' id='word_1_56' title='bbox 904 1015 1017 1076; x_wconf 81' lang='lat' dir='ltr'><strong>similes</strong></span> <span class='ocrx_word' id='word_1_57' title='bbox 1044 1017 1140 1096; x_wconf 75' lang='lat' dir='ltr'><strong>ligura</strong></span> <span class='ocrx_word' id='word_1_58' title='bbox 1161 1014 1326 1094; x_wconf 81' lang='lat' dir='ltr'><strong>iaragiuibus</strong></span> <span class='ocrx_word' id='word_1_59' title='bbox 1346 1031 1399 1074; x_wconf 87' lang='lat' dir='ltr'><strong>eou-</strong></span> 
     </span>
     <span class='ocr_line' id='line_1_8' title="bbox 324 1122 1401 1206; baseline -0.011 -14"><span class='ocrx_word' id='word_1_60' title='bbox 324 1127 459 1192; x_wconf 87' lang='lat' dir='ltr'><strong>iormatis</strong></span> <span class='ocrx_word' id='word_1_61' title='bbox 480 1123 547 1198; x_wconf 88' lang='lat' dir='ltr'><strong>sint,</strong></span> <span class='ocrx_word' id='word_1_62' title='bbox 568 1122 710 1204; x_wconf 87' lang='lat' dir='ltr'><strong>quoniam</strong></span> <span class='ocrx_word' id='word_1_63' title='bbox 737 1122 784 1186; x_wconf 90' lang='lat' dir='ltr'><strong>sui</strong></span> <span class='ocrx_word' id='word_1_64' title='bbox 804 1123 924 1202; x_wconf 74' lang='lat' dir='ltr'><strong>generis</strong></span> <span class='ocrx_word' id='word_1_65' title='bbox 950 1142 1000 1184; x_wconf 89' lang='lat' dir='ltr'><strong>res</strong></span> <span class='ocrx_word' id='word_1_66' title='bbox 1018 1123 1146 1184; x_wconf 82' lang='lat' dir='ltr'><strong>manime</strong></span> <span class='ocrx_word' id='word_1_67' title='bbox 1169 1122 1294 1206; x_wconf 87' lang='lat' dir='ltr'><strong>quidque</strong></span> <span class='ocrx_word' id='word_1_68' title='bbox 1311 1139 1401 1199; x_wconf 77' lang='lat' dir='ltr'><strong>eogno-</strong></span> 
     </span>
     <span class='ocr_line' id='line_1_9' title="bbox 324 1229 1398 1312; baseline -0.013 -12"><span class='ocrx_word' id='word_1_69' title='bbox 324 1243 409 1300; x_wconf 83' lang='lat' dir='ltr'><strong>scant</strong></span> <span class='ocrx_word' id='word_1_70' title='bbox 429 1229 509 1312; x_wconf 78' lang='lat'>¹⁰³).</span> <span class='ocrx_word' id='word_1_71' title='bbox 560 1230 614 1292; x_wconf 92' lang='lat' dir='ltr'><strong>llis</strong></span> <span class='ocrx_word' id='word_1_72' title='bbox 646 1229 820 1311; x_wconf 81' lang='lat' dir='ltr'><strong>philosophi</strong></span> <span class='ocrx_word' id='word_1_73' title='bbox 849 1229 1025 1292; x_wconf 80' lang='lat' dir='ltr'><strong>Abderitani</strong></span> <span class='ocrx_word' id='word_1_74' title='bbox 1057 1231 1188 1294; x_wconf 76' lang='lat' dir='ltr'><strong>decretis</strong></span> <span class='ocrx_word' id='word_1_75' title='bbox 1218 1229 1300 1309; x_wconf 90' lang='lat' dir='ltr'><strong>plura</strong></span> <span class='ocrx_word' id='word_1_76' title='bbox 1325 1229 1398 1288; x_wconf 86' lang='lat' dir='ltr'><strong>Theo</strong></span> 
     </span>
     <span class='ocr_line' id='line_1_10' title="bbox 325 1337 1402 1426; baseline -0.012 -21"><span class='ocrx_word' id='word_1_77' title='bbox 325 1345 466 1426; x_wconf 85' lang='lat' dir='ltr'><strong>phrastus</strong></span> <span class='ocrx_word' id='word_1_78' title='bbox 495 1343 669 1419; x_wconf 76' lang='lat' dir='ltr'><strong>argumenta</strong></span> <span class='ocrx_word' id='word_1_79' title='bbox 701 1338 855 1417; x_wconf 80' lang='lat' dir='ltr'><strong>opposuit</strong></span> <span class='ocrx_word' id='word_1_80' title='bbox 909 1337 956 1399; x_wconf 79' lang='lat' dir='ltr'><strong>Ac</strong></span> <span class='ocrx_word' id='word_1_81' title='bbox 991 1337 1121 1417; x_wconf 90' lang='lat' dir='ltr'><strong>primum</strong></span> <span class='ocrx_word' id='word_1_82' title='bbox 1152 1338 1270 1420; x_wconf 86' lang='lat' dir='ltr'><strong>quidem</strong></span> <span class='ocrx_word' id='word_1_83' title='bbox 1299 1337 1402 1414; x_wconf 86' lang='lat' dir='ltr'><strong>ineptan</strong></span> 
     </span>
     <span class='ocr_line' id='line_1_11' title="bbox 325 1441 1404 1528; baseline -0.013 -13"><span class='ocrx_word' id='word_1_84' title='bbox 325 1471 392 1514; x_wconf 83' lang='lat' dir='ltr'><strong>csse</strong></span> <span class='ocrx_word' id='word_1_85' title='bbox 415 1445 629 1528; x_wconf 77' lang='lat' dir='ltr'><strong>perhihet&#39;⁰⁹)</strong></span> <span class='ocrx_word' id='word_1_86' title='bbox 647 1443 783 1525; x_wconf 72' lang='lat' dir='ltr'><strong>imaginis</strong></span> <span class='ocrx_word' id='word_1_87' title='bbox 803 1444 835 1506; x_wconf 91' lang='lat' dir='ltr'><strong>in</strong></span> <span class='ocrx_word' id='word_1_88' title='bbox 854 1453 926 1508; x_wconf 72' lang='lat' dir='ltr'><strong>aere</strong></span> <span class='ocrx_word' id='word_1_89' title='bbox 938 1446 1220 1520; x_wconf 78' lang='lat' dir='ltr'><strong>conformationem,</strong></span> <span class='ocrx_word' id='word_1_90' title='bbox 1241 1465 1325 1526; x_wconf 90' lang='lat' dir='ltr'><strong>quum</strong></span> <span class='ocrx_word' id='word_1_91' title='bbox 1341 1441 1404 1524; x_wconf 88' lang='lat' dir='ltr'><strong>quod</strong></span> 
     </span>
     <span class='ocr_line' id='line_1_12' title="bbox 326 1549 1403 1636; baseline -0.014 -14"><span class='ocrx_word' id='word_1_92' title='bbox 326 1561 480 1622; x_wconf 88' lang='lat' dir='ltr'><strong>densatum</strong></span> <span class='ocrx_word' id='word_1_93' title='bbox 504 1553 542 1614; x_wconf 88' lang='lat' dir='ltr'><strong>sit</strong></span> <span class='ocrx_word' id='word_1_94' title='bbox 567 1571 689 1614; x_wconf 81' lang='lat' dir='ltr'><strong>serrare</strong></span> <span class='ocrx_word' id='word_1_95' title='bbox 715 1559 857 1632; x_wconf 84' lang='lat' dir='ltr'><strong>oporteat</strong></span> <span class='ocrx_word' id='word_1_96' title='bbox 879 1553 956 1614; x_wconf 83' lang='lat' dir='ltr'><strong>ltauc</strong></span> <span class='ocrx_word' id='word_1_97' title='bbox 978 1553 1167 1632; x_wconf 76' lang='lat' dir='ltr'><strong>densitatem,</strong></span> <span class='ocrx_word' id='word_1_98' title='bbox 1191 1574 1285 1636; x_wconf 88' lang='lat' dir='ltr'><strong>neque</strong></span> <span class='ocrx_word' id='word_1_99' title='bbox 1305 1549 1403 1622; x_wconf 82' lang='lat' dir='ltr'><strong>conteri,</strong></span> 
     </span>
     <span class='ocr_line' id='line_1_13' title="bbox 326 1655 1403 1750; baseline -0.009 -24"><span class='ocrx_word' id='word_1_100' title='bbox 326 1660 578 1750; x_wconf 88' lang='lat' dir='ltr'><strong>quemadmodum</strong></span> <span class='ocrx_word' id='word_1_101' title='bbox 609 1659 804 1722; x_wconf 83' lang='lat' dir='ltr'><strong>Democritus</strong></span> <span class='ocrx_word' id='word_1_102' title='bbox 829 1659 909 1722; x_wconf 90' lang='lat' dir='ltr'><strong>dicat</strong></span> <span class='ocrx_word' id='word_1_103' title='bbox 935 1662 1163 1747; x_wconf 82' lang='lat' dir='ltr'><strong>comparatione</strong></span> <span class='ocrx_word' id='word_1_104' title='bbox 1189 1659 1344 1742; x_wconf 88' lang='lat' dir='ltr'><strong>proposita,</strong></span> <span class='ocrx_word' id='word_1_105' title='bbox 1366 1655 1403 1716; x_wconf 84' lang='lat' dir='ltr'><strong>nti</strong></span> 
     </span>
     <span class='ocr_line' id='line_1_14' title="bbox 326 1766 1403 1852; baseline -0.009 -16"><span class='ocrx_word' id='word_1_106' title='bbox 326 1773 418 1836; x_wconf 90' lang='lat' dir='ltr'><strong>modo</strong></span> <span class='ocrx_word' id='word_1_107' title='bbox 451 1767 516 1830; x_wconf 85' lang='lat' dir='ltr'><strong>lieri</strong></span> <span class='ocrx_word' id='word_1_108' title='bbox 548 1767 805 1844; x_wconf 78' lang='lat' dir='ltr'><strong>informationem,</strong></span> <span class='ocrx_word' id='word_1_109' title='bbox 839 1768 920 1849; x_wconf 85' lang='lat' dir='ltr'><strong>quali</strong></span> <span class='ocrx_word' id='word_1_110' title='bbox 955 1769 986 1830; x_wconf 92' lang='lat' dir='ltr'><strong>in</strong></span> <span class='ocrx_word' id='word_1_111' title='bbox 1026 1789 1096 1830; x_wconf 86' lang='lat' dir='ltr'><strong>cera</strong></span> <span class='ocrx_word' id='word_1_112' title='bbox 1127 1770 1243 1852; x_wconf 89' lang='lat' dir='ltr'><strong>aliquid</strong></span> <span class='ocrx_word' id='word_1_113' title='bbox 1271 1766 1403 1847; x_wconf 77' lang='lat' dir='ltr'><strong>imprimas.</strong></span> 
     </span>
     <span class='ocr_line' id='line_1_15' title="bbox 327 1875 1404 1958; baseline -0.013 -14"><span class='ocrx_word' id='word_1_114' title='bbox 327 1879 444 1944; x_wconf 82' lang='lat' dir='ltr'><strong>Deinde</strong></span> <span class='ocrx_word' id='word_1_115' title='bbox 472 1895 510 1937; x_wconf 88' lang='lat' dir='ltr'><strong>eo</strong></span> <span class='ocrx_word' id='word_1_116' title='bbox 540 1875 657 1938; x_wconf 78' lang='lat' dir='ltr'><strong>lucilius</strong></span> <span class='ocrx_word' id='word_1_117' title='bbox 688 1875 882 1936; x_wconf 76' lang='lat' dir='ltr'><strong>simulacrum</strong></span> <span class='ocrx_word' id='word_1_118' title='bbox 908 1876 938 1936; x_wconf 90' lang='lat' dir='ltr'><strong>in</strong></span> <span class='ocrx_word' id='word_1_119' title='bbox 972 1896 1049 1958; x_wconf 86' lang='lat' dir='ltr'><strong>aqua</strong></span> <span class='ocrx_word' id='word_1_120' title='bbox 1075 1877 1211 1958; x_wconf 88' lang='lat' dir='ltr'><strong>imprimi</strong></span> <span class='ocrx_word' id='word_1_121' title='bbox 1235 1895 1333 1956; x_wconf 85' lang='lat' dir='ltr'><strong>posse,</strong></span> <span class='ocrx_word' id='word_1_122' title='bbox 1359 1889 1404 1952; x_wconf 91' lang='lat' dir='ltr'><strong>qno</strong></span> 
     </span>
     <span class='ocr_line' id='line_1_16' title="bbox 326 1981 1404 2066; baseline -0.01 -16"><span class='ocrx_word' id='word_1_123' title='bbox 326 1987 448 2050; x_wconf 85' lang='lat' dir='ltr'><strong>densior</strong></span> <span class='ocrx_word' id='word_1_124' title='bbox 479 1983 531 2058; x_wconf 86' lang='lat' dir='ltr'><strong>sit,</strong></span> <span class='ocrx_word' id='word_1_125' title='bbox 568 1981 720 2045; x_wconf 81' lang='lat' dir='ltr'><strong>difficilius</strong></span> <span class='ocrx_word' id='word_1_126' title='bbox 752 1989 851 2044; x_wconf 89' lang='lat' dir='ltr'><strong>autem</strong></span> <span class='ocrx_word' id='word_1_127' title='bbox 884 1984 983 2058; x_wconf 77' lang='lat' dir='ltr'><strong>cerari3</strong></span> <span class='ocrx_word' id='word_1_128' title='bbox 1025 1991 1056 2048; x_wconf 89' lang='lat' dir='ltr'><strong>at</strong></span> <span class='ocrx_word' id='word_1_129' title='bbox 1089 1985 1266 2066; x_wconf 83' lang='lat' dir='ltr'><strong>oportuisse</strong></span> <span class='ocrx_word' id='word_1_130' title='bbox 1305 1981 1404 2044; x_wconf 78' lang='lat' dir='ltr'><strong>facilius</strong></span> 
     </span>
     <span class='ocr_line' id='line_1_17' title="bbox 327 2087 1405 2174; baseline -0.013 -16"><span class='ocrx_word' id='word_1_131' title='bbox 327 2095 458 2158; x_wconf 90' lang='lat' dir='ltr'><strong>Omnino</strong></span> <span class='ocrx_word' id='word_1_132' title='bbox 478 2113 546 2152; x_wconf 90' lang='lat' dir='ltr'><strong>euru</strong></span> <span class='ocrx_word' id='word_1_133' title='bbox 566 2092 618 2174; x_wconf 91' lang='lat' dir='ltr'><strong>qui</strong></span> <span class='ocrx_word' id='word_1_134' title='bbox 646 2091 760 2152; x_wconf 74' lang='lat' dir='ltr'><strong>ionitae</strong></span> <span class='ocrx_word' id='word_1_135' title='bbox 781 2091 933 2152; x_wconf 82' lang='lat' dir='ltr'><strong>eihuvium</strong></span> <span class='ocrx_word' id='word_1_136' title='bbox 952 2099 1062 2154; x_wconf 84' lang='lat' dir='ltr'><strong>stahtat</strong></span> <span class='ocrx_word' id='word_1_137' title='bbox 1081 2113 1144 2154; x_wconf 95' lang='lat' dir='ltr'><strong>non</strong></span> <span class='ocrx_word' id='word_1_138' title='bbox 1169 2094 1279 2155; x_wconf 89' lang='lat' dir='ltr'><strong>dehere</strong></span> <span class='ocrx_word' id='word_1_139' title='bbox 1297 2087 1405 2168; x_wconf 72' lang='lat' dir='ltr'><strong>imagine</strong></span> 
     </span>
     <span class='ocr_line' id='line_1_18' title="bbox 327 2193 1405 2280; baseline -0.008 -15"><span class='ocrx_word' id='word_1_140' title='bbox 327 2199 597 2266; x_wconf 77' lang='lat' dir='ltr'><strong>conformationem</strong></span> <span class='ocrx_word' id='word_1_141' title='bbox 624 2216 754 2278; x_wconf 91' lang='lat' dir='ltr'><strong>ponere,</strong></span> <span class='ocrx_word' id='word_1_142' title='bbox 782 2199 851 2280; x_wconf 87' lang='lat' dir='ltr'><strong>quia</strong></span> <span class='ocrx_word' id='word_1_143' title='bbox 880 2198 945 2278; x_wconf 91' lang='lat' dir='ltr'><strong>ipsa</strong></span> <span class='ocrx_word' id='word_1_144' title='bbox 973 2199 1133 2262; x_wconf 88' lang='lat' dir='ltr'><strong>simulacra</strong></span> <span class='ocrx_word' id='word_1_145' title='bbox 1158 2201 1317 2262; x_wconf 84' lang='lat' dir='ltr'><strong>incurrant</strong></span> <span class='ocrx_word' id='word_1_146' title='bbox 1364 2193 1405 2256; x_wconf 87' lang='lat' dir='ltr'><strong>nic</strong></span> 
     </span>
     <span class='ocr_line' id='line_1_19' title="bbox 327 2305 1403 2387; baseline -0.01 -14"><span class='ocrx_word' id='word_1_147' title='bbox 327 2309 425 2374; x_wconf 85' lang='lat' dir='ltr'><strong>stetim</strong></span> <span class='ocrx_word' id='word_1_148' title='bbox 456 2307 667 2386; x_wconf 82' lang='lat' dir='ltr'><strong>Theophrasto</strong></span> <span class='ocrx_word' id='word_1_149' title='bbox 696 2305 938 2383; x_wconf 88' lang='lat' dir='ltr'><strong>respondendnm</strong></span> <span class='ocrx_word' id='word_1_150' title='bbox 958 2313 1011 2382; x_wconf 76' lang='lat' dir='ltr'><strong>est</strong></span> <span class='ocrx_word' id='word_1_151' title='bbox 1042 2308 1168 2387; x_wconf 83' lang='lat' dir='ltr'><strong>Epicuri</strong></span> <span class='ocrx_word' id='word_1_152' title='bbox 1194 2307 1265 2386; x_wconf 85' lang='lat'><strong>¹¹⁰)</strong></span> <span class='ocrx_word' id='word_1_153' title='bbox 1289 2306 1403 2367; x_wconf 87' lang='lat' dir='ltr'><strong>rationem</strong></span> 
     </span>
     <span class='ocr_line' id='line_1_20' title="bbox 327 2411 1404 2500; baseline -0.013 -22"><span class='ocrx_word' id='word_1_154' title='bbox 327 2419 377 2500; x_wconf 90' lang='lat' dir='ltr'><strong>qni</strong></span> <span class='ocrx_word' id='word_1_155' title='bbox 403 2422 474 2498; x_wconf 84' lang='lat' dir='ltr'><strong>post</strong></span> <span class='ocrx_word' id='word_1_156' title='bbox 499 2412 705 2476; x_wconf 86' lang='lat' dir='ltr'><strong>Democritum</strong></span> <span class='ocrx_word' id='word_1_157' title='bbox 733 2411 871 2491; x_wconf 84' lang='lat' dir='ltr'><strong>neglecto</strong></span> <span class='ocrx_word' id='word_1_158' title='bbox 902 2419 972 2476; x_wconf 76' lang='lat' dir='ltr'><strong>aire</strong></span> <span class='ocrx_word' id='word_1_159' title='bbox 1005 2416 1083 2477; x_wconf 88' lang='lat' dir='ltr'><strong>inter</strong></span> <span class='ocrx_word' id='word_1_160' title='bbox 1110 2414 1241 2478; x_wconf 85' lang='lat' dir='ltr'><strong>videntis</strong></span> <span class='ocrx_word' id='word_1_161' title='bbox 1270 2413 1363 2476; x_wconf 87' lang='lat' dir='ltr'><strong>oculos</strong></span> <span class='ocrx_word' id='word_1_162' title='bbox 1383 2415 1404 2467; x_wconf 90' lang='lat' dir='ltr'><strong>et</strong></span> 
     </span>
     <span class='ocr_line' id='line_1_21' title="bbox 326 2517 1404 2602; baseline -0.006 -16"><span class='ocrx_word' id='word_1_163' title='bbox 326 2545 390 2586; x_wconf 88' lang='lat' dir='ltr'><strong>rem</strong></span> <span class='ocrx_word' id='word_1_164' title='bbox 408 2524 499 2584; x_wconf 83' lang='lat' dir='ltr'><strong>visam</strong></span> <span class='ocrx_word' id='word_1_165' title='bbox 517 2521 674 2598; x_wconf 88' lang='lat' dir='ltr'><strong>interjecto</strong></span> <span class='ocrx_word' id='word_1_166' title='bbox 697 2519 763 2598; x_wconf 90' lang='lat' dir='ltr'><strong>ipsa</strong></span> <span class='ocrx_word' id='word_1_167' title='bbox 778 2519 937 2582; x_wconf 87' lang='lat' dir='ltr'><strong>simulacra</strong></span> <span class='ocrx_word' id='word_1_168' title='bbox 956 2524 994 2584; x_wconf 90' lang='lat' dir='ltr'><strong>ad</strong></span> <span class='ocrx_word' id='word_1_169' title='bbox 1013 2523 1121 2584; x_wconf 79' lang='lat' dir='ltr'><strong>catulos</strong></span> <span class='ocrx_word' id='word_1_170' title='bbox 1141 2524 1299 2602; x_wconf 80' lang='lat' dir='ltr'><strong>pervenire</strong></span> <span class='ocrx_word' id='word_1_171' title='bbox 1318 2517 1404 2588; x_wconf 89' lang='lat' dir='ltr'><strong>docuit,</strong></span> 
     </span>
     <span class='ocr_line' id='line_1_22' title="bbox 325 2626 1405 2713; baseline -0.009 -19"><span class='ocrx_word' id='word_1_172' title='bbox 325 2631 473 2711; x_wconf 84' lang='lat' dir='ltr'><strong>Leucippi</strong></span> <span class='ocrx_word' id='word_1_173' title='bbox 500 2628 648 2708; x_wconf 87' lang='lat' dir='ltr'><strong>discipulo</strong></span> <span class='ocrx_word' id='word_1_174' title='bbox 676 2626 848 2708; x_wconf 83' lang='lat' dir='ltr'><strong>rrerttiquam</strong></span> <span class='ocrx_word' id='word_1_175' title='bbox 870 2629 992 2708; x_wconf 84' lang='lat' dir='ltr'><strong>placere</strong></span> <span class='ocrx_word' id='word_1_176' title='bbox 1020 2632 1164 2712; x_wconf 86' lang='lat' dir='ltr'><strong>potuisse,</strong></span> <span class='ocrx_word' id='word_1_177' title='bbox 1202 2637 1236 2694; x_wconf 90' lang='lat' dir='ltr'><strong>ut</strong></span> <span class='ocrx_word' id='word_1_178' title='bbox 1260 2631 1307 2713; x_wconf 93' lang='lat' dir='ltr'><strong>qni</strong></span> <span class='ocrx_word' id='word_1_179' title='bbox 1333 2629 1405 2688; x_wconf 78' lang='lat' dir='ltr'><strong>tisun</strong></span> 
     </span>
     <span class='ocr_line' id='line_1_23' title="bbox 326 2733 1406 2820; baseline -0.008 -20"><span class='ocrx_word' id='word_1_180' title='bbox 326 2744 396 2800; x_wconf 81' lang='lat' dir='ltr'><strong>aiirc</strong></span> <span class='ocrx_word' id='word_1_181' title='bbox 417 2736 664 2817; x_wconf 63' lang='lat' dir='ltr'><strong>impedimentis,</strong></span> <span class='ocrx_word' id='word_1_182' title='bbox 686 2733 712 2796; x_wconf 90' lang='lat' dir='ltr'><strong>si</strong></span> <span class='ocrx_word' id='word_1_183' title='bbox 733 2734 781 2794; x_wconf 90' lang='lat' dir='ltr'><strong>hic</strong></span> <span class='ocrx_word' id='word_1_184' title='bbox 802 2735 929 2812; x_wconf 88' lang='lat' dir='ltr'><strong>abesset,</strong></span> <span class='ocrx_word' id='word_1_185' title='bbox 961 2745 1022 2798; x_wconf 92' lang='lat' dir='ltr'><strong>tnm</strong></span> <span class='ocrx_word' id='word_1_186' title='bbox 1044 2739 1164 2800; x_wconf 92' lang='lat' dir='ltr'><strong>demum</strong></span> <span class='ocrx_word' id='word_1_187' title='bbox 1187 2740 1254 2820; x_wconf 91' lang='lat' dir='ltr'><strong>ipsa</strong></span> <span class='ocrx_word' id='word_1_188' title='bbox 1273 2735 1406 2800; x_wconf 80' lang='lat' dir='ltr'><strong>simulacra</strong></span> 
     </span>
     <span class='ocr_line' id='line_1_24' title="bbox 326 2841 1432 2946; baseline -0.004 -39"><span class='ocrx_word' id='word_1_189' title='bbox 326 2847 363 2908; x_wconf 90' lang='lat' dir='ltr'><strong>ad</strong></span> <span class='ocrx_word' id='word_1_190' title='bbox 387 2864 444 2906; x_wconf 89' lang='lat' dir='ltr'><strong>nos</strong></span> <span class='ocrx_word' id='word_1_191' title='bbox 469 2848 664 2924; x_wconf 85' lang='lat' dir='ltr'><strong>penetratura</strong></span> <span class='ocrx_word' id='word_1_192' title='bbox 692 2860 760 2902; x_wconf 90' lang='lat' dir='ltr'><strong>esse</strong></span> <span class='ocrx_word' id='word_1_193' title='bbox 786 2843 990 2906; x_wconf 89' lang='lat' dir='ltr'><strong>arbitraretur.</strong></span> <span class='ocrx_word' id='word_1_194' title='bbox 1040 2846 1159 2906; x_wconf 87' lang='lat' dir='ltr'><strong>Etenim</strong></span> <span class='ocrx_word' id='word_1_195' title='bbox 1185 2841 1405 2913; x_wconf 81' lang='lat' dir='ltr'><strong>Aristotele&#39;¹&#39;)</strong></span> <span class='ocrx_word' id='word_1_196' title='bbox 1431 2851 1432 2946; x_wconf 60' lang='lat' dir='ltr'><strong>l</strong></span> 
     </span>
     <span class='ocr_line' id='line_1_25' title="bbox 328 2949 1406 3031; baseline -0.002 -19"><span class='ocrx_word' id='word_1_197' title='bbox 328 2959 403 3015; x_wconf 89' lang='lat' dir='ltr'><strong>testo</strong></span> <span class='ocrx_word' id='word_1_198' title='bbox 425 2951 619 3025; x_wconf 86' lang='lat' dir='ltr'><strong>existimabat,</strong></span> <span class='ocrx_word' id='word_1_199' title='bbox 651 2949 676 3010; x_wconf 90' lang='lat' dir='ltr'><strong>si</strong></span> <span class='ocrx_word' id='word_1_200' title='bbox 706 2967 834 3012; x_wconf 81' lang='lat' dir='ltr'><strong>vacuum</strong></span> <span class='ocrx_word' id='word_1_201' title='bbox 861 2951 947 3014; x_wconf 86' lang='lat' dir='ltr'><strong>heret</strong></span> <span class='ocrx_word' id='word_1_202' title='bbox 970 2951 1173 3028; x_wconf 87' lang='lat' dir='ltr'><strong>interjacentis</strong></span> <span class='ocrx_word' id='word_1_203' title='bbox 1194 2954 1274 3016; x_wconf 74' lang='lat' dir='ltr'><strong>airis</strong></span> <span class='ocrx_word' id='word_1_204' title='bbox 1293 2950 1406 3031; x_wconf 83' lang='lat' dir='ltr'><strong>spatium.</strong></span> 
     </span>
     <span class='ocr_line' id='line_1_26' title="bbox 327 3057 1406 3124; baseline -0.006 -3"><span class='ocrx_word' id='word_1_205' title='bbox 327 3061 393 3122; x_wconf 83' lang='lat' dir='ltr'><strong>loro</strong></span> <span class='ocrx_word' id='word_1_206' title='bbox 422 3067 456 3121; x_wconf 93' lang='lat' dir='ltr'><strong>ut</strong></span> <span class='ocrx_word' id='word_1_207' title='bbox 480 3057 527 3121; x_wconf 86' lang='lat' dir='ltr'><strong>vel</strong></span> <span class='ocrx_word' id='word_1_208' title='bbox 558 3057 713 3119; x_wconf 76' lang='lat' dir='ltr'><strong>formicam</strong></span> <span class='ocrx_word' id='word_1_209' title='bbox 743 3057 774 3118; x_wconf 92' lang='lat' dir='ltr'><strong>in</strong></span> <span class='ocrx_word' id='word_1_210' title='bbox 802 3059 892 3120; x_wconf 90' lang='lat' dir='ltr'><strong>coelo</strong></span> <span class='ocrx_word' id='word_1_211' title='bbox 920 3060 1099 3122; x_wconf 88' lang='lat' dir='ltr'><strong>videremus.</strong></span> <span class='ocrx_word' id='word_1_212' title='bbox 1148 3061 1306 3124; x_wconf 88' lang='lat' dir='ltr'><strong>Praeterea</strong></span> <span class='ocrx_word' id='word_1_213' title='bbox 1330 3059 1406 3118; x_wconf 84' lang='lat' dir='ltr'><strong>l&#39;heo·</strong></span> 
     </span>
     <span class='ocr_line' id='line_1_27' title="bbox 325 3163 1407 3248; baseline -0.005 -19"><span class='ocrx_word' id='word_1_214' title='bbox 325 3170 464 3248; x_wconf 86' lang='lat' dir='ltr'><strong>phrastus</strong></span> <span class='ocrx_word' id='word_1_215' title='bbox 476 3173 565 3246; x_wconf 77' lang='lat' dir='ltr'><strong>nogat</strong></span> <span class='ocrx_word' id='word_1_216' title='bbox 577 3164 712 3245; x_wconf 84' lang='lat' dir='ltr'><strong>imaginis</strong></span> <span class='ocrx_word' id='word_1_217' title='bbox 728 3163 930 3228; x_wconf 86' lang='lat' dir='ltr'><strong>incursionem</strong></span> <span class='ocrx_word' id='word_1_218' title='bbox 952 3167 1017 3228; x_wconf 88' lang='lat' dir='ltr'><strong>fieri</strong></span> <span class='ocrx_word' id='word_1_219' title='bbox 1036 3187 1137 3247; x_wconf 92' lang='lat' dir='ltr'><strong>posse,</strong></span> <span class='ocrx_word' id='word_1_220' title='bbox 1159 3167 1258 3230; x_wconf 88' lang='lat' dir='ltr'><strong>donec</strong></span> <span class='ocrx_word' id='word_1_221' title='bbox 1278 3169 1337 3245; x_wconf 86' lang='lat' dir='ltr'><strong>ejus</strong></span> <span class='ocrx_word' id='word_1_222' title='bbox 1353 3181 1407 3224; x_wconf 80' lang='lat' dir='ltr'><strong>oon</strong></span> 
     </span>
     <span class='ocr_line' id='line_1_28' title="bbox 325 3269 1405 3354; baseline 0 -20"><span class='ocrx_word' id='word_1_223' title='bbox 325 3274 465 3334; x_wconf 80' lang='lat' dir='ltr'><strong>formatio</strong></span> <span class='ocrx_word' id='word_1_224' title='bbox 489 3293 566 3354; x_wconf 87' lang='lat' dir='ltr'><strong>quae</strong></span> <span class='ocrx_word' id='word_1_225' title='bbox 593 3273 624 3333; x_wconf 93' lang='lat' dir='ltr'><strong>in</strong></span> <span class='ocrx_word' id='word_1_226' title='bbox 652 3277 722 3334; x_wconf 73' lang='lat' dir='ltr'><strong>aire</strong></span> <span class='ocrx_word' id='word_1_227' title='bbox 747 3273 864 3334; x_wconf 89' lang='lat' dir='ltr'><strong>accidat</strong></span> <span class='ocrx_word' id='word_1_228' title='bbox 886 3293 948 3336; x_wconf 92' lang='lat' dir='ltr'><strong>non</strong></span> <span class='ocrx_word' id='word_1_229' title='bbox 974 3275 1012 3336; x_wconf 89' lang='lat' dir='ltr'><strong>ad</strong></span> <span class='ocrx_word' id='word_1_230' title='bbox 1031 3275 1161 3337; x_wconf 90' lang='lat' dir='ltr'><strong>hominis</strong></span> <span class='ocrx_word' id='word_1_231' title='bbox 1182 3277 1300 3354; x_wconf 89' lang='lat' dir='ltr'><strong>oculos,</strong></span> <span class='ocrx_word' id='word_1_232' title='bbox 1316 3273 1362 3336; x_wconf 90' lang='lat' dir='ltr'><strong>sed</strong></span> <span class='ocrx_word' id='word_1_233' title='bbox 1378 3269 1405 3330; x_wconf 82' lang='lat' dir='ltr'><strong>td</strong></span> 
     </span>
    </p>
   </div>
   <div class='ocr_carea' id='block_1_3' title="bbox 325 3425 525 3438">
    <p class='ocr_par' dir='ltr' id='par_1_3' title="bbox 325 3425 525 3438">
     <span class='ocr_line' id='line_1_29' title="bbox 325 3425 525 3438; baseline -0.01 0"><span class='ocrx_word' id='word_1_234' title='bbox 325 3425 525 3438; x_wconf 58' lang='lat' dir='ltr'><strong>——uun———fl</strong></span> 
     </span>
    </p>
   </div>
   <div class='ocr_carea' id='block_1_4' title="bbox 319 3503 1406 4331">
    <p class='ocr_par' dir='ltr' id='par_1_4' title="bbox 396 3503 795 3570">
     <span class='ocr_line' id='line_1_30' title="bbox 396 3503 795 3570; baseline 0.005 -16"><span class='ocrx_word' id='word_1_235' title='bbox 396 3507 451 3566; x_wconf 74' lang='lat'><strong>¹⁰⁸)</strong></span> <span class='ocrx_word' id='word_1_236' title='bbox 468 3506 526 3556; x_wconf 89' lang='lat' dir='ltr'><strong>Vid.</strong></span> <span class='ocrx_word' id='word_1_237' title='bbox 546 3507 637 3570; x_wconf 77' lang='lat' dir='ltr'><strong>fragm.</strong></span> <span class='ocrx_word' id='word_1_238' title='bbox 658 3506 733 3570; x_wconf 81' lang='lat' dir='ltr'><strong>phys.</strong></span> <span class='ocrx_word' id='word_1_239' title='bbox 757 3503 795 3556; x_wconf 77' lang='lat'><strong>13.</strong></span> 
     </span>
    </p>

    <p class='ocr_par' dir='ltr' id='par_1_5' title="bbox 397 3594 798 3662">
     <span class='ocr_line' id='line_1_31' title="bbox 397 3594 798 3662; baseline 0.005 -18"><span class='ocrx_word' id='word_1_240' title='bbox 397 3597 451 3658; x_wconf 75' lang='lat'><strong>¹⁰⁹)</strong></span> <span class='ocrx_word' id='word_1_241' title='bbox 473 3597 639 3662; x_wconf 83' lang='lat' dir='ltr'><strong>l&#39;id.lrug1n.</strong></span> <span class='ocrx_word' id='word_1_242' title='bbox 661 3599 736 3662; x_wconf 75' lang='lat' dir='ltr'><strong>phys.</strong></span> <span class='ocrx_word' id='word_1_243' title='bbox 759 3594 798 3647; x_wconf 86' lang='lat' dir='ltr'><strong>tt.</strong></span> 
     </span>
    </p>

    <p class='ocr_par' dir='ltr' id='par_1_6' title="bbox 319 3683 1406 4076">
     <span class='ocr_line' id='line_1_32' title="bbox 397 3683 1406 3760; baseline 0.004 -22"><span class='ocrx_word' id='word_1_244' title='bbox 397 3689 450 3750; x_wconf 83' lang='lat'>¹¹⁰)</span> <span class='ocrx_word' id='word_1_245' title='bbox 471 3689 546 3739; x_wconf 82' lang='lat' dir='ltr'><strong>Falso</strong></span> <span class='ocrx_word' id='word_1_246' title='bbox 566 3687 801 3752; x_wconf 79' lang='lat' dir='ltr'><strong>Psetrdoplntmch.</strong></span> <span class='ocrx_word' id='word_1_247' title='bbox 828 3687 862 3736; x_wconf 89' lang='lat' dir='ltr'><strong>de</strong></span> <span class='ocrx_word' id='word_1_248' title='bbox 883 3687 950 3750; x_wconf 86' lang='lat' dir='ltr'><strong>pluo.</strong></span> <span class='ocrx_word' id='word_1_249' title='bbox 975 3689 1034 3751; x_wconf 87' lang='lat' dir='ltr'><strong>phil.</strong></span> <span class='ocrx_word' id='word_1_250' title='bbox 1056 3691 1097 3750; x_wconf 73' lang='lat' dir='ltr'><strong>tt,</strong></span> <span class='ocrx_word' id='word_1_251' title='bbox 1119 3687 1163 3740; x_wconf 77' lang='lat'><strong>¹3:</strong></span> <span class='ocrx_word' id='word_1_252' title='bbox 1206 3684 1358 3760; x_wconf 69' lang='grc' dir='ltr'><strong>Δημόκριτος</strong></span> <span class='ocrx_word' id='word_1_253' title='bbox 1374 3683 1406 3732; x_wconf 72' lang='lat' dir='ltr'><strong>²²&#39;t</strong></span> 
     </span>
     <span class='ocr_line' id='line_1_33' title="bbox 319 3761 1406 3839; baseline -0.003 -20"><span class='ocrx_word' id='word_1_254' title='bbox 319 3764 473 3838; x_wconf 73' lang='grc' dir='ltr'>Ἐπίκουρος</span> <span class='ocrx_word' id='word_1_255' title='bbox 502 3768 564 3820; x_wconf 75' lang='grc' dir='ltr'><strong>κατ’</strong></span> <span class='ocrx_word' id='word_1_256' title='bbox 588 3767 705 3821; x_wconf 70' lang='lat' dir='ltr'><strong>etenim</strong></span> <span class='ocrx_word' id='word_1_257' title='bbox 735 3765 867 3837; x_wconf 72' lang='grc' dir='ltr'><strong>εἰσκρίσεις</strong></span> <span class='ocrx_word' id='word_1_258' title='bbox 891 3761 974 3835; x_wconf 73' lang='grc' dir='ltr'><strong>ᾤοντο</strong></span> <span class='ocrx_word' id='word_1_259' title='bbox 1000 3767 1030 3818; x_wconf 84' lang='grc' dir='ltr'><strong>τὸ</strong></span> <span class='ocrx_word' id='word_1_260' title='bbox 1054 3767 1173 3839; x_wconf 73' lang='grc' dir='ltr'><strong>ὁρατικὸν</strong></span> <span class='ocrx_word' id='word_1_261' title='bbox 1192 3769 1342 3838; x_wconf 71' lang='grc' dir='ltr'><strong>συμβαίνειν.</strong></span> <span class='ocrx_word' id='word_1_262' title='bbox 1371 3767 1406 3812; x_wconf 72' lang='lat' dir='ltr'><strong>Si-</strong></span> 
     </span>
     <span class='ocr_line' id='line_1_34' title="bbox 323 3847 1405 3914; baseline -0.004 -14"><span class='ocrx_word' id='word_1_263' title='bbox 323 3851 419 3900; x_wconf 84' lang='lat' dir='ltr'><strong>militer</strong></span> <span class='ocrx_word' id='word_1_264' title='bbox 438 3851 581 3902; x_wconf 84' lang='lat' dir='ltr'><strong>Democriti</strong></span> <span class='ocrx_word' id='word_1_265' title='bbox 602 3855 629 3901; x_wconf 90' lang='lat' dir='ltr'><strong>ot</strong></span> <span class='ocrx_word' id='word_1_266' title='bbox 647 3850 753 3914; x_wconf 81' lang='lat' dir='ltr'><strong>Epicuri</strong></span> <span class='ocrx_word' id='word_1_267' title='bbox 771 3850 888 3898; x_wconf 86' lang='lat' dir='ltr'><strong>rationes</strong></span> <span class='ocrx_word' id='word_1_268' title='bbox 909 3847 1047 3898; x_wconf 78' lang='lat' dir='ltr'><strong>contundit</strong></span> <span class='ocrx_word' id='word_1_269' title='bbox 1059 3852 1127 3900; x_wconf 71' lang='lat' dir='ltr'><strong>Alex.</strong></span> <span class='ocrx_word' id='word_1_270' title='bbox 1142 3852 1257 3912; x_wconf 76' lang='lat' dir='ltr'><strong>hplnod.</strong></span> <span class='ocrx_word' id='word_1_271' title='bbox 1275 3851 1308 3900; x_wconf 90' lang='lat' dir='ltr'><strong>ad</strong></span> <span class='ocrx_word' id='word_1_272' title='bbox 1321 3848 1405 3898; x_wconf 72' lang='lat' dir='ltr'><strong>nant.</strong></span> 
     </span>
     <span class='ocr_line' id='line_1_35' title="bbox 323 3923 1405 3982; baseline -0.003 -2"><span class='ocrx_word' id='word_1_273' title='bbox 323 3932 357 3980; x_wconf 91' lang='lat' dir='ltr'><strong>de</strong></span> <span class='ocrx_word' id='word_1_274' title='bbox 375 3945 456 3981; x_wconf 75' lang='lat' dir='ltr'><strong>sereser</strong></span> <span class='ocrx_word' id='word_1_275' title='bbox 476 3933 516 3982; x_wconf 84' lang='lat' dir='ltr'><strong>tol.</strong></span> <span class='ocrx_word' id='word_1_276' title='bbox 533 3930 574 3982; x_wconf 78' lang='lat'><strong>97.</strong></span> <span class='ocrx_word' id='word_1_277' title='bbox 612 3935 754 3981; x_wconf 74' lang='lat' dir='ltr'><strong>(laetarum</strong></span> <span class='ocrx_word' id='word_1_278' title='bbox 774 3931 880 3980; x_wconf 84' lang='lat' dir='ltr'><strong>elllnvia</strong></span> <span class='ocrx_word' id='word_1_279' title='bbox 898 3931 1067 3980; x_wconf 84' lang='lat' dir='ltr'><strong>Democritus</strong></span> <span class='ocrx_word' id='word_1_280' title='bbox 1084 3927 1186 3981; x_wconf 61' lang='lat' dir='ltr'><strong>ettad«</strong></span> <span class='ocrx_word' id='word_1_281' title='bbox 1205 3933 1351 3982; x_wconf 80' lang='lat' dir='ltr'><strong>notarinarit.</strong></span> <span class='ocrx_word' id='word_1_282' title='bbox 1377 3923 1405 3972; x_wconf 74' lang='lat' dir='ltr'><strong>til.</strong></span> 
     </span>
     <span class='ocr_line' id='line_1_36' title="bbox 323 4007 743 4076; baseline -0.002 -16"><span class='ocrx_word' id='word_1_283' title='bbox 323 4011 408 4075; x_wconf 83' lang='lat' dir='ltr'><strong>Etym.</strong></span> <span class='ocrx_word' id='word_1_284' title='bbox 428 4027 514 4076; x_wconf 79' lang='lat' dir='ltr'><strong>rrrugn.</strong></span> <span class='ocrx_word' id='word_1_285' title='bbox 534 4027 555 4063; x_wconf 84' lang='lat' dir='ltr'><strong>s.</strong></span> <span class='ocrx_word' id='word_1_286' title='bbox 576 4026 599 4062; x_wconf 80' lang='lat' dir='ltr'><strong>v.</strong></span> <span class='ocrx_word' id='word_1_287' title='bbox 618 4007 743 4061; x_wconf 74' lang='lat' dir='ltr'><strong>halarico.</strong></span> 
     </span>
    </p>

    <p class='ocr_par' dir='ltr' id='par_1_7' title="bbox 320 4093 1404 4331">
     <span class='ocr_line' id='line_1_37' title="bbox 394 4093 1404 4169; baseline 0.018 -39"><span class='ocrx_word' id='word_1_288' title='bbox 394 4103 447 4165; x_wconf 79' lang='grc' dir='ltr'>ιιι)</span> <span class='ocrx_word' id='word_1_289' title='bbox 469 4105 575 4156; x_wconf 44' lang='lat' dir='ltr'><strong>pppspop·</strong></span> <span class='ocrx_word' id='word_1_290' title='bbox 594 4103 628 4153; x_wconf 57' lang='grc' dir='ltr'><strong>(ιθ</strong></span> <span class='ocrx_word' id='word_1_291' title='bbox 647 4103 725 4152; x_wconf 59' lang='lat' dir='ltr'><strong>anim,</strong></span> <span class='ocrx_word' id='word_1_292' title='bbox 747 4101 775 4161; x_wconf 86' lang='lat' dir='ltr'><strong>ll,</strong></span> <span class='ocrx_word' id='word_1_293' title='bbox 794 4099 823 4149; x_wconf 90' lang='lat'><strong>7:</strong></span> <span class='ocrx_word' id='word_1_294' title='bbox 850 4093 887 4148; x_wconf 73' lang='lat' dir='ltr'><strong>tto</strong></span> <span class='ocrx_word' id='word_1_295' title='bbox 907 4097 954 4169; x_wconf 75' lang='lat' dir='ltr'><strong>peip</strong></span> <span class='ocrx_word' id='word_1_296' title='bbox 974 4098 1062 4158; x_wconf 78' lang='grc' dir='ltr'><strong>καλῶς</strong></span> <span class='ocrx_word' id='word_1_297' title='bbox 1079 4097 1147 4168; x_wconf 71' lang='grc' dir='ltr'>λέγει</span> <span class='ocrx_word' id='word_1_298' title='bbox 1168 4107 1245 4154; x_wconf 72' lang='grc' dir='ltr'>τοῦτο</span> <span class='ocrx_word' id='word_1_299' title='bbox 1264 4097 1404 4169; x_wconf 69' lang='grc' dir='ltr'><strong>Δημόκριτος</strong></span> 
     </span>
     <span class='ocr_line' id='line_1_38' title="bbox 321 4170 1404 4251; baseline 0.004 -23"><span class='ocrx_word' id='word_1_300' title='bbox 321 4177 438 4247; x_wconf 72' lang='grc' dir='ltr'><strong>οἰόμενος</strong></span> <span class='ocrx_word' id='word_1_301' title='bbox 456 4181 478 4232; x_wconf 81' lang='lat' dir='ltr'><strong>ei</strong></span> <span class='ocrx_word' id='word_1_302' title='bbox 495 4183 593 4251; x_wconf 68' lang='lat' dir='ltr'><strong>plectro</strong></span> <span class='ocrx_word' id='word_1_303' title='bbox 615 4179 690 4232; x_wconf 72' lang='grc' dir='ltr'><strong>κενὸν</strong></span> <span class='ocrx_word' id='word_1_304' title='bbox 710 4179 740 4232; x_wconf 74' lang='grc' dir='ltr'><strong>’.ὁ</strong></span> <span class='ocrx_word' id='word_1_305' title='bbox 760 4179 867 4248; x_wconf 68' lang='grc' dir='ltr'><strong>μεταξὺ,</strong></span> <span class='ocrx_word' id='word_1_306' title='bbox 887 4176 995 4250; x_wconf 68' lang='lat' dir='ltr'><strong>dpdcliat</strong></span> <span class='ocrx_word' id='word_1_307' title='bbox 1017 4178 1047 4230; x_wconf 77' lang='lat' dir='ltr'><strong>ein</strong></span> <span class='ocrx_word' id='word_1_308' title='bbox 1067 4181 1191 4250; x_wconf 73' lang='grc' dir='ltr'><strong>ἀκριβῶς,</strong></span> <span class='ocrx_word' id='word_1_309' title='bbox 1216 4183 1260 4234; x_wconf 77' lang='grc' dir='ltr'><strong>καὶ</strong></span> <span class='ocrx_word' id='word_1_310' title='bbox 1280 4180 1300 4233; x_wconf 84' lang='lat' dir='ltr'><strong>el</strong></span> <span class='ocrx_word' id='word_1_311' title='bbox 1318 4170 1404 4248; x_wconf 68' lang='lat' dir='ltr'><strong>pipat</strong></span> 
     </span>
     <span class='ocr_line' id='line_1_39' title="bbox 320 4257 586 4331; baseline 0.015 -24"><span class='ocrx_word' id='word_1_312' title='bbox 320 4257 347 4308; x_wconf 76' lang='grc' dir='ltr'><strong>ἐν</strong></span> <span class='ocrx_word' id='word_1_313' title='bbox 362 4260 402 4326; x_wconf 73' lang='grc' dir='ltr'><strong>τῷ</strong></span> <span class='ocrx_word' id='word_1_314' title='bbox 416 4259 520 4331; x_wconf 75' lang='lat' dir='ltr'><strong>adpantpi</strong></span> <span class='ocrx_word' id='word_1_315' title='bbox 538 4259 586 4329; x_wconf 76' lang='grc' dir='ltr'><strong>εἴη.</strong></span> 
     </span>
    </p>
   </div>
   <div class='ocr_carea' id='block_1_5' title="bbox 0 0 1483 4862">
    <p class='ocr_par' dir='ltr' id='par_1_8' title="bbox 0 0 1483 4862">
     <span class='ocr_line' id='line_1_40' title="bbox 0 0 1483 4862; baseline 0 0"><span class='ocrx_word' id='word_1_316' title='bbox 0 0 1483 4862; x_wconf 95' lang='lat' dir='ltr'><strong> </strong></span> 
     </span>
    </p>
   </div>
  </div>
 </body>
</html>
