2938 4864
300 311 366 380 318
620 312 816 376 astartem
840 313 1076 370 homeritarum

301 482 378 568 πρὸς
400 477 463 560 dm,
485 481 526 545 ita
545 501 734 566 nequaquam
754 481 880 545 Palatini
901 481 977 546 Cod.
1006 483 1167 565 depravata
1187 485 1326 566 scriptura
1342 502 1375 542 ar·

301 597 443 674 guarenic
465 591 509 653 uti
529 589 633 652 debuit
646 591 847 666 Burchardus‚
870 609 932 673 qsro
957 589 1185 670 demonstraret,
1204 594 1289 656 tinem
1304 591 1377 654 nostri

301 699 460 782 fragmenti
489 719 556 762 esse
584 705 770 779 corruptum.
820 697 968 760 eirenem
992 700 1076 782 petie
1099 703 1297 783 comparativo
1315 699 1378 760 addi-

301 817 365 872 tum
384 827 476 871 sensu
506 826 610 870 carere
639 805 769 888 ideoque
797 805 957 868 delendum
986 827 1063 872 esse.
1106 811 1197 892 Quod
1219 829 1305 892 quum
1326 805 1379 868 seri·

299 918 386 981 beret
410 919 457 980 vir
478 915 679 992 doctissimus,
708 934 770 976 nou
800 921 865 977 erat
894 935 1020 992 memor,
1038 925 1073 982 ut
1088 917 1164 980 alios
1184 918 1337 997 scriptores
1351 921 1380 972 ta·

300 1045 395 1101 ceam,
422 1025 483 1088 loci
510 1023 665 1088 Homerici
691 1023 725 1086 ll.
750 1046 778 1100 a,
803 1025 880 1086 tat:
911 1027 963 1086 νῦν
989 1022 1020 1086 δ’
1053 1023 1129 1108 ἐμέο
1160 1025 1304 1110 πρότεροι
1326 1015 1379 1103 pai?

301 1131 455 1217 ἐπέγρετο,
474 1131 528 1194 καί
551 1152 604 1215 μοι
633 1128 757 1214 ἐπέστη,
785 1130 839 1194 ubi
857 1129 1006 1214 πρότερος
1026 1130 1101 1214 μάλ’
1126 1142 1174 1196 est
1194 1133 1291 1194 multo
1305 1129 1381 1211 prior,

300 1241 389 1322 plaue
410 1247 444 1302 ut
464 1239 650 1302 Democritei
671 1239 760 1320 hujus
780 1239 938 1320 fragmenti
958 1239 1035 1302 ratio
1056 1241 1200 1320 postulat.

385 1350 457 1412 999.
502 1347 604 1428 Vulgo
630 1347 678 1409 lric
704 1347 846 1410 scribitur
876 1345 908 1410 ἐν
932 1345 1135 1426 ἀπαιδεύτοις,
1164 1347 1248 1431 quod
1265 1345 1311 1408 vix
1331 1340 1383 1404 ierri

300 1461 410 1536 potest.
454 1460 557 1536 Quare
572 1457 636 1534 jam
658 1456 853 1518 Burchardus
877 1453 908 1516 ἐν
933 1455 1020 1518 uncis
1042 1455 1172 1534 inclusit,
1204 1477 1262 1538 ego
1282 1467 1383 1536 prorsus

300 1564 407 1642 delevi,
429 1565 606 1644 praesertim
628 1583 720 1646 quum
741 1571 848 1642 postea
867 1563 1044 1644 simpliciter
1066 1565 1185 1626 dicatur
1205 1565 1332 1647 νήφοντα
1349 1579 1383 1641 pe·

299 1670 436 1746 neeesse,
459 1693 536 1754 quae
555 1671 687 1752 legitima
709 1676 755 1732 est
777 1669 862 1732 verbi
886 1669 1084 1752 διαλέγεσθαι
1101 1677 1264 1735 structura.
1301 1671 1384 1749 Neque

300 1787 397 1841 tomen
419 1778 450 1840 ἐν
471 1779 726 1860 praepositionem
750 1797 767 1840 e
786 1785 869 1840 textu
892 1779 1048 1858 ejecissem
1070 1781 1101 1842 in
1125 1783 1302 1862 fragmento,
1323 1775 1383 1860 quod

298 1893 456 1949 servarunt
473 1887 624 1949 Antonius
638 1895 668 1948 et
679 1887 837 1963 Maximus,
858 1894 950 1950 testes
968 1907 1029 1950 non
1052 1891 1219 1952 admodum
1233 1887 1385 1969 locupletes,

298 1995 468 2074 graecitatis
488 2001 587 2058 autern
608 1994 692 2057 nulio
712 2017 838 2060 numero
860 1985 988 2058 habendi
1010 2003 1159 2075 auctores
1186 1999 1213 2061 si
1240 1998 1270 2058 in
1288 1989 1385 2056 codicil-

296 2103 333 2164 lis
354 2101 385 2164 ἐν
407 2101 572 2185 μεθύουσιν
595 2110 676 2166 esset
690 2105 851 2168 inventum.
894 2104 1053 2186 Expressit
1075 2106 1157 2188 haue·
1174 2103 1312 2170 voculam
1330 2099 1385 2162 Ges

296 2231 388 2274 nerus
408 2213 489 2274 hune
512 2211 542 2273 in
564 2213 688 2275 modurn
709 2213 927 2294 interpretans:
972 2214 1073 2290 „idem
1095 2213 1189 2274 dixit:
1224 2213 1296 2275 Non
1319 2209 1385 2268 decet

297 2320 419 2382 doctum
443 2321 520 2384 inter
543 2319 684 2384 indoctos
707 2321 801 2403 loqui,
829 2329 863 2384 ut
892 2339 991 2403 neque
1023 2322 1158 2384 sobrium
1180 2322 1261 2384 inter
1281 2309 1384 2382 ebrios?

380 2431 452 2492 931.
496 2429 680 2508 Scripsirnus
702 2433 780 2491 τοῖσι
802 2451 860 2511 pro
881 2433 944 2496 τοῖς
964 2435 994 2492 et
1017 2429 1132 2498 ξυνιᾶσι
1150 2450 1211 2510 pro
1235 2431 1336 2492 vitioso
1351 2421 1383 2488 ie·

295 2533 386 2612 νίασι,
409 2537 491 2617 quod
516 2537 685 2598 tolerarunt
714 2537 848 2600 Orellius
877 2545 907 2600 et
934 2537 1137 2600 Burchardus.
1180 2525 1383 2614 Prosternet

296 2642 413 2704 Orellio
438 2650 513 2706 teste
540 2645 570 2706 in
596 2647 673 2708 Cod.
694 2644 785 2706 Pelet.
814 2651 919 2723 exstat,
951 2644 1043 2726 vulgo
1066 2645 1217 2708 editiones
1238 2645 1340 2707 habent
1357 2635 1383 2696 st.

295 2753 461 2832 Utrumque
482 2752 603 2814 defendi
629 2759 739 2833 potest.
792 2754 933 2816 Extrema
955 2753 1000 2814 sie
1022 2754 1147 2831 exponit
1168 2753 1315 2814 Orellius:
1331 2742 1384 2826 „qul

294 2857 408 2921 conscii
430 2865 509 2936 sunt,
530 2859 638 2938 dignos
658 2880 692 2940 se
713 2881 789 2938 esse,
813 2863 922 2944 quibus
942 2862 1135 2923 conterantur
1152 2856 1311 2922 honores!2
1337 2850 1384 2915 Sel

292 2967 352 3028 troc
375 2967 463 3030 aliter
481 2987 591 3047 graece
610 2968 772 3032 dicendum
792 2977 865 3033 erat.
895 2969 968 3032 Mihi
987 2987 1094 3030 sensus
1113 2967 1161 3028 iric
1181 2989 1251 3030 esse
1271 2966 1383 3028 videtur:

291 3075 458 3149 „Homines
482 3077 647 3156 prudentes
667 3097 702 3138 ac
723 3075 865 3140 benevoli
893 3071 1038 3139 honorem
1059 3075 1132 3156 ipsis
1153 3077 1298 3140 tributum
1319 3079 1384 3154 greti

291 3189 391 3242 mente
413 3183 573 3262 accipiunt,
600 3184 696 3264 probe
722 3183 932 3264 intelligentes,
963 3184 1111 3262 ejusmodi
1131 3203 1198 3246 esse
1223 3184 1321 3248 omnia
1338 3182 1384 3240 ior·

291 3295 379 3350 tunae
398 3299 584 3367 munerant
605 3311 696 3354 nemo
718 3311 753 3354 ea
769 3293 840 3370 jure
863 3293 993 3375 quodam
1013 3313 1070 3355 suo
1099 3311 1230 3373 poscere
1248 3297 1345 3376 queat:
1362 3292 1383 3345 at

289 3395 372 3457 stulti
394 3401 425 3457 et
444 3397 585 3461 malevoli
615 3400 660 3480 (oi
679 3397 883 3483 κακόφρονες)
913 3400 996 3461 uuila
1022 3420 1154 3483 unquam
1184 3399 1322 3462 mercede
1339 3391 1383 3456 sibi

288 3503 472 3566 satisfactum
496 3513 636 3586 putantes
656 3508 739 3570 nullo
760 3509 877 3570 horrore
897 3527 1079 3588 magnopere
1098 3505 1277 3570 laetantur.''

364 3612 442 3673 939.
485 3614 642 3678 Edidimus
664 3613 717 3678 ὑπ’
738 3613 845 3699 ἑτέρου
870 3634 927 3696 pro
949 3613 1003 3699 ὑφ’
1029 3613 1134 3698 ἑτέρου
1156 3623 1187 3677 et
1206 3613 1258 3676 ὑπ’
1281 3605 1381 3674 ἑωυτοῦ

286 3737 344 3798 pro
368 3715 422 3802 ὑφ’
449 3718 573 3783 ἑαυτοῦ.

370 3827 442 3890 933.
484 3831 546 3892 Pro
576 3830 698 3911 vulgata
723 3830 875 3910 scriptura
893 3828 999 3911 ἡγέου,
1026 3829 1160 3892 Orellius
1190 3839 1296 3909 aptee
1318 3819 1378 3884 eod.

285 3933 376 3996 Palat.
406 3935 499 3999 edidit
524 3935 610 4019 ἠγέο.
654 3939 849 4000 Burchardus
883 3943 996 4000 mutato
1025 3945 1153 3999 accentu
1175 3937 1250 4019 ἤγεο
1279 3943 1377 4013 periens

285 4041 412 4103 iormam
432 4065 509 4125 quae
530 4053 612 4107 recte
632 4063 666 4109 se
692 4046 791 4120 habet,
817 4045 993 4107 mendosam
1011 4045 1149 4108 reddidit
1194 4043 1263 4107 Vid.
1283 4043 1375 4102 Buttn·

284 4165 407 4225 gramm.
434 4151 525 4230 ampl.
554 4153 674 4214 'iorni
703 4151 732 4236 5
759 4155 817 4215 105
844 4151 912 4213 adn.
935 4154 954 4215 8
981 4173 1012 4233 p.
1039 4153 1109 4216 501.
1157 4153 1284 4215 Sensum
1302 4145 1374 4220 hujus

283 4253 439 4330 fragmenti
458 4256 502 4317 sic
523 4257 686 4322 declaravit
701 4259 870 4322 Strothius:
886 4255 960 4320 Ἐὰν
978 4259 1019 4340 μὴ
1043 4259 1137 4344 εὕρῃς
1158 4257 1190 4321 ἐν
1212 4257 1260 4320 eoi
1280 4253 1312 4316 τὸ
1331 4247 1372 4309 til
