2956 4860
277 287 320 354 26
606 285 802 350 Quaestionum
820 284 1056 342 Democriteum

279 461 479 521 commutasse
507 453 610 518 scribit
635 453 786 532 Soranus,
812 459 911 516 umen
939 455 1056 516 numeri
1080 475 1159 540 quos
1184 457 1222 520 de
1243 477 1393 540 supremo

278 563 474 646 Hippocratis
493 583 572 626 amre
592 563 678 626 atlert
697 581 803 626 omues
830 561 1013 641 rejiciantur.

364 675 460 736 Porro
486 673 524 736 de
562 679 700 752 tempore
733 691 796 754 quo
824 669 952 734 mexirne
983 671 1159 736 inclaruerit
1188 673 1394 755 philosophus

278 779 483 846 Abderitanus
510 801 608 862 pauca
641 779 772 842 sulliciat
799 779 955 859 adiecisse.
1003 779 1118 862 Aperte
1141 782 1254 844 fallitur
1282 789 1395 844 auctor

280 889 425 954 Obrouici
457 889 610 954 Pascbalis
638 888 745 950 florem
776 887 859 951 illius
892 887 941 952 Ol.
964 891 1004 974 67
1034 909 1160 970 ponens.
1213 891 1282 952 Hoc
1309 891 1394 952 euim

280 999 342 1060 non
362 997 455 1062 modo
481 997 616 1062 omnium
643 997 844 1078 scriptorum,
873 1003 1026 1079 quotquot
1054 998 1092 1060 de
1118 998 1285 1062 Democriti
1311 1017 1394 1060 aero

280 1106 427 1189 seriptum
448 1105 562 1188 aliquid
580 1105 776 1186 reliquerunt,
802 1104 981 1166 testimoniis
1000 1112 1158 1186 repugnat,
1176 1125 1282 1168 verum
1300 1107 1395 1168 etiam

280 1214 318 1278 ab
338 1215 474 1294 ejusdem
502 1213 636 1278 auctoris
664 1213 810 1276 sententia
840 1231 931 1294 quam
961 1219 1048 1276 enim
1073 1213 1283 1294 explicuimus,
1300 1214 1395 1295 plane

281 1325 432 1399 abhorret,
452 1321 496 1384 sic
514 1327 547 1384 ut
568 1342 607 1384 ne
624 1321 745 1384 minima
764 1321 886 1403 quidem
905 1321 969 1392 veri
989 1319 1108 1402 species
1126 1322 1158 1384 in
1178 1341 1216 1384 eo
1238 1330 1395 1402 appareat
1461 1403 1462 1408 ἵ

281 1431 364 1494 idem
380 1431 580 1508 judicandum
601 1430 639 1494 de
659 1429 784 1493 Eusebii
804 1429 1047 1505 hallucinatione,
1063 1429 1128 1509 jam
1147 1429 1196 1492 Ol.
1218 1433 1269 1507 70,
1292 1433 1307 1492 l
1333 1433 1396 1492 De·
1461 1483 1462 1496 ,

281 1539 441 1600 moeritnm
468 1537 609 1602 floruisse
633 1537 786 1620 fingentis;
813 1538 885 1601 talia
911 1539 1051 1602 videlicet
1077 1557 1097 1599 a
1122 1538 1298 1614 musinante,
1331 1559 1395 1602 non

282 1646 361 1708 serie
390 1653 495 1727 agente
527 1647 619 1710 scribi
651 1651 823 1726 potuerunt.
874 1647 943 1710 Nec
967 1667 1113 1728 perquam
1139 1645 1229 1726 digus
1258 1653 1305 1708 est
1335 1648 1395 1709 tide

282 1773 360 1836 quae
377 1755 459 1834 apud
477 1755 605 1817 eundem
630 1753 741 1835 legitur
770 1755 959 1833 existimatio,
979 1756 1062 1818 eirca
1080 1756 1128 1819 Ol.
1147 1757 1197 1833 86,
1224 1753 1305 1834 1²⁰)
1335 1755 1396 1816 cla-

169 1907 174 1917 .
282 1882 350 1924 rum
373 1863 467 1926 luisse
496 1862 705 1926 Democritum
736 1869 891 1936 nostrum;
927 1870 1105 1946 sequeretur
1125 1863 1212 1940 enim,
1243 1869 1277 1924 ut
1292 1863 1395 1941 jorna

283 1976 390 2052 quarto
422 1977 452 2032 et
477 1970 621 2034 uicesimo
648 1988 727 2032 anno
754 1970 875 2033 celebre
896 1972 1049 2035 imbuisset
1078 1972 1109 2034 iu
1136 1972 1244 2034 litteris
1271 1991 1393 2034 nornen

283 2079 376 2161 Quod
402 2078 475 2142 licet
498 2097 562 2140 non
591 2097 718 2159 prorsus
744 2077 944 2160 improbabile
972 2081 1019 2158 sit,
1051 2087 1149 2144 umen
1168 2081 1199 2142 in
1224 2079 1394 2142 Democriti

282 2188 374 2250 vitam
400 2187 451 2249 vix
480 2189 622 2269 quadret,
651 2186 704 2268 qui
728 2193 763 2249 ut
781 2188 969 2269 multijugam
990 2189 1048 2251 sibi
1072 2193 1262 2269 compararet
1282 2187 1395 2249 doetri-

282 2316 361 2373 nam,
381 2295 559 2376 omnivcgus
590 2295 725 2358 eruditos
756 2295 893 2358 homines
912 2296 1033 2360 audivit
1069 2299 1227 2360 Praeterea
1244 2297 1395 2359 hariolan-
1461 2279 1462 2284 ἵ

282 2413 333 2470 tur
361 2405 382 2467 ii
412 2424 543 2487 quorum
575 2404 786 2466 auctoritatem
807 2409 973 2467 antestatur
991 2404 1125 2486 Oyrillus
1148 2407 1212 2483 jam
1235 2411 1395 2486 septuage-
1461 2459 1462 2466 ,

282 2513 359 2576 sima
385 2511 565 2594 Olympiade
602 2511 811 2574 Democritum
840 2512 935 2574 luisse
967 2512 1199 2597 (ἑβδομηκοστῇ
1224 2510 1394 2594 ὀλυμπιάδι
1461 2565 1462 2574 ,

283 2621 360 2706 <perol
389 2619 533 2703 γενέσθαι
565 2617 770 2702 Δημόκριτον)
802 2621 946 2683 referens
1000 2619 1067 2684 Nisi
1097 2621 1177 2683 euim
1205 2623 1285 2683 torte
1314 2620 1394 2682 alius
1461 2621 1462 2624 ’

283 2751 373 2812 quam
392 2728 538 2792 Abderita
566 2727 615 2791 bie
636 2726 820 2808 significatur
841 2729 1051 2806 Democritus,
1079 2744 1199 2810 turpem
1220 2747 1287 2789 esse
1310 2727 1395 2791 dicas
1461 2739 1462 2742 ’

283 2857 427 2900 emonem
462 2836 552 2899 Multi
575 2840 675 2897 autem
698 2842 821 2916 praeter
838 2837 918 2900 bunc
940 2839 1154 2919 philosophum
1174 2839 1259 2900 tuere
1280 2841 1396 2900 Demo

283 2945 361 3021 criti,
382 2944 546 3024 dequibus
568 2944 637 3006 vide
660 2963 737 3024 quae
759 2944 836 3006 inira
857 2945 1196 3026 commentabimur'¹).
1235 2944 1324 3009 Alius
1346 2947 1395 3008 hic
1461 2923 1462 2984 ]

282 3051 348 3112 tieri
377 3051 559 3114 mentionem
590 3071 679 3134 quam
703 3053 800 3115 nostri
823 3055 990 3118 Democriti
1022 3054 1134 3117 indicio
1166 3073 1234 3116 esse
1263 3055 1394 3130 videtur,

283 3159 368 3240 quod
385 3179 458 3222 mox
476 3161 514 3223 rie
539 3161 726 3242 octogesima
752 3168 837 3224 sexta
856 3162 1038 3244 Olympiade
1060 3165 1153 3243 egeris
1170 3162 1213 3224 ite
1234 3163 1394 3224 Democri·
1461 3241 1462 3244 Ἴ

283 3272 347 3329 tum
370 3275 594 3346 commemorat,
619 3275 652 3332 ut
672 3270 763 3332 addet
788 3269 804 3332 ὁ
824 3265 1016 3353 Ἀβδηρίτης,
1038 3271 1121 3352 quod
1142 3289 1256 3331 nomen
1280 3271 1393 3350 gentile

283 3373 333 3436 bie
354 3373 471 3436 omittit.
514 3377 608 3457 Quod
628 3378 779 3460 reliquum
799 3381 859 3455 est,
890 3379 1076 3460 octogesima
1101 3384 1186 3441 sexte
1210 3377 1393 3458 Olympiade

282 3481 492 3544 Democritum
517 3483 610 3546 fuisse
639 3485 820 3567 (γενέσθαι),
847 3491 882 3549 ut
907 3486 988 3550 idem
1011 3489 1101 3550 docet
1131 3486 1282 3568 OyrilluS,
1302 3507 1393 3549 uemo

283 3589 314 3652 in
336 3587 460 3651 dubium
486 3593 656 3670 vocaverit,
687 3594 837 3677 siquidem
857 3595 917 3657 hoc
937 3615 1006 3659 cum
1028 3595 1162 3659 terminis
1182 3595 1262 3657 vitae
1281 3597 1394 3657 Demo

284 3699 394 3760 eriteae
418 3715 497 3779 quos
523 3697 697 3780 pepigimus,
717 3703 866 3783 congruit.
897 3704 1013 3768 Gellius
1036 3703 1208 3786 Sophoclis,
1228 3703 1394 3782 Euripidis,

282 3803 477 3886 llippocratis
505 3811 536 3868 et
562 3809 729 3872 Democriti
753 3811 869 3889 florem,
891 3814 935 3875 uti
954 3813 1146 3876 observatum
1166 3816 1220 3890 est,
1240 3811 1279 3872 ad
1299 3809 1337 3874 A.
1359 3812 1392 3872 U.

355 4063 394 4125 ²⁰)
413 4061 479 4112 Nihil
497 4061 586 4122 refert,
604 4060 730 4114 ueriusna
749 4077 782 4115 en
802 4066 891 4116 minus
906 4078 1001 4118 uerum
1017 4068 1060 4128 att,
1082 4064 1154 4130 quod
1171 4063 1197 4114 tn
1215 4061 1272 4113 attis
1291 4061 1393 4113 editio-

284 4143 364 4196 nibus
385 4147 427 4196 est
444 4143 481 4194 Ol.
500 4139 542 4203 86,
562 4140 586 4193 2.
604 4143 647 4194 uel
664 4143 700 4195 01.
717 4141 759 4210 Str,
776 4143 799 4197 3.
821 4150 849 4198 et
864 4141 888 4196 l.

352 4271 392 4336 ²¹)
410 4271 438 4320 ln
458 4280 573 4322 excursu
593 4271 656 4333 post
672 4267 770 4322 librum
790 4271 809 4322 1.
826 4270 923 4335 posito,
