2984 4876
316 292 402 348 Liber
414 291 463 353 lll.
498 291 648 352 Democriti
668 312 779 370 operum
797 299 959 372 fragmento.
1134 301 1194 370 177

102 457 239 523 λέλειπται
259 463 318 524 τῶν
338 458 458 520 ποδῶν·
480 457 561 523 οὕτω
584 460 620 524 δὲ
641 462 692 526 καὶ
708 459 803 539 οὖτοι,
825 461 862 546 ἦν
885 464 1045 550 ἁμάρτωσι
1063 471 1118 532 τοῦ
1138 491 1192 532 πα-

100 571 188 649 πρινοδ
210 566 302 630 πἰπου
332 569 387 630 τοῦ
414 563 577 650 ἐπιμελέος
605 569 656 632 καὶ
684 570 858 654 φειδωλοῦ,
887 571 1029 657 φιλέουσι
1056 575 1193 660 διαφθεί-

101 674 203 756 ρεσθαι.
246 675 330 740 Stob.
353 674 436 738 Flor.
458 675 545 754 xvi,
571 679 619 740 17.

38 873 39 880 γ
170 811 216 872 71.
258 803 347 871 Τοῖσι
374 807 462 870 παισὶ
484 807 616 890 μάλιστα
643 809 703 894 χρὴ
725 813 785 872 τῶν
809 807 946 872 ἀνυστῶν
970 811 1136 877 δατέασθαι
1156 815 1194 881 tt

99 913 236 998 χρήματα,
264 915 317 980 καλ
344 913 409 999 ἅμα
436 913 637 1000 ἐπιμέλεσθαι
660 915 789 997 αὐτέων,
820 917 915 1000 μήτι
934 917 1046 1003 ἀτγρδν
1067 943 1096 983 τι
1119 919 1195 986 ἔωσι

100 1021 142 1086 διά
157 1025 255 1110 χειρὸς
275 1021 414 1110 ἔχοντες·
435 1021 501 1105 ἀμα
524 1023 579 1106 μὲν
599 1023 658 1108 γὰρ
680 1025 790 1108 πολλῷ
808 1022 981 1109 φειδδτεροι
1000 1027 1132 1110 γίνονται
1151 1031 1195 1101 εἰς

99 1129 130 1192 ri
147 1133 285 1217 χρήματα
307 1129 358 1194 καλ
383 1128 611 1216 προθυμότεροι
637 1132 778 1212 κτᾶσθαι,
805 1131 856 1196 καὶ
877 1131 1075 1215 ἀγωνίζονται
1101 1134 1193 1222 ἀλλή-

99 1237 179 1302 λοισι·
206 1239 237 1302 έν
264 1237 322 1324 γὰρ
350 1240 396 1323 τῷ
426 1233 505 1324 ξυνῷ
530 1238 568 1302 τά
597 1238 766 1322 τελεύμενα
794 1238 852 1303 οὐκ
879 1239 959 1324 ἀνιᾷ,
989 1241 1092 1327 ὥσπερ
1116 1243 1194 1328 ἰδίην

99 1342 159 1408 οὐδ’
176 1344 320 1430 εδθομέει
340 1345 378 1410 τὰ
399 1345 602 1430 έπιιιτώμενα,
625 1345 706 1410 ἀλλὰ
728 1349 838 1434 πολλιγῖ
858 1349 965 1433 ἧσσον.
1008 1351 1193 1419 sonorior.

97 1454 287 1533 LXXXilll,
305 1459 356 1521 25.

169 1591 217 1654 to.
262 1587 383 1674 Πατρδς
425 1585 610 1673 σωφροσύνη
647 1585 786 1671 μέγιστον
821 1585 952 1653 τέκνοισι
983 1592 1194 1677 παράγγελμα.

96 1691 169 1764 Stob.
186 1697 270 1764 Flor.
290 1699 328 1775 V,
351 1698 401 1760 ll.

367 1858 429 1933 Περὶ
448 1864 495 1914 τοῦ
523 1858 549 1913 ἀν
569 1858 714 1934 ξυμφορῇσι
734 1860 762 1914 εδ
782 1860 908 1934 φρονέειν.

165 1980 213 2044 73.
259 1975 350 2062 Μέγα
371 1977 405 2041 τὸ
431 1975 462 2040 έν
484 1973 661 2060 Ευμφορῇσι
685 1975 824 2062 φρονέειν
846 1977 867 2042 ἂ
889 1977 963 2042 δέει.
1004 1980 1089 2045 stob.
1108 1980 1192 2046 Flor.

94 2083 185 2166 ovili,
203 2091 255 2154 68.
295 2091 468 2151 Demoorot
490 2085 587 2151 Orell.
610 2104 639 2150 ιι.
661 2088 692 2151 8.

166 2223 213 2285 74.
259 2218 365 2302 Λύπιρν
395 2216 566 2282 ἀδέσποτον
594 2221 695 2304 ψυχῆς
714 2218 875 2303 ναρνώσητ
894 2217 1034 2304 λογισμῷ
1055 2217 1192 2305 ἔκκροοε.

93 2323 270 2394 spolior.
295 2328 398 2406 cvffl,
423 2329 473 2392 67.

91 2616 246 2686 litterar-nm
270 2619 366 2702 ignari
393 2624 479 2696 sunt,
509 2617 564 2681 ubi
594 2638 613 2680 ιι
635 2623 763 2698 paterno
789 2619 960 2700 diligentiae
979 2642 1016 2685 eo
1040 2622 1194 2703 parcitatis

91 2731 218 2814 exemplo
236 2727 441 2804 desciverunt,
464 2727 564 2808 perire
583 2725 691 2790 solent.

163 2865 213 2928 71.
257 2859 364 2924 Pueris
386 2858 543 2941 (singulis)
565 2859 703 2922 distribui
721 2865 844 2940 oportet
865 2878 934 2922 oum
956 2859 1029 2923 elias
1051 2881 1109 2940 res,
1131 2868 1195 2926 lum

30 2993 31 3020 ι
90 2970 222 3043 pecuniis
244 2977 388 3054 iniquam
409 2975 492 3032 reete
513 2969 662 3030 lectorum
684 2967 846 3049 (proemio)
869 2989 905 3031 ευ
926 2968 1013 3030 simul
1031 2969 1194 3032 videndum

90 3083 136 3154 est,
161 3099 198 3142 ne
221 3079 296 3164 quid
324 3080 355 3140 in
382 3078 520 3140 menibus
548 3075 685 3153 habeant,
707 3077 792 3159 quod
815 3077 977 3156 (resilias)
997 3095 1193 3158 οοτιιιιιιρυτα

89 3186 183 3260 possit.
229 3187 285 3251 Sio
308 3187 387 3248 enim
410 3183 550 3266 (singuli)
578 3184 673 3247 multo
694 3185 850 3265 parciores
871 3184 1138 3268 promptioresque
1157 3186 1195 3247 od

89 3293 296 3374 requirendum
317 3296 400 3372 liunt,
424 3313 460 3357 αα
481 3292 572 3356 simul
591 3291 670 3354 inter
690 3311 724 3356 se
744 3297 869 3355 certent
911 3293 992 3355 Nem
1013 3311 1090 3374 quoe
1112 3313 1195 3355 com-

90 3401 162 3461 muni
182 3409 285 3467 sumtu
306 3402 518 3484 expenduntur
535 3419 599 3462 non
623 3401 664 3463 ite
696 3401 825 3464 moleste
846 3407 925 3477 sunt,
947 3407 982 3463 ut
999 3419 1075 3484 quoe
1097 3401 1197 3481 prive-

89 3505 133 3569 θαι
153 3519 335 3594 erogentur:
367 3517 398 3573 et
422 3527 499 3593 quoe
524 3508 577 3588 (ab
598 3509 761 3590 universis)
789 3510 996 3594 acquiruntur,
1017 3526 1080 3572 non
1100 3527 1197 3590 oeque

88 3613 246 3680 exhilarent
273 3616 448 3700 (singulos),
470 3616 525 3679 sed
546 3615 642 3680 multo
663 3617 772 3680 minus.

163 3751 214 3814 72.
259 3749 356 3812 Petris
381 3749 578 3831 temperentia
596 3749 711 3830 optimo
730 3749 895 3813 liberorum
914 3751 1062 3814 institutio
1083 3755 1138 3812 est.

383 3906 422 3958 De
443 3907 586 3972 prudentie
610 3907 637 3958 ln
657 3907 740 3960 rebus
760 3907 890 3959 adversis.

164 4023 216 4087 73.
259 4024 401 4103 Magnum
424 4029 470 4086 est
490 4022 521 4084 in
540 4021 632 4086 rebus
651 4025 785 4087 adversis
807 4029 889 4086 recte
912 4022 1032 4085 sentire.

162 4155 215 4217 74.
257 4156 408 4219 Dolorem
435 4156 656 4220 intolerabilem
685 4157 802 4220 onimoe
832 4155 980 4237 torpentis
1010 4152 1128 4216 ratione
1148 4171 1200 4213 ex-

86 4255 184 4332 pelles.

903 4352 942 4413 12
