2932 4862
265 315 328 379 4Ιῖ
599 313 794 376 Quaestionum
815 313 1047 369 Democriteamor

266 483 388 546 vincere
419 483 500 560 licet,
534 481 642 562 partim
672 481 712 543 ita
742 480 838 558 dicta,
863 489 897 541 ut
923 501 985 542 non
1012 489 1165 561 appareat,
1194 481 1373 541 erraveritne

267 591 408 654 Clemens
432 611 471 652 an
497 611 533 653 ea
554 611 631 672 quae
652 589 772 652 aliunde
797 595 871 650 uota
895 599 966 650 sunt
986 611 1094 670 parum
1114 590 1279 669 perspicue
1300 597 1373 648 retu·
1446 623 1447 638 ι

267 699 344 761 ierit
389 699 527 781 Denique
548 699 657 778 ignoro
676 715 737 778 quo
752 697 823 774 jnre
844 695 959 758 Plinius
980 697 1054 760 llist.
1075 703 1135 759 nat.
1154 697 1190 773 ΙΙ,
1210 699 1229 757 5
1250 695 1373 774 scripse·
1446 683 1447 698 ¹

268 807 321 868 rit:
339 807 531 882 „innumeros
551 806 673 888 quidem
693 804 768 865 deos
788 803 914 865 credere
935 811 1024 886 atque
1046 804 1134 866 etiarn
1158 825 1195 866 ex
1219 803 1374 864 virtutibus

268 913 408 995 vitiisque
426 915 591 988 hominnm,
613 919 646 974 nt
670 911 857 987 Pudicitiam,
880 912 1092 988 Concordiam,
1113 914 1254 987 Mentem,
1276 912 1374 988 Spem,

268 1023 434 1096 Honorem,
456 1021 665 1095 Clementiam,
686 1020 802 1094 Fidem,
823 1025 883 1096 aut,
908 1027 942 1081 nt
961 1021 1137 1082 Democrito
1156 1018 1280 1100 placuit,
1304 1019 1376 1076 duos

270 1127 403 1204 onrrriuo,
424 1129 555 1190 Poenam
580 1135 610 1190 et
637 1128 842 1200 Beneficium,
870 1128 1015 1204 majorem
1033 1127 1071 1188 ad
1096 1127 1272 1190 socordiam
1296 1145 1376 1187 acce
1446 1169 1447 1178 ι

270 1235 339 1298 dit.’'
383 1237 430 1298 Oi.
456 1243 555 1298 tamma
577 1237 680 1316 fragm.
707 1255 790 1315 spur.
811 1237 840 1310 9,
865 1253 933 1314 pag.
953 1235 1023 1298 397.
1073 1237 1157 1297 llaec
1184 1231 1249 1296 iere
1270 1237 1377 1295 Deme

271 1343 338 1403 criti
362 1344 483 1405 inerunt
505 1343 542 1405 de
563 1343 620 1404 diis
641 1343 759 1422 placita,
789 1361 865 1423 qnae
887 1343 1008 1423 quidem
1028 1363 1066 1404 ex
1086 1344 1227 1404 universa
1250 1341 1378 1422 discipli·
1446 1339 1447 1364 ¹

269 1469 326 1512 nae
348 1451 464 1512 rotioue
489 1457 725 1532 consequuntur,
755 1449 785 1510 in
815 1449 924 1529 qnibus
952 1449 1044 1512 rnnlta
1070 1459 1148 1526 sunt,
1173 1471 1251 1531 quae
1273 1449 1377 1508 velit-nr

269 1559 438 1620 accuratius
467 1577 485 1618 a
513 1557 665 1620 veteribus
690 1577 758 1618 esse
781 1567 908 1618 narrata
958 1557 1049 1617 Nunc
1071 1558 1142 1618 milri
1166 1558 1273 1637 paucis
1295 1577 1378 1635 agen-

270 1667 343 1728 dum
364 1672 410 1728 est
432 1665 470 1726 de
491 1664 528 1725 iis
548 1684 625 1745 quae
645 1665 731 1746 quasi
750 1671 835 1726 extra
857 1663 1044 1744 disciplinam
1064 1665 1165 1744 posita
1187 1671 1266 1726 sunt„
1446 1651 1447 1656 ἵ

354 1769 550 1834 Democritus
578 1792 671 1853 quum
697 1772 838 1853 vulgares
862 1773 1049 1834 Graecorum
1080 1771 1119 1832 de
1146 1771 1202 1834 diis
1223 1772 1376 1852 opiniones

270 1881 451 1959 sprevisset,
479 1885 579 1940 tamen
612 1880 718 1941 irarum
746 1881 924 1959 opinionum
954 1879 1100 1958 originem
1132 1879 1318 1940 indicaturus
1344 1899 1375 1938 es
1446 1857 1447 1864 ἵ

269 1988 361 2048 rebus
387 1984 612 2048 admirabilibus
640 2007 717 2068 quae
744 1988 774 2048 in
794 1988 906 2050 mundo
934 1989 1009 2048 iiunt
1031 1988 1202 2068 suspicatus
1224 1998 1270 2049 est
1289 1987 1375 2048 lronri-

270 2113 325 2156 nes
351 2093 528 2174 pervenisse
556 2095 593 2154 ad
622 2094 748 2156 deornm
775 2095 939 2155 notionem.
991 2095 1136 2157 videntes
1160 2096 1249 2171 enirn,
1280 2097 1376 2176 iuquit,

270 2209 397 2279 veteres,
426 2221 504 2284 quae
535 2201 565 2262 in
589 2201 711 2264 sublimi
738 2201 895 2277 accidunt,
922 2211 955 2264 ut
986 2203 1117 2264 tonitrua
1145 2209 1176 2264 et
1207 2204 1325 2284 fulgura
1350 2215 1376 2263 et
1446 2209 1447 2294 ᾗ

272 2310 406 2386 fulmina,
427 2316 458 2371 et
475 2317 625 2372 astrorum
650 2309 757 2386 coitus,
785 2309 919 2391 solisque
939 2321 969 2374 et
989 2308 1078 2371 lunae
1100 2311 1296 2386 deiectiones,
1316 2330 1374 2390 per-
1446 2323 1447 2358 r

272 2417 471 2494 terrebantur,
491 2417 548 2478 rati
578 2420 653 2479 deos
680 2435 747 2478 esse
770 2435 877 2478 eorum
906 2424 1048 2480 auctores
1063 2419 1143 2497 ¹⁶⁰).
1192 2420 1255 2480 Sed
1279 2421 1374 2480 doctu

273 2545 340 2587 ruur
363 2525 411 2587 sui
440 2523 585 2603 temporis
612 2523 766 2585 bominum
790 2543 905 2603 paucos
930 2524 970 2586 ait
990 2525 1115 2588 sublatis
1138 2529 1169 2587 in
1187 2548 1256 2589 eunr
1283 2529 1375 2590 locum

271 2633 408 2694 manibus
435 2652 523 2714 quem
550 2638 651 2694 adrem
675 2631 879 2711 appellamus,
907 2633 1013 2693 ,lovem
1038 2653 1164 2696 vocare:
1184 2636 1285 2697 omnia
1304 2638 1375 2696 lrnnc
1446 2675 1447 2692 r

272 2743 302 2799 et
325 2737 405 2800 scire
428 2747 457 2800 et
480 2739 553 2802 dere
577 2749 607 2802 et
632 2742 752 2803 auferre
781 2759 944 2820 rerumque
969 2741 1172 2804 universitatis
1195 2763 1297 2822 regem
1316 2763 1376 2803 esse

271 2843 429 2908 credentes
446 2846 528 2926 ¹⁴⁹).
573 2853 676 2929 Quare
695 2847 724 2908 in
748 2847 923 2909 enarrandis
947 2849 1129 2912 carminibus
1150 2850 1321 2912 llonrericis
1341 2851 1376 2911 ita

274 2959 411 3016 versatus
432 2963 487 3030 est,
508 2961 541 3018 ut
560 2954 723 3035 allegorica
741 2954 988 3033 interpretatione
1008 2975 1057 3017 res
1076 2956 1192 3020 divinas
1212 2959 1375 3020 illustraret.

270 3061 378 3122 Jovern
404 3061 495 3141 igitur
514 3063 596 3125 Solis
619 3063 700 3139 loco,
721 3062 901 3124 ambrosiam
923 3082 981 3142 pro
1002 3064 1167 3143 vaporibus
1189 3067 1299 3146 quibus
1325 3065 1376 3127 Sol
1446 3077 1447 3088 ¹

271 3167 439 3230 nutriretur
473 3170 577 3232 baberi
616 3179 761 3251 oportere
800 3170 934 3231 decrevit
956 3169 1036 3250 1η).
1085 3173 1252 3234 Minervam
1284 3185 1374 3236 autern
1446 3183 1447 3216 r

271 3273 459 3353 prudentiam
491 3297 559 3340 esse
581 3279 768 3354 existimavit,
800 3271 1008 3359 Τριτογενείας
1028 3298 1137 3340 nomen
1159 3301 1177 3340 a
1203 3283 1297 3363 tribus
1318 3303 1374 3342 rnu-
1446 3327 1447 3330 ,

270 3382 393 3444 neribus
412 3385 522 3464 quibus
535 3387 695 3465 prudentia
706 3385 842 3448 homiues
855 3385 959 3446 bearet
973 3387 1094 3448 fluxisse
1107 3389 1309 3468 praecipiens*
1321 3393 1329 3420 ⁴
1339 3387 1373 3466 ³).

269 3489 324 3551 llis
346 3509 534 3573 nequaqnam
556 3495 708 3556 corrtraria
727 3500 798 3555 sunt
818 3511 895 3574 quae
914 3511 952 3553 cx
975 3494 1143 3556 Democriti
1161 3515 1256 3576 opere
1277 3497 1372 3558 nescio
1446 3527 1447 3548 ι

269 3617 331 3677 quo
344 3599 453 3660 Cicero
468 3600 476 3631 ¹
490 3599 541 3680 Ν)
561 3600 685 3682 allegat:
707 3603 878 3682 „sapienter
895 3600 1060 3662 instituisse
1081 3607 1209 3681 veteres,
1223 3615 1256 3666 ut
1272 3604 1373 3666 bostia-

346 3891 401 3956 110)
419 3894 476 3944 vid.
495 3895 589 3959 fragm.
607 3895 682 3960 phys.
702 3891 725 3945 l.

346 3983 371 4012 ¹⁴
383 3987 402 4048 ¹)
421 3987 478 4036 vid.
500 3986 591 4050 lragm.
610 4001 665 4036 var.
686 4001 786 4050 orgum.
803 3985 828 4037 5.

348 4076 403 4140 ¹⁴²)
424 4077 461 4127 Cl.
479 4079 597 4128 Eustath.
616 4078 652 4128 ad
668 4079 762 4143 odyss.
780 4079 831 4142 nn,
847 4091 904 4143 pag.
928 4074 994 4127 1713
1012 4078 1053 4128 ed.
1073 4077 1145 4128 nom.

348 4167 404 4229 Ἠ)
422 4169 481 4220 Vid.
499 4183 581 4232 supra
598 4183 658 4233 pag.
677 4167 728 4222 tta
745 4185 800 4234 seq.

347 4254 402 4317 ¹⁴⁴)
422 4258 516 4309 cicero
534 4260 568 4310 dc
584 4259 691 4311 divinat.
711 4263 730 4323 1,
748 4259 790 4311 57.
