2938 4864
382 341 468 398 Liber
484 341 534 396 lll.
575 340 646 399 Ado.
664 341 699 396 ad
716 341 795 400 Dam.
814 357 858 412 op.
875 342 970 414 irogm.
1166 343 1231 410 269

123 512 227 576 ιιιιαίαν
251 507 358 596 μικρὰν
383 507 545 593 ἐπιληψίαν
567 505 654 591 ἔλεγε
675 508 726 572 καὶ
747 507 850 593 χρόνῳ
873 506 957 594 μδνῳ
980 509 1167 576 διαλλάττειν
1180 515 1230 595 (ac

122 629 261 700 ternpore
282 625 398 682 tantum
424 618 569 698 diiierre).
619 617 702 679 Idem
731 617 882 680 Stobaeus
904 618 929 679 F
930 617 987 680 lor.
1007 620 1106 697 XVll,
1132 624 1170 686 13
1191 625 1230 686 si-

122 729 192 790 mile
211 727 286 810 quid
306 727 344 790 de
363 727 533 808 Pythagora
548 725 664 805 prodit:
687 721 871 809 Πυθαγόρας
888 725 1050 809 παρηγγύα
1072 729 1112 811 μὴ
1132 730 1232 794 πυκνὰ

122 836 173 898 τὸν
202 833 366 919 ἄνδρωιιον
392 833 453 896 dab
483 836 538 896 τοῦ
562 831 747 916 ἀνθρώπου·
780 830 820 914 μὴ
854 830 917 894 δεῖν
947 839 1084 920 συνεχῶς
1106 836 1230 922 elopodi-

124 943 238 1013 σιάζειν
262 939 470 1025 αἰνιττδμενος
488 941 507 1004 i.
528 961 556 1004 e.
581 941 768 1022 Pythagoras
789 940 945 1003 monebat:
967 961 1006 1005 ne
1025 963 1117 1025 saepe
1140 948 1231 1012 bomo

123 1053 161 1113 ab
180 1049 311 1126 bomine,
331 1051 391 1111 boc
409 1050 574 1130 aenigmate
598 1048 781 1130 (discipulis)
803 1049 950 1131 frequenti
970 1071 1071 1115 rernm
1092 1073 1233 1117 venerea-

123 1179 192 1221 rum
210 1177 269 1220 usn
291 1157 482 1219 interdicens
529 1159 675 1221 Fortasse
701 1157 739 1218 lis
762 1156 804 1219 ita
824 1160 968 1237 componi
988 1165 1097 1241 potest,
1120 1169 1153 1224 ut
1171 1165 1233 1226 De-

125 1265 271 1328 mocritus
293 1263 410 1328 dicatur
429 1266 624 1330 concubitum
641 1264 842 1347 apoplexiam,
864 1265 923 1344 alii,
941 1267 969 1328 si
988 1267 1020 1330 in
1040 1269 1117 1331 hanc
1136 1271 1234 1334 socie·

1 1361 3 1370 ’
126 1379 216 1436 tatem
231 1371 406 1435 admittendi
427 1379 513 1449 sunt,
536 1372 711 1454 epilepsiam
733 1391 868 1436 vocasse.

211 1481 261 1544 al.
304 1481 337 1541 ln
358 1481 458 1543 verbis
482 1483 524 1549 ὡς
544 1479 720 1563 mortomar
738 1479 858 1542 minime
874 1481 1097 1546 sollicitandum
1113 1493 1159 1548 est
1181 1489 1233 1564 ὡς,

127 1590 213 1668 cujus
231 1607 354 1650 sensnm
373 1594 455 1652 recte
477 1589 521 1652 sic
543 1589 693 1669 expressit
715 1587 848 1650 Orellius
873 1590 1062 1669 simulantes,
1080 1591 1236 1673 affectan-

127 1707 171 1760 tes
189 1699 287 1758 citam
306 1717 338 1758 ac
356 1697 458 1760 odisse.
504 1697 566 1758 Sed
593 1696 643 1758 bic
663 1715 736 1760 usus
753 1699 817 1775 jam
845 1715 862 1758 e
883 1697 1056 1777 vulgaribus
1079 1700 1185 1764 lexicis
1205 1709 1237 1765 et

126 1804 329 1892 grammaticis
351 1811 442 1868 notus
470 1812 525 1869 est.
573 1803 654 1866 ltlale
680 1812 810 1867 verterat
835 1807 1005 1869 Gesnerns:
1031 1808 1123 1869 stulti
1141 1829 1237 1888 quum

126 1915 225 1976 catam
245 1913 493 1990 admiracione
514 1918 619 1973 tamara
639 1912 748 1973 colunt
766 1914 873 1974 morta'r
892 1921 987 1992 metu,
1009 1915 1143 1998 quisquis
1159 1919 1260 1980 enim.

127 2019 327 2095 viverevult,
351 2021 443 2082 vitam
463 2038 525 2081 non
547 2018 621 2082 odit

214 2132 264 2193 56.
307 2127 357 2190 nd
378 2129 457 2191 bunc
477 2128 579 2190 locum
596 2127 729 2189 Orellius
749 2127 822 2190 baec
842 2129 971 2191 notavit:
993 2129 1105 2206 „Coum
1124 2133 1239 2196 Gesne-

128 2259 182 2302 rns
212 2237 302 2299 vertit
328 2236 412 2298 nobil
437 2233 612 2317 approbant
638 2232 744 2314 (οὐδὲν
769 2233 958 2316 ἁνδάνουσι).
1011 2238 1073 2300 Sed
1100 2239 1238 2303 ἁνδάνειν

128 2345 302 2410 accusativo
329 2363 481 2426 uunquam
500 2344 639 2421 junctum
674 2342 801 2425 reperiri
827 2343 909 2423 apud
942 2346 1040 2409 bonos
1065 2348 1240 2428 scriptores,

130 2455 211 2518 etin
233 2453 286 2516 illo
307 2451 491 2532 Tireognidis
507 2470 598 2513 versu
617 2453 673 2514 26:

544 2603 611 2613 —
631 2573 693 2628 etot
713 2575 761 2647 γάρ
780 2571 793 2627 δ
813 2573 879 2632 zoe

366 2651 431 2710 [idl’
454 2651 508 2708 διιιν
527 2654 626 2714 πάντας
647 2654 759 2722 ἁνδάνει,
778 2652 834 2709 οὔτ’
858 2656 961 2730 ἀνάχιιιν

130 2769 292 2852 legendnm
310 2786 378 2830 esse
386 2759 470 2828 'Ono’
496 2763 557 2828 ὕων
570 2764 714 2828 πάντεσσ’
730 2767 853 2830 ἁνδάνει
868 2774 926 2831 etc.
942 2771 1243 2836 coutraBrnnckium
1290 2761 1294 2772 ⁸

131 2885 236 2942 mouet
257 2876 439 2940 Sobaeierns
461 2875 491 2935 in
513 2875 645 2938 editione
672 2881 832 2955 poetarum
853 2875 1062 2956 guomicorum
1082 2880 1245 2943 novissima

133 3007 203 3068 pag.
224 2988 253 3049 8.
297 2990 400 3068 Quare
434 2990 463 3045 et
489 2984 517 3045 b.
537 2981 557 3044 l.
591 2981 752 3062 legendnm
774 2983 908 3046 videtur:
927 2980 1117 3068 Ἀνοήμιινες
1139 2986 1241 3050 οὐδέν’
1277 2990 1280 2996 ’

133 3099 206 3178 (pro
228 3093 346 3174 adbeel)
366 3090 540 3164 ἁνδάνουσι,
557 3091 643 3152 nulli
658 3091 896 3171 gratificantur,
908 3093 1000 3172 grati
1016 3101 1100 3170 runt,
1119 3096 1162 3156 sia
1178 3115 1246 3156 ma-

131 3205 209 3267 clam
229 3203 347 3264 lenem
369 3198 496 3264 Frende.
542 3201 587 3260 lle
611 3197 737 3262 elisione
759 3199 876 3262 litterae
899 3221 909 3259 ι
928 3201 958 3262 iu
979 3201 1079 3263 dativo
1101 3201 1246 3283 singulari

131 3312 239 3376 tertiae
257 3309 466 3372 declinationis
488 3306 557 3370 vide
570 3307 698 3370 eundem
710 3308 906 3370 Schaeicrum
919 3309 958 3370 ad
975 3310 1118 3390 Sopbool.
1135 3309 1244 3390 Oedip.

132 3419 241 3484 Colou.
265 3437 292 3479 ν.
317 3419 398 3481 1436
427 3417 561 3478 Τοιιι.11
591 3436 621 3495 p.
644 3415 737 3478 3⁸26st
779 3418 812 3480 ln
839 3418 1024 3498 Theognidis
1045 3418 1118 3480 loeo
1140 3437 1246 3498 repro-

130 3529 239 3590 bamus
263 3525 419 3589 Scbaeieri
448 3523 685 3587 emendationem
713 3524 754 3587 ob
784 3525 952 3606 malogiam'
979 3525 1064 3590 verbi
1096 3524 1246 3608 ἀρέσκειν,

133 3635 218 3719 qnod
240 3634 417 3714 saepissime
444 3632 618 3695 accusativo
635 3633 782 3712 jungitur.
824 3634 934 3716 Neque
955 3635 1034 3698 enim
1054 3634 1093 3695 ad
1112 3640 1247 3696 nostram

133 3743 290 3806 libidinem
314 3748 452 3804 veterum
480 3739 594 3821 scripta
626 3741 806 3822 corrigenda
827 3753 906 3805 suut.
943 3742 1035 3825 Quod
1053 3743 1091 3804 ad
1111 3749 1248 3804 nostrum

132 3851 235 3915 locum
257 3851 370 3926 attinet,
393 3849 494 3930 possis
516 3849 637 3930 quidem
656 3867 780 3910 exarare
808 3845 921 3910 οὐδένα
944 3848 1109 3912 ἁνδάνουσι
1128 3849 1250 3910 menelai

126 3957 314 4041 prodantur,
343 3959 398 4022 sed
421 3957 495 4020 nibil
522 3957 640 4019 felicius
671 3962 717 4020 est
745 3955 935 4020 Valckenarii
964 3957 1138 4036 conjectura
1157 3952 1247 4018 οὐδὲν

135 4064 335 4151 μανθάνουσι.

220 4175 270 4236 57.
313 4174 383 4238 lob.
403 4171 536 4238 Conrad.
557 4170 691 4235 Orellius
712 4171 852 4252 neglecta
870 4171 960 4236 codd.
981 4171 1160 4235 auctoritate
1181 4171 1247 4254 κτῆ-

133 4301 180 4352 σις
200 4281 294 4346 edidit
311 4302 370 4365 pro
392 4285 510 4367 χρῆσις.
555 4279 638 4344 ldem
666 4279 706 4344 ad
735 4281 816 4344 hrunc
837 4279 942 4345 locum
962 4281 1098 4364 scripsit:
1130 4280 1249 4359 „fauor
