2892 4872
295 307 357 374 ιω
626 305 822 370 tlaacationon
839 303 1074 394 Democriteum

294 475 386 538 rebus
408 473 517 536 divinis
537 471 685 535 sententia
712 478 774 534 tam
792 470 922 535 alienum
942 479 999 550 est,
1030 489 1119 554 qnam
1140 469 1225 554 quod
1245 470 1327 552 apud
1346 471 1405 536 ho

295 583 411 645 tonium
433 588 464 643 et
482 580 645 642 Maximum
660 577 801 642 Abderae
822 579 945 642 alumno
964 579 1107 642 tribuitur
1126 579 1180 659 (ci.
1205 579 1309 660 fragm.
1338 599 1407 660 sup-

295 691 427 770 posi.)
453 687 537 751 illud
564 695 593 748 ta
622 686 677 748 deo
701 685 833 766 εἰίρνεεεαν
859 686 992 768 afficiat,
1019 687 1049 748 εἰ
1074 681 1159 748 nahal
1176 705 1211 748 co
1239 687 1404 768 §Magnum

287 797 417 880 fecerat.
468 797 572 878 ltaque
598 795 657 856 hoc
691 794 892 874 fragmentum
916 813 986 857 cum
1013 793 1153 874 pluribus
1173 793 1240 858 aliis
1253 791 1285 874 ⁵)
1313 797 1407 858 eDe-

297 905 513 968 mocriteomm
548 901 729 982 fragminum
756 920 885 964 numero
912 901 1121 982 expunximus.
1166 903 1275 985 Neque
1314 909 1408 964 tamen

297 1031 419 1094 semper
439 1012 470 1074 in
493 1009 666 1088 rejiciendis
699 1009 855 1072 sententiis
876 1027 954 1092 quae
978 1008 1119 1072 videntur
1137 1008 1260 1078 νοθείας
1280 1011 1409 1092 speciem

298 1141 372 1202 prae
393 1139 427 1182 se
449 1119 538 1195 ferre,
563 1115 742 1197 astipulatus
769 1135 837 1180 sum
861 1117 1050 1194 Burchardo,
1072 1135 1162 1200 quern
1183 1118 1325 1180 acerrimi
1344 1137 1408 1180 cen-

299 1228 379 1292 soris
401 1229 494 1290 instar
509 1227 596 1304 justo
622 1225 727 1305 plures
754 1225 835 1288 tribu
858 1224 1000 1300 movisse,
1020 1231 1051 1286 et
1071 1225 1155 1307 quod
1174 1226 1305 1288 maxime
1325 1225 1406 1286 mire-

299 1335 351 1413 ris,
373 1333 430 1397 sibi
453 1352 493 1396 ue
519 1333 689 1396 constitisse
717 1332 839 1414 quidem
860 1331 892 1394 in
918 1331 974 1394 illo
998 1333 1123 1412 negotio
1141 1333 1406 1397 animadvertimus

299 1443 440 1524 Namque
469 1441 563 1503 verba
589 1440 640 1502 illa
665 1459 743 1521 quae
772 1439 915 1519 leguntur
936 1459 984 1519 ap.
1012 1439 1124 1504 hoton.
1152 1448 1183 1503 et
1209 1443 1292 1504 Max.
1314 1462 1344 1522 p.
1361 1443 1407 1517 tl,

283 1569 347 1636 ap.
369 1548 463 1612 Orell.
481 1569 510 1610 n.
533 1551 605 1622 197,
625 1567 763 1630 quaeque
783 1569 801 1607 a
823 1546 912 1609 nobis
932 1545 963 1607 in
980 1547 1154 1627 spuriorum
1175 1549 1407 1629 {tegmentomn

300 1657 405 1719 ordine
432 1659 476 1736 (n.
499 1659 534 1736 9)
564 1655 664 1736 posits
684 1660 764 1732 sunt,
784 1675 814 1735 p.
838 1656 878 1717 10
902 1659 937 1716 ut
963 1655 1126 1734 genuinam
1151 1655 1329 1738 philosophi
1348 1676 1408 1719 sen·

300 1763 422 1826 tentiam
441 1764 552 1838 citavit,
571 1782 640 1843 pag.
665 1765 705 1825 55
728 1763 807 1825 inter
826 1761 1033 1843 supposititias
1053 1763 1177 1844 recepit
1214 1765 1281 1828 Sed
1301 1766 1338 1828 de
1351 1766 1405 1833 hac

299 1871 423 1934 materia
448 1869 572 1932 uberius
600 1867 728 1949 singulis
762 1868 840 1931 locis
867 1869 991 1950 egimus.
1042 1870 1135 1934 Nunc
1157 1871 1196 1934 de
1222 1874 1406 1949 Democratc,

305 1977 511 2042 commentitio
533 1977 729 2059 philosopho,
750 1995 847 2057 pauca
868 1977 995 2040 dicenda
1019 1986 1097 2042 sunt

659 2161 701 2212 DE
721 2159 1051 2214 Psnnnonnuocnhro.
1127 2207 1131 2214 .

385 2263 419 2324 ln
443 2261 581 2344 pluribus
609 2261 793 2323 membranis
815 2281 894 2343 qnae
914 2267 1052 2325 veterum
1072 2263 1320 2345 philosophorum
1341 2283 1404 2325 sen-

301 2373 410 2433 tentias
434 2389 471 2432 ex
490 2369 581 2432 variis
603 2388 709 2431 eorum
729 2368 874 2448 operibus
894 2369 1039 2432 collectas
1067 2370 1230 2451 continent,
1257 2372 1404 2454 repe-riun-

301 2483 352 2539 tur
376 2477 569 2539 Democratis
605 2477 762 2557 cujusdam
793 2477 958 2541 sententiae
987 2497 1097 2541 aureae
1123 2477 1259 2562 (γνῶμαι
1284 2481 1403 2566 χρυσαῖ)

303 2603 431 2647 numero
455 2583 611 2665 octoginta
632 2603 695 2661 sex,
723 2603 799 2665 quas
822 2604 890 2646 cum
910 2584 977 2648 aliis
999 2586 1154 2666 opusculis
1177 2583 1403 2664 sentensiosis⁴)

304 2692 420 2770 primus
442 2693 556 2755 Romae
578 2710 658 2753 anno
679 2692 760 2756 1638
778 2697 877 2756 Lucas
899 2692 1074 2756 Holstenius
1094 2694 1195 2758 edidit.
1237 2698 1285 2758 De
1305 2695 1349 2757 his
1368 2693 1404 2753 ita

303 2798 343 2860 ad
359 2802 505 2861 Lectores
523 2799 691 2879 praefatur:
715 2801 925 2877 „Democratis
942 2807 1078 2879 aetatem,
1104 2803 1232 2883 patriam
1256 2811 1286 2866 et
1304 2807 1404 2866 sectam

303 2903 525 2968 vetustissimus
553 2906 654 2969 ionici
683 2909 833 2971 sermonis
864 2909 1019 2971 character
1050 2910 1189 2974 ostendit.
1238 2911 1310 2990 Ejus
1334 2908 1403 2969 dicta

185 2997 208 3037 *⁸
302 3017 332 3072 et
352 3013 514 3074 sententias
540 3013 702 3076 nonnullas
727 3015 879 3078 Stobaens
904 3022 934 3078 et
958 3015 1108 3079 Antonius
1136 3018 1304 3098 proferunt,
1331 3011 1403 3095 apud

300 3111 379 3199 qnos
400 3119 522 3199 saepius
545 3141 615 3184 cum
626 3123 802 3186 Democrito
821 3121 1013 3184 librariorum
1032 3123 1181 3204 imperitia
1202 3123 1401 3188 confunditur:

302 3245 435 3305 quorum
460 3246 548 3290 error
568 3229 698 3292 intanta
721 3248 822 3292 rerum
843 3230 1032 3311 mutiquarum
1055 3231 1245 3312 ignoratione
1266 3232 1344 3294 haud
1367 3229 1402 3288 la·

302 3331 361 3393 cile
393 3335 545 3397 emendari
577 3344 686 3418 potest
741 3336 919 3401 Plutarchus
950 3357 1073 3422 quoque
1103 3339 1135 3400 in
1163 3339 1299 3402 Politicis
1326 3352 1402 3418 prae

303 3438 400 3518 ceptis
425 3442 617 3508 Democratis
649 3445 808 3524 cujusdam
828 3446 973 3520 meminit,
1001 3445 1052 3528 qui
1080 3445 1111 3507 in
1127 3445 1303 3509 Atheniensi
1325 3461 1403 3524 repn-

302 3543 383 3607 blica
404 3551 581 3614 versabatur
609 3553 690 3615 circa
711 3553 921 3634 Olympiadem
943 3555 1012 3632 CX,
1031 3573 1129 3635 neque
1151 3553 1189 3615 ab
1208 3555 1267 3616 hoc
1286 3555 1402 3614 tortasse

301 3650 438 3715 diversus
459 3663 505 3718 est
526 3661 586 3739 illc,
615 3680 705 3743 quern
730 3661 767 3722 ab
789 3661 925 3742 Epicuro
948 3661 989 3724 ob
1007 3661 1103 3723 libros
1130 3661 1341 3741 transscriptos
1360 3674 1403 3717 cx·

370 3839 392 3902 ¹)
413 3841 512 3894 Similia
530 3847 594 3895 sunt
612 3847 681 3896 inter
707 3845 856 3910 fragmenta
881 3843 1054 3909 supposititia
1077 3843 1310 3908 quadragesimum
1327 3839 1401 3904 quin-

300 3923 357 3969 tum
374 3921 425 3984 (ap.
444 3921 541 3974 Anton.
568 3929 595 3976 ot
621 3927 688 3976 Max.
712 3939 738 3988 p.
755 3921 830 3988 mn:
870 3919 928 3994 Θεῷ
959 3919 1050 3990 ὅμοιον
1071 3921 1127 3994 Ιχει
1145 3919 1158 3973 b
1178 3917 1313 3992 ἅνθρωπος
1330 3915 1357 3967 τὸ
1375 3909 1399 3963 εὖ

298 4001 390 4064 ποιεῖν,
404 3997 464 4054 ὅταν
484 3999 514 4054 τὸ
536 4002 564 4056 εἴν
583 4007 665 4057 ποιεῖν
678 4005 714 4076 μὴ
735 4000 923 4072 respiciantur,
942 4003 987 4054 xci
1004 3999 1034 4054 rb
1054 4000 1192 4074 εὐεργετεῖν
1212 4002 1257 4052 καὶ
1276 3992 1399 4066 ἀληθεύειν

299 4083 326 4130 et
355 4084 590 4148 quadragesimum
617 4091 722 4137 sextum
751 4087 910 4144 (Democrat.
935 4085 1011 4135 Orell.
1038 4097 1065 4134 n.
1092 4081 1135 4145 80)
1157 4077 1208 4133 Ἢν
1234 4076 1335 4147 storrip
1358 4088 1398 4134 τις,

297 4153 374 4217 θεοὺς
392 4160 568 4215 ἐπετεοντεὺεεν
589 4167 683 4223 πάντα,
701 4160 760 4216 οὔτε
781 4161 865 4235 λάθρη
887 4159 947 4215 οὔτε
967 4166 1086 4234 φανερῶς
1106 4161 1287 4234 ἁμαρτήσεται.

365 4241 388 4306 ⁴)
408 4243 464 4296 vid
480 4245 582 4298 Fabric.
596 4247 660 4298 [tibi.
681 4247 772 4297 Graec.
792 4240 802 4297 1
824 4259 849 4310 p.
866 4241 918 4296 808
936 4245 977 4296 od.
999 4243 1070 4297 Harl.
