2984 4876
365 296 449 355 Liber
465 298 513 356 ill.
548 299 701 358 ltenoeuiti
717 317 828 373 oporam
848 303 1010 376 fragmenta.
1180 305 1245 374 903

215 467 287 530 941.
321 461 425 549 Ἦμος
453 463 488 529 δὲ
519 470 690 552 crepon-ipae
720 467 922 554 ἀπεπτοίησεν
953 470 1090 557 ὀνείρους
1118 473 1243 558 ὁῆλιυς

131 570 295 659 ἀνασχών,
331 575 382 636 καὶ
414 573 554 659 καθάπερ
591 576 635 644 είς
672 575 764 640 ταθτδ
802 577 951 663 συμμίξας
986 578 1155 667 ἐπέστρεψε
1190 581 1242 646 καὶ

131 681 315 765 συνώρμησε
334 685 379 767 τῷ
398 683 477 766 φωτὶ
497 682 552 752 τὰς
571 683 695 768 πράξεις
714 686 766 748 καὶ
785 682 840 754 τὰς
860 685 983 769 νοήσεις
1007 686 1060 757 τὰς
1088 689 1240 770 ἁπάντων,

131 788 175 857 ὥς
196 811 272 873 φησι
296 787 495 876 Δημόκριτος,
517 790 573 855 νέα
595 789 648 877 ἐφ’
669 791 771 878 ἡμέρη
793 791 974 879 στρέφοντες
997 792 1165 880 ἅνθρωποι,
1186 799 1240 882 τὴν

129 896 206 981 πρὸς
229 896 385 981 ἀλλήλους
413 899 509 982 ὁρμὴν
537 898 677 985 καθάπερ
709 901 867 986 ἀρτύματα
888 899 1038 971 συντόνως
1063 905 1240 983 ποθοῦντες,

130 1001 226 1072 ἄλλος
264 1003 439 1092 ἀλλαχόθεν
468 1005 518 1070 ἐπὶ
555 1005 609 1076 τάς
637 1009 760 1093 πράξεις
791 1009 972 1073 ἀνίστανται.
1022 1010 1173 1076 Plutarch.
1201 1014 1240 1077 de

129 1113 250 1177 occulte
274 1113 332 1177 viv.
354 1135 384 1194 p.
407 1117 488 1179 1199
511 1115 585 1200 (vol.
604 1117 637 1178 X
657 1137 724 1198 pag.
746 1120 807 1181 649
828 1137 911 1202 seqq.
934 1119 980 1182 ed.
1000 1119 1117 1201 Reisk.)

213 1246 285 1308 949.
328 1243 397 1332 Χρὴ
425 1250 477 1332 τὴν
509 1249 563 1333 μὲν
593 1248 752 1336 εὐσέβειαν
784 1253 926 1334 φανερῶς
948 1248 1168 1331 ἐνδείκνυσθαι,
1189 1254 1243 1337 τῆς
1305 1269 1307 1272 ·

129 1350 165 1414 δὲ
185 1349 333 1435 ἀληθείας
352 1353 548 1440 θαρρούντως
565 1357 777 1443 προίστασθαι.
821 1357 933 1422 Anton.
955 1379 985 1440 p.
1007 1360 1079 1423 935.

213 1486 285 1548 943.
329 1483 460 1550 Ξείνοισι
485 1489 648 1571 μεταδίδου
671 1490 722 1554 καὶ
749 1493 827 1552 τοῖσι
848 1488 1023 1573 δεομένοισι
1040 1488 1075 1553 ἐκ
1093 1491 1153 1552 τῶν
1177 1488 1240 1554 ἐόν·

128 1613 204 1656 των·
232 1593 249 1657 δ
279 1591 336 1678 γὰρ
367 1595 409 1678 μὴ
432 1595 534 1666 διδους
566 1597 704 1683 δεομένῳ
725 1595 800 1660 οὐδὲ
820 1595 912 1665 αὐτὸς
933 1597 1064 1682 λήψεται
1086 1595 1241 1682 δεόμενος.

127 1700 240 1766 Auton.
261 1709 292 1766 et
311 1703 390 1766 Max.
413 1724 444 1784 p.
466 1705 538 1768 795.

210 1837 282 1898 944.
327 1831 431 1920 Τεῖχος
451 1836 502 1900 καὶ
523 1835 633 1908 ἔπειξις
656 1836 779 1902 ἀπέστω
798 1841 853 1901 τοῦ
875 1837 1004 1902 ἐσθίειν·
1027 1835 1163 1904 κυνῶδες
1182 1835 1240 1922 γὰρ

129 1943 219 2004 τοῦτο
250 1942 301 2006 καί
327 1941 427 2029 θηρίῳ
452 1947 567 2030 μᾶλλον
591 1946 610 2030 ἢ
632 1945 788 2032 ἀνθρώπῳ
807 1944 933 2031 πρέπον.
976 1947 1088 2010 Aulon.
1111 1951 1141 2010 et
1162 1947 1241 2009 Max.

128 2070 196 2132 pag.
217 2051 289 2116 999.
1327 2069 1331 2078 ·

212 2185 283 2246 945.
327 2181 470 2267 Ποθητδς
501 2181 579 2248 είναι
612 2187 728 2269 μᾶλλον
761 2187 782 2270 ἢ
818 2187 953 2271 φοβερὸς
979 2184 1057 2250 κατὰ
1090 2186 1143 2250 τδν
1175 2185 1240 2273 βίον

73 2329 75 2336 ν
127 2295 289 2374 προαιροῦ,
314 2289 347 2354 δν
367 2291 424 2377 γὰρ
448 2292 557 2362 πάντες
584 2295 761 2379 φοβοῦνται,
793 2295 908 2364 πάντας
939 2294 1090 2378 φοβεῖται.
1128 2293 1239 2358 Antou.

13 2407 19 2444 ¹·
126 2419 157 2481 p.
180 2401 251 2462 517.
294 2401 374 2466 Max.
397 2421 427 2481 p.
451 2403 522 2465 549.

213 2633 287 2695 941.
329 2631 445 2696 Verum
468 2631 521 2696 ubi
545 2632 593 2696 sol
617 2633 719 2696 oriens
743 2632 889 2714 iungentia
917 2633 1033 2695 somnia
1061 2631 1175 2712 abegit,
1209 2639 1241 2696 et

126 2745 271 2824 tanquam
292 2739 323 2802 in
348 2759 443 2804 unum
470 2741 670 2805 commiscens
698 2741 846 2804 convertit
871 2747 903 2804 et
924 2739 1064 2803 excitavit
1091 2758 1152 2802 una
1170 2759 1240 2803 oum

127 2845 197 2910 lucc
216 2849 350 2912 omnium
371 2849 506 2912 actiones
524 2849 799 2932 cogitationesque:
820 2855 901 2926 tunc,
923 2853 958 2914 ut
974 2848 1016 2909 ait
1035 2846 1239 2924 Democritus,

128 2973 208 3018 nova
228 2957 328 3020 statim
354 2957 393 3020 ab
420 2957 504 3022 initio
533 2959 592 3021 diei
618 2958 718 3021 animo
750 2956 906 3020 volventes
936 2956 1083 3038 homines,
1118 2959 1240 3016 mutuos

127 3069 255 3127 conatus
291 3065 377 3128 velut
418 3066 609 3130 condimenta
644 3065 791 3150 quaedam
828 3065 1021 3128 vehementer
1053 3067 1242 3144 appetentes,

126 3169 205 3234 alius
227 3170 349 3235 aliunde
370 3173 409 3236 ed
430 3193 480 3238 res
501 3174 632 3255 egeam
653 3191 721 3237 sese
740 3172 909 3237 conferunt

214 3304 286 3367 949.
327 3307 427 3370 Pietas
451 3305 551 3387 palam
574 3305 763 3384 declaranda,
782 3303 894 3366 veritas
916 3308 1017 3366 antem
1046 3301 1119 3366 lorti
1139 3301 1240 3365 animo

13 3467 21 3488 ,
129 3408 319 3475 defendenda
338 3420 394 3477 est.

214 3545 286 3608 943.
328 3545 499 3626 Peregrinis
527 3545 679 3629 impertire
706 3549 736 3609 et
765 3543 922 3625 egentibus
950 3530 988 3605 ex
1019 3539 1056 3604 iis
1082 3559 1160 3625 quae
1188 3539 1240 3602 ad-

130 3659 214 3714 sunt:
235 3653 287 3736 qui
307 3653 387 3717 enim
408 3654 552 3736 indigenti
572 3673 635 3719 non
650 3652 776 3732 dederit,
787 3670 826 3715 ne
841 3653 908 3734 ipse
929 3649 1060 3736 quidem,
1079 3647 1238 3734 siquando

130 3768 224 3840 egeat,
245 3762 381 3844 accipiet.

216 3894 288 3956 944.
332 3895 480 3958 celeritas
509 3901 540 3958 et
568 3893 719 3957 festinatio
752 3892 896 3956 absinta
930 3885 1128 3954 comedendo.
1173 3887 1243 3949 Hoc

133 3999 210 4062 euim
231 4001 371 4067 ominum
391 4010 447 4083 est,
466 4010 496 4065 et
512 4002 632 4066 belluae
649 4000 792 4066 convenit
810 3998 905 4082 magis
928 4015 1018 4080 qnam
1038 3991 1160 4057 homini.

215 4133 287 4196 945.
328 4135 364 4198 ld
384 4141 497 4216 specta,
518 4141 553 4198 ut
570 4135 620 4198 alii
645 4133 741 4215 magis
764 4139 795 4196 te
824 4127 1049 4198 desiderantia
1072 4125 1134 4190 vita
1154 4143 1244 4210 quam

134 4245 280 4306 metuant:
302 4262 392 4326 quem
414 4243 618 4308 enimomnes
639 4249 786 4318 metuunt,
807 4241 888 4306 idem
906 4256 1013 4305 omnes
1034 4233 1149 4302 metuit
