2956 4860
294 289 338 358 32
618 282 814 346 Quaestionum
838 283 1075 340 Ιδειιιοοτὶιειτιιοι

295 459 327 522 in
348 459 501 520 Marmore
520 451 610 516 Pario
623 447 675 532 ³⁷)
696 457 727 514 et
745 449 828 532 apud
848 447 1108 533 Plutarchum⁴⁰)
1136 453 1189 536 qni
1214 456 1255 538 τῇ
1274 452 1402 539 ἑβδόμη,

295 565 400 650 inquit,
433 560 591 640 φθίνοντος
617 559 698 638 (soil
731 555 976 642 Θαργηλιῶνος)
1009 559 1080 642 περὶ
1105 557 1142 642 ἣν
1172 560 1261 624 δοκεῖ
1288 561 1340 622 καὶ
1368 561 1400 624 τδ

289 671 382 738 Ἴλιον
405 669 534 746 ἁλῶναι,
556 669 599 735 ῶς
617 662 755 750 Ἔφορος
778 666 829 728 καὶ
853 661 1066 749 Καλλισθένης
1094 665 1145 730 καὶ
1166 668 1332 752 Δαμάστης
1351 669 1401 731 καὶ

295 779 462 863 Φύλαρχος
482 774 683 860 ἱστορήκασιν.
715 775 849 837 Octavus
875 773 958 855 apud
981 772 1225 855 Dionysium⁴¹)
1247 775 1299 859 qni
1316 777 1401 840 llium

295 890 427 953 deletum
453 885 526 949 dicit
553 883 755 950 τελευτῶντος
778 879 838 965 ἤδη
872 884 927 944 τοδ
955 879 1047 968 ἔαρος
1081 883 1136 967 (ite
1159 883 1237 945 bene
1267 884 1402 966 Scaliger

294 1019 352 1082 pro
370 994 494 1080 δέρους)
518 988 723 1056 ἑπτακαίδεκα
743 987 891 1074 πρότερον
913 988 1045 1074 ἡμέραις
1066 993 1119 1074 τῆς
1140 989 1263 1075 θερινῆς
1281 995 1401 1075 τροπῇς,

295 1105 391 1188 δγδόη
432 1101 592 1188 φθίνοντος
630 1095 865 1180 Θαργηλιῶνος,
900 1099 944 1166 ῶς
969 1094 1134 1181 Ἀθηναῖοι
1168 1097 1239 1167 τοὺς
1272 1098 1403 1184 χρόνους
1471 1183 1472 1192 ¹

294 1211 420 1296 ἄγουσι·
451 1207 587 1292 περιτταὶ
608 1206 642 1270 δὲ
664 1205 743 1287 ἦσαν
768 1205 800 1268 αἱ
817 1205 868 1268 τδν
893 1202 1029 1268 ἐνιαυτὸν
1052 1204 1167 1268 ἐκεῖνον
1192 1206 1402 1289 ἐκπληροῦσαι
1471 1217 1472 1244 i

295 1319 372 1406 μετὰ
388 1319 441 1402 τὴν
463 1316 577 1401 τροπὴν
599 1311 710 1376 εἴκοσιν
731 1310 856 1396 ἡμέραι.
890 1313 983 1396 Quod
1003 1314 1162 1376 discrimen
1183 1315 1228 1378 sic
1250 1315 1403 1396 explicen-

294 1429 366 1490 dum
379 1424 432 1506 ⁴⁸)
452 1431 506 1502 est,
535 1430 570 1488 ut
596 1422 732 1507 quemvis
757 1427 864 1484 notum
890 1427 1091 1505 testatumque
1120 1422 1166 1499 sit,
1189 1423 1326 1486 Graecos
1343 1443 1402 1505 pro

293 1535 353 1598 diei
371 1534 456 1597 initio
482 1530 557 1596 solis
584 1550 727 1594 occasum
755 1529 847 1610 vulgo
875 1529 1025 1608 habuisse,
1054 1541 1153 1592 tamen
1173 1531 1250 1594 alios
1272 1539 1403 1613 tempus,
1470 1543 1471 1546 ’

292 1663 354 1725 qno
374 1641 475 1705 lucent
492 1639 541 1703 sol
558 1638 748 1720 potissimum
765 1644 945 1718 spectantes,
960 1637 1040 1700 diem
1060 1659 1080 1701 τι
1100 1638 1174 1702 solis
1192 1646 1264 1703 ortu
1282 1641 1404 1704 demum

292 1749 465 1831 auspicatos
494 1767 561 1810 esse
583 1767 750 1823 sumemus,
776 1746 818 1808 ite
845 1751 879 1808 ut
901 1746 1006 1808 eedem
1025 1765 1088 1809 nox
1106 1753 1136 1808 et
1156 1747 1196 1808 ed
1215 1745 1349 1833 ἑβδόμην
1372 1757 1403 1812 et

291 1859 331 1921 ed
365 1855 476 1939 δγδόην
504 1853 663 1940 ρδίνοντος
692 1853 910 1937 Θαργηλιῶνος
939 1854 1048 1916 reterri
1072 1861 1186 1934 posset
1239 1857 1337 1921 Ροιτο
1370 1858 1402 1920 in

290 1984 384 2048 parve
404 1963 496 2026 iliade
508 1961 559 2042 Η)
582 1963 621 2025 de
643 1969 781 2044 tempore
801 1961 882 2044 cepti
902 1961 948 2026 llii
967 1962 1113 2044 scriptum
1131 1970 1209 2026 eret:

374 2069 437 2141 Νὺξ
462 2069 515 2152 μὲν
539 2066 591 2153 ἔην
621 2069 755 2154 μεσάτα,
777 2068 903 2154 λαμπρὰ
923 2066 953 2131 δ’
977 2067 1121 2132 ἐπέτελλε
1144 2071 1267 2150 σελάνα,
1290 2074 1402 2154 quibus

289 2180 391 2244 verbis
410 2177 589 2258 jungendus·
613 2177 811 2242 Callisthenes
837 2174 972 2262 δευτέρῳ
990 2172 1179 2260 Ἑλληνικῶν
1194 2179 1255 2260 ⁴⁴).
1290 2177 1400 2246 Ἑάλω

291 2288 326 2352 δὲ
347 2287 367 2372 ἡ
388 2283 485 2370 Τροία
505 2284 722 2370 Θαργηλιῶνος
746 2283 848 2368 μηνός,
863 2287 905 2353 ὡς
924 2283 978 2369 μέν
1000 2307 1076 2354 τινες
1097 2285 1254 2369 ἱστορικῶν
1278 2297 1297 2372 η·
1319 2289 1400 2352 ἱστα-

291 2393 395 2481 μένου,
423 2396 467 2462 ὡς
492 2392 527 2456 δὲ
555 2393 646 2476 ότην
675 2392 781 2477 μικρὰν
799 2389 917 2460 Ἰλιάδα
939 2393 1097 2478 (ποιήσας)
1120 2396 1202 2478 τῇή
1229 2395 1400 2478 φθίνοντος.

291 2501 416 2586 διορίζει
435 2499 491 2585 γὰρ
513 2498 605 2568 αδτδς
623 2501 676 2586 τὴν
700 2500 826 2580 ἅλωσιν,
855 2501 981 2586 φάσκων
1007 2502 1159 2587 συμβῆναι
1181 2501 1250 2566 τότε
1270 2503 1322 2586 τὴν
1348 2527 1400 2567 κα·
1468 2483 1471 2580 l

288 2611 428 2696 τάληψιν,
441 2608 532 2692 ιἠνέκα
552 2606 603 2680 riti
624 2609 678 2692 μὲν
699 2607 751 2692 ἔην
767 2610 894 2692 μεσάτα,
907 2607 1033 2694 λαμπρὰ
1053 2607 1082 2672 δ’
1104 2606 1250 2673 ἐπέτελλε
1265 2613 1399 2675 σελάνα·

289 2716 483 2801 μεσονύκτιος
511 2715 545 2780 δὲ
575 2714 667 2799 μόνον
696 2726 733 2800 τη
758 2715 854 2800 ὀγδόη
878 2717 1039 2801 φθίνοντος
1060 2716 1237 2794 Ιοἰνατέλλει.
1284 2722 1328 2781 De
1353 2741 1400 2784 re-
1469 2685 1470 2746 ό

287 2827 378 2909 liquis
398 2826 477 2890 loeis
511 2826 562 2908 qui
582 2824 619 2887 eb
644 2825 690 2888 his
718 2825 891 2905 discrepent
917 2826 987 2888 vide
1016 2827 1150 2890 Boecklr.
1173 2827 1233 2890 ll
1283 2830 1400 2893 Verum

288 2933 403 3015 siquis
424 2933 582 3015 diligenter
610 2933 685 2994 haee
710 2933 810 2996 omnin
836 2933 1048 3014 pensitaverit,
1075 2954 1137 2998 non
1158 2935 1246 2998 aliter
1263 2957 1327 3000 rem
1349 2959 1400 3000 ex-

287 3041 383 3122 pediri
411 3060 504 3120 posse
533 3040 691 3122 intelliget,
722 3061 811 3123 quem
840 3061 859 3102 ο
886 3041 1083 3104 celeberrimo
1108 3045 1265 3108 Boeckhio
1294 3047 1399 3128 expla—
1467 3021 1468 3079 ό

286 3153 356 3210 neta
376 3154 430 3224 est,
457 3149 508 3231 qui
529 3150 683 3231 quomodo
707 3148 872 3230 Dionysius
897 3149 1047 3213 calculum
1073 3151 1261 3232 subduxerit,
1281 3157 1396 3237 optime
1466 3151 1467 3245 γ

286 3255 508 3318 demonstravit
533 3256 637 3339 ltaque
650 3265 847 3340 nuncpetere
869 3259 1024 3338 existimo,
1043 3267 1077 3324 ut
1099 3260 1230 3325 breviter
1249 3283 1312 3325 rem
1334 3283 1396 3326 non
1465 3315 1466 3338 ,

1334 3393 1395 3435 am·
1465 3339 1466 3412 l

210 3659 214 3667 -
348 3629 501 3763 ³;2)7Mnrm.
525 3631 582 3683 Per.
601 3633 672 3698 npud
694 3635 807 3688 Boeckh.
827 3639 855 3689 V.
883 3639 918 3690 Cl.
939 3639 1017 3704 corp,
1037 3640 1119 3691 lnscr.
1142 3641 1215 3692 Tom.
1234 3644 1256 3694 ll
1287 3643 1360 3696 lese.
1383 3643 1394 3694 1

304 3727 344 3764 e.
413 3747 421 3761 .

284 3726 394 3868 pgtoj
414 3801 544 3854 Plutarch.
565 3803 663 3860 camin.
683 3821 705 3860 e.
728 3807 767 3861 19.
783 3810 856 3860 Tem.
875 3813 884 3862 1
902 3824 961 3876 pag.
974 3807 1025 3862 537
1045 3809 1086 3861 ed.
1103 3811 1187 3862 lteisk.

318 3913 322 3922 ·
353 3895 394 3960 ⁴¹)
415 3895 523 3959 Dionys.
541 3897 712 3965 Archaeotog.
734 3903 751 3962 1,
769 3898 803 3952 63
820 3917 846 3967 ρ.
865 3900 898 3953 51
925 3901 966 3955 ed.
982 3901 1104 3968 Sytburg.

352 3985 393 4049 Η)
411 3985 477 4038 Vide
496 3987 611 4041 Boecih.
628 3991 643 4043 l.
663 3993 677 4044 Ι.
696 4008 721 4057 p.
740 3989 797 4044 329.

351 4077 390 4142 η)
410 4076 523 4130 testibus
535 4081 671 4134 Clemente
688 4087 785 4136 strom.
795 4086 813 4135 1.
831 4098 856 4148 p.
874 4082 924 4136 321
946 4089 973 4136 et
989 4085 1085 4138 Euseb.
1097 4085 1190 4151 Prnep.
1208 4089 1338 4154 evnng.X‚
1349 4085 1392 4138 12
1459 4109 1461 4245 γ

353 4169 394 4233 “)
416 4170 528 4222 Callisth.
553 4170 621 4226 δευτ.
647 4169 721 4226 ‘Fan
746 4189 787 4241 ορ.
810 4177 895 4229 schol.
921 4177 1009 4242 Eurip.
1037 4179 1100 4231 Ηυυ.
1127 4179 1229 4232 editum
1253 4195 1268 4232 e
1296 4179 1393 4246 scalig.

281 4243 439 4321 Συναγωγῆς
456 4265 481 4315 p.
502 4249 562 4310 376.
