2938 4864
301 288 365 362 314
644 291 840 358 Quaestionum
860 289 1093 346 Damocritum

301 459 480 524 maticorurn
501 461 532 523 in
555 462 601 524 his
625 462 716 524 rebus
734 459 900 522 auotoritas
918 464 974 522 aot
1018 455 1090 520 Pius
1108 458 1191 538 apud
1214 475 1259 518 me
1275 452 1386 516 Pseudo-

302 567 478 648 pintarchus
499 567 580 630 valet
600 569 652 650 qui
678 569 717 630 de
741 567 818 648 piac.
838 566 911 648 phil.
932 567 985 644 IV,
1007 568 1062 630 192
1096 560 1286 646 Ἐπίκουρος,
1305 561 1389 641 inqui,

302 672 355 754 τὴν
378 675 483 760 φωνὴν
514 662 591 738 σθαι
620 675 719 760 ῥεῦμα
748 672 979 756 ἐκπεμπόμενον
1007 671 1069 735 ἀπό
1091 677 1151 735 τῶν
1180 666 1390 756 passimoni,

301 779 473 864 ἠχούντων,
502 783 521 866 ἦ
552 781 734 868 ψοφούντων
797 777 896 844 Τοῦτο
927 780 962 842 δέ
988 780 1022 842 τὺ
1054 779 1155 864 ρεῖμα
1183 779 1226 846 εἰς
1251 773 1391 858 όμυιοσγή·

304 908 384 970 μονα
416 887 606 973 θρύπτεσθαι
640 888 835 972 θραύσματα.
885 883 1144 972 εΟμοιοαριήμονα
1173 887 1209 948 δὲ
1238 883 1347 966 λέγεται
1367 879 1393 940 τό

303 994 473 1078 στρογγύλα
509 1000 573 1065 τοῖς
604 993 813 1081 στρογγύλοις,
853 994 905 1058 καλ
943 992 1080 1078 σκαληνὰ
1113 994 1165 1058 καὶ
1201 991 1326 1077 τρίγωνα
1349 991 1394 1053 τοῖς

305 1099 509 1184 ὁμοιογενέσι.
549 1099 674 1168 Τούτων
696 1103 724 1166 δ’
750 1101 956 1187 ἐμπιπτόντων
978 1106 1044 1170 ταῖς
1071 1101 1182 1168 ἀκοαῖς
1204 1096 1394 1162 ἀποτελεῖσθαι

302 1207 356 1289 τὴν
378 1206 519 1294 αἴσθησιν
540 1216 594 1296 τῆς
616 1215 731 1296 φωνῆς.
773 1210 914 1294 Φανερὸν
945 1209 980 1272 δὲ
1000 1211 1089 1272 τοῦτο
1111 1207 1253 1290 γίνεσθαι
1277 1205 1331 1268 ἀπὸ
1350 1207 1393 1263 τῶν

304 1311 408 1378 ἀσκῶν
440 1315 607 1402 ἐκρεόντων
634 1319 684 1382 καὶ
713 1323 774 1381 τῶν
799 1317 1002 1402 ἑκφοσώντων
1031 1313 1176 1401 κναφέων
1200 1319 1263 1382 τοῖς
1282 1311 1393 1394 ἱματίοις.

304 1417 494 1504 Δημόκριτος
523 1426 574 1489 καὶ
602 1426 653 1490 τὸν
683 1423 761 1509 ἀέρα
791 1425 881 1510 φησὶν
910 1425 954 1493 εἰς
976 1423 1214 1509 ὁμοιοσχήμονα
1234 1417 1395 1504 θρύπτεσθαι

304 1528 450 1609 σώματα·
475 1531 726 1618 (ὁμοιοσχήμονα
747 1534 782 1596 δὲ
803 1531 924 1615 λέγεται
944 1530 981 1594 τὰ
1002 1531 1173 1615 στρογγύλα
1194 1533 1259 1596 τοῖς
1281 1521 1393 1610 στρογγύ·

303 1632 383 1713 hore)
407 1636 458 1698 καλ
482 1640 748 1722 συγκαλινδεῖσθαι
769 1641 831 1708 τοῖς
845 1638 879 1702 ἐκ
900 1643 955 1721 τῆς
978 1643 1083 1722 φωνῆς
1103 1637 1292 1722 θραύσμασι.
1315 1638 1394 1715 Quare

301 1761 395 1822 quum
426 1745 638 1829 πυκνουμένου
666 1750 721 1810 τού
752 1745 844 1832 ἀέρος
876 1747 957 1828 apud
986 1747 1231 1826 Theophrastum
1256 1762 1315 1806 non
1341 1738 1394 1801 satis

303 1859 419 1914 certum
445 1873 513 1916 esse
544 1855 693 1932 viderem,
726 1861 760 1918 ut
787 1855 917 1918 aliorum
946 1855 1131 1935 scriptorum
1153 1850 1332 1916 testimoniis
1350 1863 1395 1907 non

301 1961 520 2040 confirmatum,
545 1983 562 2026 e
588 1963 800 2044 Papenconltii
827 1964 1003 2041 corrjectnra
1025 1961 1104 2022 edidi
1126 1957 1336 2042 θρυπτομένου
1355 1955 1393 2014 mi

304 2063 404 2149 ἀέρος,
432 2071 515 2152 quod
541 2091 609 2134 cum
639 2070 911 2151 Pseudoplutarohi
941 2068 1132 2150 expositione
1153 2067 1305 2147 cong‘rnit.
1339 2065 1394 2124 Cae

301 2175 444 2258 teroquin
469 2179 668 2259 astipulamur
696 2179 873 2242 Burchardo
905 2179 987 2258 apud
1013 2175 1143 2238 Gellium
1169 2196 1229 2256 pro
1251 2175 1342 2260 ’ρεῡμα
1359 2165 1392 2230 λό·

299 2299 363 2361 γων
385 2284 564 2350 rescribenti
590 2285 690 2369 ῥεῦμα
712 2284 846 2368 ἀτόμων.
897 2286 1059 2348 Praetereo
1078 2290 1232 2360 notamus,
1251 2281 1337 2344 verba
1355 2297 1393 2337 rr·

302 2389 481 2472 ραπλησῖως
505 2396 591 2454 ποιεῖ
610 2395 673 2460 τοῖς
699 2391 806 2460 ἀλλοις
831 2393 914 2473 apud
937 2393 1180 2472 Theophrastum
1200 2389 1279 2452 verti
1298 2385 1392 2470 quiden

299 2515 393 2577 posse
414 2500 557 2562 scinditer
577 2507 669 2580 atque
686 2507 808 2562 enema
828 2501 945 2582 definit,
968 2519 1060 2582 quum
1075 2497 1242 2560 Aristotele
1258 2497 1353 2576 judice
1366 2491 1391 2550 dt

301 2623 380 2669 sens.
412 2615 442 2670 et
471 2607 571 2670 sensit.
598 2627 664 2686 cop.
687 2609 706 2668 ό
730 2627 767 2668 ex
790 2608 923 2690 quinque
945 2607 1092 2676 sensibus
1105 2624 1215 2668 revera
1234 2625 1322 2667 unum
1340 2600 1393 2662 eiic-

300 2714 376 2775 cerit
401 2716 610 2790 Democritus,
634 2714 688 2776 sed
718 2721 815 2776 tamen
843 2722 971 2796 propter
1004 2701 1160 2797 sequentia
1190 2733 1248 2776 nos
1275 2708 1391 2774 munisse

300 2821 341 2883 ita
368 2833 401 2884 nt
428 2823 555 2886 fecimus
584 2823 784 2902 interpretari.
835 2823 973 2903 Denique
1003 2822 1033 2882 in
1060 2819 1161 2882 verbis
1198 2817 1277 2882 κατὰ
1301 2815 1348 2900 μὲν
1367 2810 1391 2870 τό

302 2927 379 2991 ἀλλο
402 2933 493 3012 σῶμα
515 2929 571 2992 οὐκ
595 2928 807 3002 αἰσθάνεσθαι,
835 2927 932 3010 ,ταύτῃ
961 2928 995 2989 δὲ
1017 2926 1109 3012 μόνον
1129 2947 1192 2990 που
1216 2929 1323 2990 dicitnr
1340 2938 1391 3002 pas·

301 3037 364 3100 sive
386 3035 600 3112 αἰσθάνεσθαι,
627 3057 806 3120 quamquam
833 3037 875 3098 ita
898 3042 931 3100 ut
953 3043 1141 3098 verteremus
1162 3036 1248 3098 latini
1267 3026 1391 3097 sermonis

299 3145 377 3206 ratio
397 3164 454 3207 nos
480 3146 595 3228 coegit,
624 3147 678 3207 seri
703 3145 836 3226 eiliptica
858 3149 905 3205 est
934 3144 1050 3221 oratic,
1079 3144 1130 3206 cui
1155 3145 1195 3205 ad
1217 3141 1390 3220 integritatem

299 3250 373 3312 nihil
394 3258 514 3331 praeter
534 3254 722 3332 pronominis
741 3252 887 3315 indefiniti
909 3252 1114 3314 accusativum
1137 3251 1203 3314 τινὰ
1225 3251 1314 3312 deest
1347 3242 1391 3302 Cn·

295 3359 348 3436 jus
375 3360 564 3440 pronominis
593 3361 857 3441 praetermissione
883 3360 1011 3422 maxime
1041 3360 1091 3422 ubi
1119 3358 1316 3421 nominativus
1338 3347 1390 3413 snb·

294 3467 370 3547 jecti
392 3467 440 3528 vel
460 3469 649 3531 accusativus
672 3469 835 3549 requiritur
861 3467 1008 3529 infinitivo
1039 3466 1195 3528 addendus
1223 3464 1294 3527 nihil
1312 3463 1338 3521 in
1354 3472 1390 3514 tt·

299 3583 397 3638 terum
418 3573 502 3638 tibris
525 3577 712 3657 frequentius
734 3583 789 3638 est.
833 3577 903 3638 Vid.
925 3577 1086 3636 iiernrann.
1114 3575 1185 3637 diss.
1208 3568 1389 3649 declines

299 3683 402 3764 pleon.
432 3683 546 3764 Opusc.
575 3684 693 3761 Tomi,
721 3707 751 3765 p.
778 3685 847 3747 154.
891 3682 995 3746 Sirnile
1026 3681 1196 3760 exemptum
1222 3665 1388 3758 insequenti

219 3853 221 3856 .
299 3793 467 3873 fragmento
486 3793 648 3856 infinitivus
672 3789 793 3854 ἀκούειν
815 3791 947 3872 praebet.

384 3903 431 3962 17.
474 3901 562 3962 Initio
592 3899 795 3963 Schneidenrs
826 3919 884 3980 pro
918 3897 999 3962 ούτω
1034 3897 1083 3959 καὶ
1122 3895 1206 3962 ἐντός
1233 3899 1311 3957 certa
1333 3901 1385 3947 con·

295 4009 414 4086 jectura
433 4010 572 4089 reposuit
594 4007 675 4070 ούτω
700 4009 740 4090 τῇ
758 4004 840 4091 ἀκοῇ
861 4005 954 4073 ἐντός.
1004 4007 1065 4068 Pro
1091 4007 1133 4071 ὡς
1157 3991 1285 4086 μάλιστα
1303 3994 1386 4070 ἔνικμα

298 4115 418 4176 minime
441 4116 565 4178 dubium
587 4122 643 4194 est,
661 4115 734 4196 quin
753 4114 813 4195 legi
842 4121 984 4194 oporteat
1005 4133 1072 4175 curn
1092 4114 1169 4174 Cori.
1190 4102 1339 4174 parisiensi
1356 4099 1384 4156 rit

301 4223 431 4300 μάλιστα
454 4221 575 4305 ἀνικμα.
619 4225 717 4286 Porro
743 4219 871 4304 εύτρητα
895 4219 972 4284 κατὰ
995 4220 1029 4283 δὲ
1049 4220 1125 4282 bene
1146 4219 1269 4284 mutavit
1288 4201 1385 4278 Schnei-
