2956 4860
241 299 283 364 44
572 293 768 358 Quaestionum
786 293 1022 349 Damocritum

241 465 337 549 gratia
361 483 394 528 se
422 459 586 554 contulisse
612 465 703 542 atque
721 459 761 520 ad
788 457 958 522 Chaldaeos
985 464 1016 520 et
1040 457 1072 520 in
1091 457 1247 521 Persidem
1266 462 1297 518 et
1318 457 1361 517 ad

242 575 368 636 rubrum
389 591 471 634 mare
492 569 664 651 proiectum
685 585 760 628 esse.
798 565 882 628 Idem
901 564 1004 644 prodit
1031 566 1125 629 hrisse
1145 566 1198 648 qni
1220 563 1359 645 philoso-

241 683 334 763 phum
365 699 434 744 cum
459 675 603 740 ludorum
627 672 893 756 Gymnosophistis
923 674 1140 737 commercium
1166 672 1308 735 habuisse
1329 678 1361 733 et

243 788 274 848 iu
304 786 497 867 Aethiopiam
532 781 723 846 contendisse
758 786 969 842 memorarent.
1027 781 1141 843 Eadem
1177 783 1243 843 iere
1276 780 1359 859 apud

242 890 478 973 Aelianum³³)‚
495 888 693 970 Suidam³⁴),
715 888 897 968 Hesychium
921 887 1137 969 blilesium³⁵)
1166 894 1198 952 et
1219 888 1360 950 Clemen-

242 997 366 1080 toust)
388 999 537 1082 leguntur.
579 1001 719 1080 Magnam
745 996 836 1060 Asiae
856 1001 973 1078 partem
1000 995 1150 1060 Nostrum
1178 1015 1361 1078 peragrasse

205 1181 210 1194 h
243 1179 447 1195 ψ

243 1298 305 1362 quia
331 1297 456 1349 Chaldaei
481 1310 535 1348 non
562 1296 676 1347 tuissent
701 1295 726 1343 in
755 1293 879 1357 Persida,
910 1293 959 1344 sed
983 1294 1010 1344 in
1026 1291 1181 1358 Babylonio,
1206 1295 1257 1344 uiri
1284 1293 1362 1344 docti

244 1379 379 1441 corrigere
406 1378 556 1428 votuerunt.
596 1377 634 1426 hc
660 1375 816 1426 Perizonius
845 1374 961 1439 quidem,
988 1377 1019 1426 ut
1044 1375 1166 1438 diximus,
1193 1377 1294 1426 inserto
1315 1372 1363 1423 οιαὶ

245 1457 318 1522 apud
334 1459 469 1508 Laertium
488 1455 570 1508 scribi
591 1457 672 1520 jussit
692 1453 738 1505 καί
760 1451 824 1524 spic
842 1448 989 1511 Χαλδαίους
1010 1453 1055 1504 οιαὶ
1071 1451 1106 1512 είς
1123 1453 1170 1524 τὴν
1189 1450 1313 1524 ίίεροίδα,
1335 1457 1363 1504 et

246 1538 318 1602 apud
336 1537 445 1589 suidam
465 1538 561 1588 Portus
582 1536 724 1602 legandum
745 1549 805 1588 esse
828 1536 934 1587 censuit
954 1532 999 1585 καὶ
1016 1529 1158 1586 Χαλδαίων
1176 1535 1222 1585 καὶ
1241 1529 1362 1603 ίίεροῶν.

244 1619 397 1670 Perizonius
423 1618 534 1680 dubitet,
557 1631 590 1668 an
617 1616 713 1667 Suidas
738 1617 828 1680 potius
852 1617 910 1680 ipsa
938 1617 1077 1667 erraverit
1119 1616 1195 1667 Idem
1216 1619 1246 1666 ut
1262 1615 1362 1664 Laertii

245 1697 335 1750 uerbis
355 1698 509 1749 addendum
529 1697 593 1748 illud
618 1695 672 1758 sal,
698 1699 738 1749 sic
764 1699 790 1748 in
815 1697 915 1747 Aeliani
941 1697 1000 1746 loco
1030 1695 1223 1746 excludendam
1244 1695 1361 1745 eandem

245 1779 403 1844 particulam
428 1778 580 1829 arbitratur.
631 1779 703 1830 ilaec
729 1780 809 1843 igitur
829 1779 942 1828 mutatio
965 1778 990 1827 ei
1014 1778 1115 1839 piacet:
1142 1771 1272 1845 καὶπρὸς
1296 1773 1361 1832 τοὺς

244 1855 391 1916 Χαλδαίους
420 1855 455 1915 είς
477 1853 634 1924 Βαβυλῶνα.
676 1860 710 1909 ht
737 1872 801 1910 raro
826 1857 867 1908 bis
883 1856 1116 1908 emendationibus
1137 1869 1206 1921 opus
1225 1870 1278 1906 non
1295 1869 1362 1906 esse

245 1939 389 1992 ostendere
407 1938 510 1991 studuit
527 1938 586 1988 Era.
606 1939 674 2000 l‘rid.
692 1939 867 1992 Neubauerns
891 1939 918 1988 in
946 1938 1136 2002 disputatione,
1161 1951 1232 2004 quae
1257 1939 1362 1988 inscri-

245 2019 330 2072 bitur:
348 2019 485 2082 „dcieusio
504 2020 625 2070 lectionis
643 2021 760 2085 vulgaris
777 2022 803 2071 in
822 2019 939 2084 Diogene
951 2020 1055 2069 Laertio
1075 2021 1103 2070 et
1123 2019 1206 2070 Suida
1226 2019 1260 2070 de
1276 2018 1361 2068 Chal-

246 2100 319 2151 daeis
338 2101 363 2150 in
379 2099 470 2150 Parsia
488 2113 504 2150 a
520 2101 674 2150 Democrito
691 2101 790 2152 auditis
810 2099 941 2152 adversus
959 2101 1094 2150 clerorum
1115 2099 1271 2150 criticorum
1290 2113 1361 2149 cor-

244 2182 402 2246 rectionem,
428 2194 481 2245 que
503 2181 645 2231 occasione
671 2181 705 2232 de
727 2181 921 2232 Chaldaeorum
946 2182 1054 2232 nomine
1072 2180 1238 2244 pbilosophis
1257 2181 1362 2230 tributo

245 2262 363 2313 nonnihil
392 2260 496 2324 agitur?
521 2263 615 2312 Cissea
631 2259 703 2323 1745,
725 2259 749 2314 d.
789 2261 962 2313 Demonstrat
977 2263 1048 2312 enim
1068 2263 1094 2310 in
1115 2265 1237 2312 ueterum
1257 2273 1363 2311 monu-

245 2343 341 2395 mentis
362 2341 518 2404 Cbaldaeos,
535 2345 574 2392 uti
591 2343 690 2406 Magos,
711 2355 794 2406 saepe
812 2344 959 2406 generatim
976 2342 1116 2406 designare
1133 2343 1316 2392 astronomiae
1335 2345 1364 2392 et

245 2407 613 2491 astrologiae'divinandiqne
632 2423 697 2472 artis
710 2423 812 2485 peritos
831 2423 996 2488 aliarumque
1013 2423 1197 2474 doctrinarum
1216 2422 1362 2485 magistras

245 2507 273 2556 et
290 2505 434 2569 sapientes,
462 2504 521 2556 sive
544 2504 598 2553 sint
616 2502 740 2553 Chaldaei
766 2505 793 2553 in
813 2504 925 2568 ipsaque
946 2503 1078 2554 Clra'daea
1096 2504 1196 2564 uiuant,
1220 2503 1277 2552 sive
1296 2501 1364 2551 alibi

245 2585 440 2636 Chaldaeorum
462 2583 587 2648 dogmata
614 2584 805 2648 medicantum
838 2587 919 2646 atque
946 2584 1007 2635 inde
1040 2586 1112 2646 lieri,
1146 2587 1176 2634 ut
1200 2584 1228 2632 in
1250 2583 1366 2634 Perside

246 2659 361 2733 quoque,
383 2666 459 2730 Syria
487 2669 514 2715 et
533 2663 594 2714 alibi
617 2664 741 2714 Chaldaei
760 2665 946 2728 reperientur,
967 2669 994 2716 et
1019 2665 1188 2715 Democritus
1209 2664 1317 2714 dicatur
1336 2667 1364 2714 in

245 2748 354 2798 Perside
372 2749 429 2795 tum
455 2757 548 2810 magos
574 2749 629 2795 tum
647 2745 795 2796 Chaldaeos
815 2745 911 2795 Persas
937 2747 1072 2798 audivisse
1095 2745 1119 2796 b.
1132 2759 1155 2796 e.
1171 2744 1275 2807 Persas,
1300 2747 1365 2796 siue

244 2827 387 2876 Persarum
405 2825 556 2876 doctrinam
579 2827 711 2889 magicam
738 2826 795 2876 sive
822 2826 987 2878 chaldaicam
1012 2824 1158 2890 protessus.
1183 2826 1365 2877 Neubauerus

245 2907 361 2970 denique
381 2919 396 2955 a
415 2919 473 2970 pag.
491 2903 564 2956 3⁸2-
575 2901 608 2954 37
627 2905 729 2956 diluere
746 2907 839 2956 nititur
856 2912 1014 2971 argumenta
1032 2906 1129 2972 quibus
1144 2907 1273 2958 Perizonii
1289 2921 1365 2958 sen-

245 2987 329 3035 tentia
349 2984 454 3035 delendi
476 2988 564 3051 queat,
586 2989 613 3036 et
633 2986 732 3036 helleni
752 2985 897 3038 verborum
924 3001 1033 3039 sensum
1051 2987 1288 3039 circumlocutione
1308 3003 1366 3040 ex-

245 3065 344 3130 planat.
385 3065 438 3116 Sed
457 3066 568 3118 dubium
589 3070 637 3126 est,
658 3080 721 3116 num
740 3067 904 3120 Antisthenis
925 3074 953 3120 et
971 3070 1116 3120 Democriti
1137 3071 1259 3132 tempore
1277 3069 1366 3120 Chat-

245 3147 375 3198 daeorum
401 3159 500 3198 nomen
527 3148 578 3197 boc
603 3149 719 3210 generali
743 3149 892 3212 significatu
913 3151 969 3211 iam
995 3153 1153 3212 usurpatum
1182 3151 1225 3212 sit,
1253 3163 1307 3214 quo
1329 3153 1365 3201 at.

245 3228 344 3278 Tullius
364 3229 488 3290 accipere
509 3227 584 3278 solet.
623 3229 700 3288 Quod
718 3243 801 3293 quum
821 3231 863 3280 uix
883 3229 1010 3282 credibile
1028 3231 1158 3294 videatur,
1185 3233 1290 3282 cautius
1312 3237 1366 3294 est,

246 3310 370 3373 Diogenis
391 3310 473 3358 textui
490 3307 534 3358 καί
551 3308 709 3372 particulam
730 3311 855 3360 inserere.

316 3409 355 3470 ³³)
373 3409 472 3458 helian.
489 3421 545 3458 var.
564 3407 624 3459 bist
643 3408 684 3472 lV,
704 3407 739 3461 20
756 3437 784 3448 -
808 3409 853 3461 καὶ
870 3407 970 3481 πολλὴν
991 3407 1062 3482 ἐπῄει
1082 3413 1145 3480 γῆν,
1168 3408 1232 3481 ἧκεν
1251 3409 1296 3462 οὖν
1319 3413 1369 3464 οιαὶ

244 3485 309 3557 πρὸς
329 3485 390 3544 roh:
409 3483 557 3544 Χαλδαίους
582 3487 628 3540 καλ
651 3487 686 3548 είς
713 3485 861 3558 Βαβυλῶνα
878 3489 1006 3562 καὶπρὸς
1031 3491 1091 3550 τοὺς
1111 3487 1221 3560 Μάγους
1240 3491 1368 3552 καὶτοὺς

246 3567 369 3639 σοφιστὰς
385 3571 438 3618 τῶν
454 3563 554 3619 Ἰνδῶν.

316 3670 356 3734 ³⁴)
376 3669 473 3722 suidas
499 3683 525 3719 ν.
548 3664 725 3740 Δημόκριτος·
756 3667 821 3742 hibe
849 3671 894 3724 sol
925 3669 960 3729 είς
991 3669 1091 3744 ίίέροας
1120 3672 1165 3724 καὶ
1189 3671 1287 3730 Ἰνδοὺς
1319 3677 1371 3728 ocal

244 3746 397 3820 Αἰγυπτίους
416 3748 462 3800 καὶ
482 3747 515 3799 rd
533 3749 597 3822 παρ’
621 3749 739 3810 ἑκάστοις
758 3749 897 3821 δπαιδεδδη
918 3751 996 3823 copti.

317 3843 357 3907 ³⁶)
378 3842 527 3906 Hesychius
550 3844 752 3896 milesimum
776 3837 938 3914 Δημόκριτος
964 3857 1023 3908 pag.
1044 3841 1076 3895 18
1099 3844 1141 3896 ed.
1164 3845 1242 3897 oreti.
1277 3838 1371 3904 Οὗτος

246 3923 400 3994 νειμάμενος
422 3921 469 3994 τὴν
499 3921 589 3975 obolon
614 3925 651 3993 τῷ
671 3921 777 3995 ἀδελφῷ
801 3924 846 3975 sal
865 3925 911 3995 rip
932 3923 1031 3976 ἐλάττω
1051 3929 1143 3994 μοῖραν
1165 3923 1287 3994 ἑλόμενος
1308 3933 1370 3986 τοῖς

246 4007 463 4074 γυμνοσοφιοταῖς
483 4001 664 4072 scripsisset
682 4003 719 4062 είς
737 4002 830 4057 ’ίνδίαν
849 4003 931 4076 ἀπῆρε
948 4006 993 4057 καὶ
1013 4003 1158 4058 Αἰθιοπίαν.

319 4097 358 4159 ²⁶)
379 4097 501 4148 Clemens
519 4097 659 4150 Alexandr.
678 4094 806 4168 οτρωμ.1
831 4111 883 4162 pag
902 4095 953 4148 304
978 4100 1019 4151 ed.
1035 4099 1158 4164 selburg.
1173 4100 1227 4162 (lib.
1248 4093 1258 4151 l
1284 4099 1310 4163 5.
1333 4099 1369 4152 15

248 4189 307 4241 pag.
327 4174 378 4227 357
398 4176 440 4227 ed
453 4178 552 4239 Potter)
571 4179 716 4230 Democriti
738 4178 828 4231 verbis
847 4179 998 4244 subjungit:
1025 4175 1121 4249 ἐπῆλθε
1146 4179 1194 4251 γὰρ
1213 4177 1368 4249 Βαβυλῶνά

246 4273 274 4310 τε
294 4255 339 4310 acl
355 4253 471 4328 ίίεροίιία
490 4257 534 4310 καί
553 4253 692 4326 Αἴγυπτον,
708 4265 762 4318 τοῖς
783 4276 811 4312 τε
827 4258 918 4328 μάγοις
941 4261 986 4312 καί
1005 4266 1060 4319 τοῖς
1080 4259 1173 4332 ἱερεῦσι
1193 4256 1367 4329 μοδηεεὺων.
