2984 4876
331 340 416 396 Liber
433 339 482 394 lll.
517 339 667 396 Democriti
687 359 797 413 operum
814 343 974 416 trogmeuto.
1146 349 1209 414 Μ

21 521 33 558 Τ·
93 509 233 594 ἡμίονον,
261 505 342 570 ἀλλά
374 505 509 572 ἐπινοίας
537 503 731 590 ἀνθρωπίνης
754 507 951 592 subedituus,
978 511 1022 578 ὥς
1042 509 1078 576 ἄν
1100 513 1207 594 εἴποις,

95 615 246 700 μοιχίδιον
270 612 459 698 ἐπιτέχνημα
486 615 576 676 τούτο
607 613 659 676 καλ
682 611 815 697 κλέμμα.
860 615 955 679 Δοκεῖ
973 616 1008 680 δέ
1031 641 1083 701 μοι
1104 627 1207 700 τοῦτο,

91 723 112 808 ἦ
137 721 170 785 δ’
193 721 237 800 lc,
266 723 320 784 τοῦ
352 718 424 782 ύνου
453 719 544 784 ίππον
574 719 761 807 βιασαμένου
789 722 867 787 κατὰ
888 723 982 809 τύχην
1011 731 1133 810 κυῆσαι,
1153 752 1208 813 μα·

21 897 23 904 ,
93 829 189 914 θητάς
211 831 247 893 δὲ
267 827 452 913 ἀνθρώπους
472 831 525 912 τῆς
548 829 616 913 βίας
637 826 748 912 ταύτης
773 829 994 913 γεγενημένους
1015 832 1081 897 εἶτα
1105 835 1207 919 μέντοι

20 919 31 955 ³
92 937 276 1021 προσελθεῖν
300 935 349 998 ἐπὶ
373 935 426 1018 τὴν
453 939 507 1018 τῆς
528 940 620 1020 γονῆς
646 934 746 998 αὐτῶν
771 937 945 1020 συνήθειαν.
988 936 1050 1004 Καὶ
1075 944 1207 1026 μα’λιστσί

12 1031 31 1120 ²5
92 1067 128 1128 γε
155 1042 227 1112 τοὺς
247 1046 308 1106 τῶν
334 1041 456 1128 Λιβύων
484 1041 573 1112 ὅνους
601 1043 759 1126 μεγίστους
780 1043 869 1114 ὄντας
892 1043 1054 1131 ἐπιβαίνειν
1078 1054 1144 1121 ταῖς
1162 1051 1206 1115 ίπ·

22 1131 28 1170 ‘³
91 1172 170 1226 ποις,
196 1148 233 1213 ού
252 1152 419 1232 κομώσαις,
446 1149 527 1214 ἀλλά
555 1149 764 1235 κεκαρμέναις.
801 1147 959 1236 Ἔχουσαν
981 1155 1039 1239 γάρ
1061 1158 1113 1241 την
1137 1157 1206 1222 ἑαυ-

12 1333 13 1338 γ
92 1262 146 1340 τῆς
166 1255 295 1340 ἀγλαΐαν
325 1257 378 1340 τὴν
411 1256 461 1320 διά
488 1260 542 1340 τῆς
568 1256 666 1342 κύμης
694 1257 751 1321 οὐκ
776 1255 812 1322 ἀν
835 1259 1067 1343 ύπομεῖναιτδν
1087 1265 1206 1330 τοιύνδσ

90 1365 223 1448 γαμετδν
245 1363 274 1426 οἱ
305 1365 398 1448 σοφοὶ
424 1362 496 1433 τοὺς
513 1363 629 1429 τούτων
658 1369 778 1450 γάμους
801 1365 903 1450 φασίν.
948 1368 1064 1433 Aelium
1088 1373 1125 1436 de
1144 1375 1207 1438 uni·

12 1463 563 1558 ssmmffifflmffi

17 1574 28 1600 ”
177 1581 206 1644 ί.
246 1575 299 1642 Ἐν
330 1583 395 1646 τοῖς
421 1578 531 1646 νοτίοις
561 1579 677 1662 μᾶλλον
704 1580 742 1642 τά
773 1577 892 1664 ἔμβρυα
923 1579 1089 1646 ἐκπίπτειν·
1104 1585 1203 1671 Δημύ-

90 1707 192 1770 κριτος
207 1684 301 1769 λέγει,
323 1686 343 1769 ἢ
366 1684 398 1747 ἐν
420 1689 484 1754 τοῖς
504 1685 644 1770 βορείοις.
687 1683 749 1750 Καὶ
771 1685 912 1757 εἰκότως·
934 1691 1127 1772 χαυνοῦσθαι
1144 1693 1203 1779 γὰρ

15 1783 28 1820 ²²
90 1793 151 1856 ύπδ
178 1795 233 1856 τού
254 1790 344 1856 νότου
370 1792 408 1856 τά
440 1794 570 1877 σώματα
594 1796 660 1862 ταῖς
685 1793 830 1863 κυούσαις
854 1794 905 1858 καλ
937 1795 1119 1874 διίστασθαι,
1150 1799 1203 1864 lire

14 1893 30 1928 ¹
88 1901 189 1964 τοίνυν
211 1903 266 1964 rori
287 1901 417 1985 σκήνους
436 1899 659 1986 διακεχυμένου
674 1902 726 1964 καλ
744 1900 1013 1987 ούχὴρμοσμένου
1029 1905 1205 1972 πλανᾶσθαι

12 2005 30 2060 f*
87 2007 142 2071 καλ
164 2006 202 2071 τά
221 2007 387 2092 κυούμενα,
406 2009 458 2072 καὶ
478 2005 706 2092 θερμαινόμενα
730 2008 821 2091 δεῦρο
844 2009 896 2072 καλ
919 2008 1019 2072 ἐκεῖσε
1039 2011 1203 2078 διολισθαί-

13 2107 27 2142 '²
87 2137 151 2178 νειν
170 2115 222 2178 καί
244 2113 395 2179 ἐκπίπτειν
412 2117 496 2202 ῥᾷον.
539 2112 578 2180 Εἰ
599 2115 634 2178 δὲ
651 2114 698 2198 sip
715 2115 875 2198 ποίγοςκαλ
894 2115 1007 2202 βορρᾶς
1028 2119 1204 2202 καταπνέοι,

18 2215 28 2252 ⁷³
89 2220 274 2306 συμπέπηγε
298 2223 353 2305 μὲν
377 2223 411 2286 τδ
437 2222 581 2309 ἔμβρυον,
603 2223 778 2305 δυσκίνητον
802 2221 837 2286 δέ
858 2223 920 2286 ἐστι
940 2224 990 2286 καλ
1010 2222 1047 2287 ού
1065 2227 1205 2310 παράπε-

14 2327 19 2364 ³
87 2354 141 2394 ται
164 2331 207 2398 ὡς
229 2331 287 2393 ύπδ
308 2329 481 2398 κλύδωνος·
508 2329 562 2392 lire
586 2330 638 2393 καὶ
658 2329 807 2393 ἄκλυστον
831 2331 882 2394 καὶ
905 2329 936 2394 έν
959 2332 1077 2418 γαλήνη
1099 2331 1133 2396 δν
1158 2332 1204 2419 ἔῤ-

87 2438 190 2524 ῥωταί
211 2437 314 2501 τεκαὶ
337 2435 479 2502 σύντονον
502 2438 552 2500 καὶ
576 2437 697 2522 διαρκὲς
716 2439 790 2523 πρδς
812 2439 863 2501 τδν
886 2438 963 2502 κατὰ
979 2437 1067 2524 φύσιν
1090 2439 1202 2526 χρύνυν

16 2705 19 2716 ,
84 2666 213 2722 ventum
240 2664 271 2720 et
297 2660 418 2722 lurtum.
469 2659 575 2723 Videri
604 2665 702 2720 eutem
733 2658 791 2720 sibi
818 2659 861 2720 eit
884 2661 963 2722 sorte
993 2661 1148 2740 eccidisse,
1167 2669 1202 2726 ut

84 2787 183 2852 quum
208 2766 309 2828 osirrus
336 2767 396 2829 vim
418 2786 514 2850 equae
542 2765 700 2844 intulisset,
722 2766 796 2827 bueo
816 2765 939 2846 gravide
960 2769 1138 2832 redderetur
1158 2777 1202 2832 et-

13 2923 23 2958 r·
84 2895 149 2960 que
170 2879 205 2936 ut
224 2879 331 2954 posteo
359 2875 496 2936 homines
523 2873 612 2953 hujus
639 2872 799 2936 violentiae
821 2872 962 2954 discipuli
988 2876 1057 2938 laeti
1079 2877 1109 2938 in
1129 2895 1202 2941 oon·

13 3029 17 3064 ,
84 2981 279 3046 suetudinem
306 2982 487 3060 procreandi
514 2983 588 3044 haee
611 2983 747 3059 jumento
776 2979 1006 3046 adducerentur.
1053 2983 1201 3065 Imprimis

82 3090 217 3168 Libyum
239 3087 314 3150 asini
335 3090 455 3151 maximi
472 3108 566 3172 equos
584 3107 645 3150 non
669 3091 801 3150 cometes
822 3090 1047 3167 superveniunt,
1062 3090 1117 3152 sed
1135 3097 1202 3154 ton·

14 3261 17 3268 ,
82 3215 147 3260 sas.
190 3195 300 3276 Neque
326 3197 405 3258 enim
434 3199 487 3258 hes
516 3214 622 3259 comae
648 3201 826 3258 ornamento
851 3197 1074 3276 superbientes·
1093 3201 1199 3262 berum

14 3367 17 3374 ,
83 3323 190 3366 rerum
209 3303 298 3384 periti
319 3305 402 3382 ajunt
423 3303 571 3382 ejusmodi
590 3303 714 3364 meritos
735 3299 806 3384 peti.
1098 3281 1107 3294 ⁸
1214 3285 1222 3308 '

175 3413 205 3474 l.
247 3411 281 3472 ln
311 3411 452 3474 austrinis
476 3409 571 3490 magis
599 3431 688 3493 quoru
713 3407 997 3490 septentrionalibus
1026 3411 1201 3489 regionibus

82 3525 193 3600 pertus
223 3518 364 3580 excidere
394 3519 436 3580 eit
462 3517 663 3580 Democritus.
713 3517 808 3595 cujus
841 3515 886 3577 rei
913 3516 989 3580 lieno
1012 3519 1201 3598 probabilem

81 3626 179 3688 asseri
203 3643 333 3702 oausam,
356 3625 426 3706 quiu
443 3633 579 3688 ventrem
601 3624 766 3686 terentibus
788 3643 919 3704 corpore
939 3631 1043 3687 austro
1064 3625 1202 3689 laxentur

80 3741 116 3794 et
140 3731 343 3796 resolventurr
367 3732 482 3796 ideirco
505 3751 637 3814 corpore
660 3732 783 3794 dilatato
805 3741 836 3794 et
855 3731 934 3793 mele
952 3739 1112 3812 compecto
1132 3751 1200 3812 por-

79 3849 136 3902 tus
161 3857 265 3902 errare
294 3845 324 3902 et
348 3841 459 3920 vagari,
489 3841 673 3921 eosdemque
702 3839 864 3902 oeleleotos
885 3839 944 3902 huo
964 3844 995 3901 et
1014 3839 1086 3901 illue
1108 3838 1199 3900 dilubi

78 3955 114 4008 et
147 3945 266 4009 lucilius
296 3947 445 4011 excidere.
495 3950 611 4010 Contra
638 3947 664 4009 si
692 3947 782 4008 dente
809 3945 904 4008 borea
929 3945 1008 4008 eiiris
1036 3945 1197 4026 temperies

78 4051 196 4131 frigide
216 4052 263 4128 sit,
286 4053 386 4118 foetus
408 4055 521 4133 frigore
543 4053 689 4130 contrabi,
718 4053 760 4114 ito
788 4059 905 4115 utnon
929 4052 1016 4115 ieoile
1038 4052 1115 4115 locis
1136 4053 1199 4116 suis

78 4165 268 4222 moveantur
295 4179 394 4244 neque
413 4161 484 4225 ulle
515 4169 692 4244 tempestate
720 4159 895 4235 turbentur,
924 4160 1065 4242 quoniam
1099 4159 1198 4223 omnis

78 4266 245 4347 procellae
274 4275 415 4349 expertes
442 4287 617 4353 summaque
643 4269 778 4332 fruentes
804 4266 1017 4351 tranquillitate
1044 4269 1122 4335 bene
1150 4288 1200 4332 νε-

921 4379 959 4439 15
983 4375 1005 4418 ἕ
