2892 4872
428 310 513 368 Liber
530 309 566 366 ll.
598 310 641 366 De
661 309 813 366 Democriti
829 309 949 382 σετὶριίε.
1183 309 1244 378 121

123 479 166 542 ab
191 496 231 542 eo
250 497 340 561 quem
369 474 440 560 cepi
460 474 569 544 τέλους
589 476 768 558 inscriptum
787 475 890 541 citavit
909 476 1049 542 Clemens
1067 477 1245 543 Alexandri-

122 606 188 650 nus
211 587 322 650 Strom.
346 585 442 648 lib.ll
470 605 500 665 p.
527 587 585 648 197
617 583 664 647 ed
685 583 769 665 Sylb.
797 585 1035 665 (nesteron)
1058 587 1104 648 his
1126 588 1243 651 verbis:

126 691 321 775 Δημόκριτος
341 691 396 775 μὲν
422 690 454 754 έν
479 695 524 776 τῷ
542 690 613 775 περὶ
632 687 741 758 τέλους
760 689 813 772 τὴν
837 687 996 774 εὐθυμίαν,
1019 692 1056 774 ἣν
1081 690 1196 756 εὐεστὼ
1213 693 1244 776 ⁶)

125 795 395 882 προηγόρευσεν,
420 797 487 884 βίου
516 797 605 868 τέλος
634 794 712 860 εἶναι
740 794 813 880 ἔφη.
859 799 1001 860 Forsitan
1022 801 1082 864 hoc
1102 799 1245 864 volumen

126 905 285 986 duplicem
310 907 434 988 gerebat
463 905 691 987 inscriptionem
720 904 790 988 περὶ
817 901 923 972 τέλευς
946 904 966 988 ἢ
991 906 1060 989 περὶ
1086 903 1244 992 εὐθυμίης.

126 1013 267 1074 Meminit
286 1015 375 1093 lmjus
399 1013 502 1094 operis
522 1016 557 1076 L.
575 1013 654 1076 Anu.
677 1013 796 1076 Seneca
812 1010 865 1075 lib.
890 1012 928 1074 de
950 1013 1165 1095 tranquillitate
1183 1015 1245 1077 ani-

126 1120 172 1182 mi
202 1122 315 1202 ocull
342 1121 463 1184 Toml
489 1141 518 1202 p.
539 1123 599 1185 947
630 1121 677 1184 ed.
698 1119 766 1200 Bip.
797 1119 912 1195 ,lianc
929 1117 1076 1198 stabileter,
1097 1121 1244 1204 inquiens,

126 1229 235 1290 omini
250 1228 348 1290 sedem
372 1230 486 1291 Graeci
506 1223 664 1310 Εθθυμίαν
688 1233 808 1302 occant,
831 1226 868 1288 de
889 1246 950 1306 ριαι
969 1227 1141 1291 Democriti
1158 1232 1246 1292 volac-

124 1353 203 1396 αισα
222 1335 381 1416 egregium
399 1333 471 1398 ert?
513 1335 597 1398 ldem
615 1341 722 1398 auctor
743 1333 852 1396 eodem
872 1332 951 1395 libro
974 1353 1040 1414 cap.
1059 1335 1120 1397 Xll
1140 1357 1171 1417 p.
1182 1338 1246 1400 268

127 1441 179 1504 ed.
215 1441 282 1522 Dip.
317 1443 407 1520 huJus
437 1442 623 1505 Democritei
654 1442 795 1523 opusculi
824 1441 941 1503 initium
976 1442 1067 1505 nobis
1100 1444 1246 1506 semovit:

125 1551 220 1628 „Hoc
242 1557 378 1612 neutum
400 1556 481 1630 puto
500 1549 711 1612 Democritum
740 1551 788 1611 ita
808 1549 952 1629 coepte:
994 1549 1058 1620 ραι·
1078 1553 1247 1630 tranquillo

124 1657 212 1720 votet
231 1657 339 1734 uiuere,
365 1676 423 1718 nee
444 1657 598 1737 ρήυαῑίιιι
625 1665 705 1737 agot
722 1657 826 1720 multa
844 1675 901 1718 nee
915 1654 1067 1736 pahlt'ce.''
1108 1657 1246 1739 Denique

124 1766 193 1828 lruc
210 1769 355 1844 spectant,
377 1781 455 1846 quae
475 1763 513 1826 de
531 1763 577 1824 irs
596 1762 649 1828 lib.
661 1765 701 1828 lll
719 1785 785 1845 cap.
808 1767 828 1827 6
847 1764 927 1826 huuc
948 1764 979 1825 in
1000 1763 1122 1827 modum
1141 1764 1247 1828 dicun-

126 1881 200 1936 tur:
232 1871 390 1949 „Proderit
415 1869 505 1934 uobis
526 1869 602 1934 illud
623 1872 791 1936 Democriti
808 1870 939 1934 salutare
959 1878 1154 1953 praeceptum
1185 1891 1246 1955 quo

124 1986 316 2044 monstrant
335 1978 543 2062 tranquillitas,
570 1978 597 2040 si
616 1997 715 2060 neque
734 1979 873 2060 privatim
892 1997 991 2061 neque
1013 1980 1134 2061 publice
1152 1981 1247 2044 multa

126 2093 187 2152 aut
206 2089 319 2166 maiora
340 2087 456 2162 viribus
480 2085 593 2149 uostris
613 2087 771 2166 egerimus.
825 2086 939 2149 Eodem
960 2086 1053 2150 verba
1074 2107 1184 2169 graece
1204 2088 1248 2149 le-

126 2200 246 2276 guntur
266 2194 347 2276 apud
366 2195 530 2258 Stobaeum
539 2193 624 2256 Flor.
639 2193 821 2272 Sermclll,
833 2197 873 2257 25
895 2193 947 2276 qui
969 2201 1015 2258 est
1030 2193 1068 2258 de
1089 2195 1246 2258 felicitate:

128 2297 195 2366 Τὸν
217 2299 427 2385 εὐθυμέεσθαι
452 2299 604 2383 μέλλοντα
624 2301 684 2387 χρὴ
709 2301 750 2384 μὴ
773 2300 875 2364 πολλὰ
898 2301 1044 2384 πρήσσειν
1077 2301 1155 2384 μήτε
1185 2300 1246 2384 ἰδίῃ

130 2409 212 2492 μήτε
233 2407 323 2492 ξυνῇ·
362 2407 442 2490 μηδὲ
468 2403 537 2469 ἅσσ’
569 2403 605 2470 ἂν
634 2408 767 2492 πρήσσρ,
789 2405 865 2492 ὑπέρ
884 2428 918 2470 τε
939 2406 1066 2492 δύναμιν
1087 2405 1248 2492 αἱρέεσθαι

128 2517 187 2598 τἠν
207 2515 326 2580 ἑωυτοῦ
344 2514 397 2577 καὶ
418 2511 788 2599 contemnentem
812 2513 894 2600 ἔχειν
918 2515 1067 2599 φυλακήν,
1094 2515 1174 2578 ὥστε
1196 2514 1249 2578 καὶ

128 2625 189 2706 τῆς
209 2621 304 2707 τύχης
332 2619 557 2704 ἐπιβαλλούσης
584 2620 637 2684 καὶ
661 2621 706 2690 εἰς
732 2622 766 2685 τὸ
797 2621 867 2684 δέον
896 2621 1107 2706 ὑπηηεομένης
1133 2625 1177 2706 τῷ
1200 2621 1249 2684 δυ·

130 2727 225 2806 κίειν,
251 2726 470 2792 ιιοιτατιθεσθαι
496 2728 548 2791 καὶ
579 2727 620 2812 μὴ
646 2725 733 2790 πλέον
754 2727 987 2811 προσάπτεσθαι
1007 2731 1068 2791 τῶν
1092 2725 1248 2789 δυνατῶν·

129 2838 153 2920 ἡ
178 2835 235 2922 γὰρ
263 2833 386 2917 εθοηνιίη
413 2831 644 2918 ἀσφαλέστερον
664 2835 720 2916 τῆς
742 2835 954 2918 μεγαλοηκίης.
991 2837 1039 2898 De
1060 2837 1117 2898 lrao
1138 2835 1250 2898 Demo-

131 2947 202 3010 criti
224 2943 372 3008 sententia
404 2962 495 3024 quarn
513 2943 748 3022 fragmentorum
780 2943 938 3006 moralium
956 2944 1183 3025 nonagesimum
1203 2961 1250 3005 se-

132 3053 268 3118 cundnm
294 3069 362 3114 esse
388 3049 487 3126 volui,
515 3048 638 3112 uberius
666 3051 698 3112 iu
728 3051 945 3113 commentario
979 3052 1163 3132 disputonrm
1194 3054 1248 3111 est

131 3161 270 3225 Eandem
291 3157 458 3221 Democriti
479 3157 655 3220 seutentiam
673 3159 776 3222 laudet
796 3159 837 3220 Μ.
859 3159 1030 3221 Antoninus
1052 3157 1104 3220 lib.
1125 3157 1179 3233 lV,
1192 3158 1250 3218 nt:

17 3295 23 3308 ·
134 3267 224 3350 ὀλίηα
245 3269 373 3350 πρῆσσε,
393 3263 422 3328 ei
444 3263 566 3348 μέλλεις
588 3263 784 3348 εθθυμήσειν,
806 3265 857 3327 ubi
879 3265 949 3328 vide
969 3265 1162 3329 Gatalrerum.
1187 3265 1251 3326 Ne·

133 3395 194 3460 quc
215 3375 307 3439 elium
332 3393 422 3457 quam
451 3372 659 3435 Democritum
688 3379 774 3436 notat
798 3373 976 3436 Plutarchus
1004 3373 1084 3438 libro
1112 3374 1150 3437 de
1172 3379 1251 3436 trau·

133 3483 281 3568 quillitate
312 3503 341 3563 p.
366 3483 428 3544 465
459 3479 506 3542 ed.
531 3479 636 3560 Steph.
665 3482 748 3560 (pag.
777 3483 840 3543 822
868 3480 929 3546 vol.
952 3483 1008 3544 v11
1046 3484 1093 3545 ed.
1123 3481 1251 3561 Rene).

133 3593 189 3656 Sic
210 3591 289 3654 euim
312 3590 369 3654 ait:
394 3588 410 3652 ὁ
436 3587 490 3672 μὲν
510 3583 563 3649 olo
586 3585 690 3664 εἰπών,
708 3585 754 3650 dn
777 3587 828 3650 δεῖ
847 3588 898 3651 τὸν
925 3587 1070 3675 εὐθυμεῖν
1100 3587 1252 3672 μέλλοντα

135 3698 212 3782 μήτε
235 3695 338 3760 πολλὰ
368 3695 513 3779 πρήσσειν
543 3692 619 3776 μήτε
648 3692 709 3776 ἰδίη
742 3695 818 3778 μήτε
846 3693 928 3779 ξυνῇ,
956 3699 1077 3780 πρῶτον
1101 3695 1156 3780 μὲν
1178 3696 1251 3778 ἡμῖν

132 3805 288 3887 πολυτελῆ
316 3803 370 3886 τὴν
399 3799 547 3883 εὐθυμίαν
577 3798 753 3884 καθίστησι,
779 3801 939 3886 γινομένην
969 3805 1058 3867 ὤνιον
1088 3802 1252 3888 ἀπραξίας·

135 3911 218 3990 (οἷον
239 3911 390 3996 ἀρρώστῳ
413 3910 568 3992 παραινῶν
592 3907 730 3993 ἑκάστῳ·
766 3906 859 3987 θλέν’,
883 3909 909 3974 ὦ
931 3909 1116 3996 ταλαίπωρ’,
1135 3909 1254 3994 ἀτρέμα

134 4067 337 4084 ψ

209 4185 232 4248 ⁵)
251 4185 290 4238 De
310 4201 379 4240 roos
399 4183 506 4248 ιθτστὼ,
524 4201 574 4250 pro
593 4201 645 4252 qua
665 4181 814 4240 ιθστάθειοιν
833 4187 897 4240 dixit
910 4191 1049 4255 Epicurus,
1061 4192 1141 4244 locuti
1160 4203 1254 4242 sumus

137 4265 172 4316 ad
193 4265 285 4332 trogm.
302 4269 396 4320 moral.
416 4265 474 4319 206.
