2956 4860
410 352 494 430 Liber
513 351 534 410 Ι.
572 355 615 410 De
634 354 786 410 Democriti
804 358 870 415 rita.
1152 360 1195 426 23

102 517 189 595 icisse,
206 518 382 599 praesertim
402 540 495 602 quum
517 539 612 603 osque
637 522 837 586 edoctorum
860 525 923 586 iere
946 526 1098 588 socculum
1121 535 1192 609 post

101 625 161 687 Chr.
173 645 200 687 n.
213 627 321 691 Graeci
335 627 509 707 majuscrdis
522 627 629 691 litteris
645 630 675 690 iu
689 631 846 694 codicibus
858 632 1014 695 videantur
1027 635 1082 696 osi.
1112 637 1191 697 Nam

102 755 133 796 ex
150 755 206 816 quo
227 735 347 799 libellus
366 755 556 816 papyraceus
577 736 608 798 in
628 735 770 818 Aegypto
794 759 873 801 antro
894 747 962 801 autc
973 742 1043 803 Chr.
1062 744 1121 804 104
1138 744 1191 804 mi-

100 844 218 907 nusculis
238 844 346 906 litteris
364 849 504 905 exaratus
527 843 556 904 iu
579 844 767 906 eruditorum
789 846 925 908 notitiam
944 848 1025 910 veuit
1045 849 1105 927 ¹⁰),
1124 851 1191 931 quis

100 949 201 1013 dubitet
218 953 353 1015 Graecos
372 950 467 1013 multo
487 957 556 1013 aute
578 952 648 1014 Chr.
670 972 699 1014 n.
722 953 781 1015 hoc
800 953 1009 1032 minusculum,
1036 957 1117 1037 qood
1140 977 1192 1020 vo

98 1065 165 1136 caut,
184 1059 372 1140 alphabetum
394 1059 554 1122 habuisse?

169 1168 241 1244 lam,
265 1173 300 1230 ut
324 1167 363 1228 ad
381 1166 551 1231 Diodorum
572 1167 703 1242 redeam,
732 1168 780 1230 hic
811 1169 841 1230 in
865 1189 903 1231 eo
926 1189 1048 1252 qnoque
1068 1169 1189 1249 fallitur,

96 1275 168 1354 qnod
189 1275 402 1356 philosophum
429 1281 567 1339 nostrum
593 1275 714 1356 Olymp.
733 1279 783 1353 ut,
807 1280 821 1340 i
847 1277 948 1341 evita
969 1277 1097 1340 cessisse
1118 1280 1191 1340 scri-

96 1380 140 1444 bit.
174 1384 328 1448 Diodorus
357 1385 387 1446 in
414 1383 495 1446 libro
531 1383 580 1446 cui
608 1385 683 1445 haec
714 1383 813 1462 debet,
838 1381 897 1448 ’ολ
912 1377 1002 1468 'phi
1028 1387 1189 1450 invenerat.

94 1493 131 1552 lta
147 1498 240 1554 autem
258 1494 334 1555 haec
356 1499 475 1556 exarata
496 1498 591 1568 erant,
611 1497 645 1554 ut
662 1492 702 1553 ad
722 1491 947 1555 similitudinem
967 1495 1022 1554 roh
1041 1489 1100 1555 ‘Oa
1117 1487 1188 1581 Vh,

94 1617 176 1680 rivel
192 1613 248 1681 ’ολ
274 1609 346 1701 Hi,
371 1626 391 1679 ci
415 1616 465 1678 vel
482 1611 542 1679 ‘Oi
564 1609 610 1694 Ed,
634 1623 653 1678 ri
680 1616 867 1679 accederent.
911 1616 1028 1680 Etenim
1050 1617 1079 1678 in
1099 1639 1190 1681 mcnr-

93 1724 182 1788 hrmis
201 1725 377 1807 saepissime
398 1724 543 1788 conlundi
567 1745 587 1784 o
607 1729 637 1784 et
659 1723 755 1803 djarn
774 1725 891 1804 pridem
903 1727 1190 1790 docueruntSchae-

93 1833 224 1914 ierus¹¹)
247 1839 278 1895 et
304 1833 424 1896 Bestius
438 1831 496 1913 ¹²).
530 1832 629 1893 Porro
653 1839 782 1894 nonest
809 1833 930 1896 difficile
952 1835 990 1895 ad
1012 1834 1109 1911 fldem,
1132 1839 1190 1896 Lu-

92 1941 198 2004 cianum
225 1941 401 2004 confudisse
432 1940 643 2022 Olympiadem
674 1960 733 2022 qua
758 1941 888 2002 animam
917 1942 1059 2022 deposuit
1078 1943 1189 2004 Demo-

92 2049 174 2111 critus
200 2057 229 2112 et
251 2067 429 2130 supremum
454 2050 520 2128 ejus
550 2049 655 2111 aetatis
681 2069 807 2123 anunm,
835 2049 876 2109 ita
906 2055 940 2110 ut
965 2049 1112 2112 Nostrum
1138 2053 1189 2132 qui

91 2159 240 2237 usquead
274 2158 468 2221 centesimam
496 2161 632 2238 quartem
654 2155 865 2237 Olympiadem
900 2156 982 2233 v'urit,
1016 2157 1055 2218 ad
1079 2178 1189 2221 annum

90 2260 159 2326 ritae
178 2265 374 2329 centesimum
395 2270 533 2348 quartum
554 2263 729 2344 pervenisse
757 2264 845 2326 dicat.
884 2263 1009 2327 Luciani
1029 2265 1122 2326 verba
1140 2287 1190 2327 ea-

90 2371 198 2453 scripsit
216 2375 362 2455 Phlegon,
391 2393 484 2455 quare
507 2371 642 2450 ejusdcm
671 2371 783 2435 erroris
811 2373 915 2436 socius
937 2373 1002 2434 tuit
1052 2373 1190 2454 Denique

91 2482 233 2557 quomodo
264 2501 304 2544 ex
336 2483 395 2544 toi
424 2480 509 2542 armis
538 2481 598 2541 109
627 2479 740 2541 exoriri
767 2481 936 2560 potuerhrt,
969 2485 1043 2561 quot
1063 2479 1191 2560 Hippar-

90 2587 168 2648 chum
193 2586 243 2668 '⁵)
284 2587 464 2650 Democrito
501 2586 677 2667 ascripsisse
711 2589 848 2650 Laertius
889 2591 995 2649 auctor
1033 2592 1093 2662 est,
1127 2589 1190 2664 jam

91 2696 208 2758 ostendit
229 2695 384 2760 hleursius
397 2694 404 2727 ¹
417 2695 457 2776 ⁴),
487 2699 603 2756 mutato
625 2693 768 2757 videlicet
788 2693 830 2777 pd'
853 2695 882 2756 iu
906 2690 960 2776 pti,
987 2695 1073 2772 cujus
1093 2698 1190 2754 tamen

89 2819 143 2862 noa
161 2803 321 2868 subscribo
343 2802 487 2884 opinioni,
507 2801 589 2884 apud
609 2801 761 2864 Laertium
783 2803 812 2863 in
832 2801 997 2882 liipparchi
1018 2800 1190 2862 testimonio

91 2925 236 2974 numerum
270 2910 491 2974 emendandum
520 2929 587 2972 esse
613 2909 748 2972 dicentis.
799 2911 859 2973 lsta
890 2909 1030 2972 nimirum
1053 2910 1190 2970 emcnda-

90 3016 162 3079 tiooe
182 3019 257 3082 nihil
279 3018 466 3100 proficimus,
496 3017 610 3098 quippe
632 3039 725 3101 quum
746 3019 969 3101 critiquissimus
994 3017 1077 3080 testis
1106 3017 1189 3080 solus

90 3127 162 3204 apud
193 3147 250 3190 nos
285 3129 343 3188 hac
379 3125 410 3186 in
436 3145 470 3186 re
502 3125 607 3188 valeat.
659 3127 765 3188 Utrum
792 3126 982 3207 Hipparchus
1013 3109 1189 3187 mendosu'm

91 3233 210 3312 Luciani,
230 3255 270 3298 an
290 3234 367 3295 alius
390 3233 549 3314 scriptoris
579 3233 627 3294 cui
650 3234 773 3296 Luciani
794 3235 887 3296 verba
906 3241 974 3296 aute
995 3233 1103 3296 oculos
1125 3253 1190 3294 ver-

90 3339 221 3405 sabantur
240 3340 414 3421 exemplum
444 3339 590 3417 habuerit,
617 3361 673 3402 nec
701 3341 777 3419 scio,
801 3361 899 3425 neque
920 3341 1082 3406 admodum
1104 3363 1190 3419 curo,

91 3467 172 3526 qumn
192 3450 346 3513 hominem
369 3451 467 3539 ipsum
487 3469 550 3510 non
571 3448 715 3512 noverim.

91 3599 281 3618 ⁸*—

93 3691 192 3821 ffllsty
209 3692 317 3744 Boecidr
335 3691 497 3756 Erhlaerung
516 3693 590 3742 einer
610 3691 720 3756 Aegypt.
736 3693 859 3745 Urimodo
878 3694 925 3745 aui
937 3696 1064 3760 Papyrus.
1105 3693 1188 3743 iteriin

155 3887 191 3951 ΙΙ)
210 3888 372 3940 schaeicrus
391 3889 425 3939 ad
446 3889 522 3954 Gress.
559 3887 674 3939 Corinth.
694 3901 753 3952 pag.
773 3885 830 3939 155.

155 4003 192 4068 ¹²)
209 4004 317 4056 Bestius
332 4005 358 4054 in
378 4005 608 4056 commentatione
626 4003 847 4068 nataeograpmca
867 4003 927 4056 ihid.
947 4019 972 4069 p.
992 4001 1043 4054 703
1064 4017 1137 4068 seqq.

157 4121 193 4184 Ἰ)
213 4121 280 4182 Quis
303 4119 381 4172 inerit
398 4121 441 4172 hic
464 4119 646 4184 hipparchus,
667 4121 811 4172 nescimus.
850 4121 984 4184 hienagms
1004 4121 1038 4172 ad
1056 4121 1189 4171 Laertionr

95 4201 124 4252 tte
140 4201 327 4254 mathematico
342 4203 476 4268 cogitavit,
498 4203 657 4253 nontamen
677 4203 728 4254 hoc
747 4205 872 4266 tartonam
890 4205 993 4254 certum
1010 4214 1173 4268 preponens.

158 4318 196 4383 ⁸⁴)
214 4318 346 4372 hieursiue
364 4319 398 4372 de
416 4319 550 4372 hrchontt.
573 4318 623 4369 hit.
644 4316 687 4370 tib.
706 4317 747 4378 111,
770 4314 807 4368 1³.
