2938 4864
357 331 442 388 Liber
461 331 509 387 111.
541 332 613 391 Aia.
633 333 667 388 ad
689 335 767 392 Dea.
786 351 829 407 ep.
847 335 944 410 enge.
1144 341 1207 408 331

89 501 184 582 magis
205 519 294 584 quem
316 519 427 582 genere
454 501 513 564 hoe
535 500 753 564 substantivum
783 502 821 565 eb
843 504 1037 588 antiquorum
1061 508 1207 594 loquendi

89 629 198 672 norma
218 610 267 671 trie
286 609 453 673 abhorrere
477 607 636 672 existimet.

175 721 224 782 et.
259 711 344 780 Ὅσα
368 717 423 801 μὲν
452 716 501 780 ἐπὶ
527 719 580 799 τῇ·
594 713 696 802 φύσει,
720 717 831 787 πάντες
857 716 949 804 ἐσμὲν
971 722 1124 802 πλούσιοι,
1146 726 1205 791 ὅσα

89 827 126 890 δὲ
160 824 212 911 ἐφ’
243 826 326 910 ἡμῖν,
360 827 470 894 πάντες
498 823 590 907 inpio
613 823 750 908 πένητος.
803 827 914 891 Anton.
941 849 1010 911 pag.
1042 835 1120 908 7623
1155 855 1204 918 ap.

89 935 184 1000 Orell.
205 955 234 998 n.
259 937 318 1000 163
339 935 357 998 i.
378 931 513 998 erebus
534 935 671 1014 tequea
690 941 810 998 natura
828 929 976 1018 largeur,
991 941 1204 1006 mature

87 1046 216 1118 ‹tamm-
235 1065 314 1127 quoe
334 1063 405 1106 oero
426 1043 461 1106 in
482 1050 590 1110 nostra
605 1049 874 1123 perterruerunt,
898 1065 1008 1109 eorum
1029 1067 1135 1113 omnes
1151 1072 1203 1114 ru·

87 1173 158 1216 mm
185 1153 296 1234 riroper.
350 1151 436 1214 Hane
465 1151 643 1214 sententiam
670 1169 727 1232 per
757 1171 791 1214 se
827 1152 935 1216 selsam
963 1174 1031 1218 esse
1057 1175 1120 1220 non
1147 1166 1202 1237 est,

88 1262 172 1344 qnod
193 1261 295 1324 multis
317 1261 528 1323 demonstrem.
572 1259 652 1322 Nem
675 1259 743 1322 aliis
764 1259 843 1340 plus,
870 1259 936 1324 eliis
957 1263 1057 1328 minus
1078 1267 1203 1348 largitur

87 1375 204 1446 natura,
223 1387 321 1452 neque
344 1387 476 1449 corpore
495 1367 606 1443 solum,
630 1368 686 1430 sed
707 1368 797 1430 etium
819 1369 920 1432 animo
944 1371 1089 1437 differunt
1111 1375 1205 1438 homi-

87 1495 152 1539 nes.
195 1478 293 1560 thue
314 1495 376 1539 non
396 1494 502 1538 omnes
521 1476 647 1539 arbores
670 1485 700 1539 et
722 1477 841 1558 plantae
864 1478 894 1540 in
917 1479 1027 1562 quovis
1045 1503 1120 1564 agro
1139 1503 1204 1546 ere·

88 1591 186 1662 scunt,
204 1585 245 1647 ita
263 1604 326 1646 non
350 1585 380 1646 in
402 1583 542 1646 omnibus
564 1583 734 1647 hominibus
757 1585 862 1648 eadem
884 1587 1045 1667 prudentia
1062 1590 1203 1674 idemque

87 1694 180 1756 nunni
200 1693 319 1756 habitus
346 1691 504 1756 invenitur.
549 1695 635 1773 Quae
653 1700 753 1756 autem
778 1694 809 1756 in
834 1701 939 1758 nostre
965 1705 1036 1760 sunt
1054 1705 1203 1778 potestate

86 1821 182 1880 emor,
205 1801 396 1878 desiderium,
418 1801 531 1864 lebonis
552 1801 695 1882 patientia
716 1807 747 1864 et
769 1801 886 1880 similia,
906 1823 1130 1868 serumserum
1152 1807 1204 1869 elii

86 1910 226 1993 plue,alii
240 1909 337 1972 minus
346 1909 510 1991 possident,
520 1909 712 1992 iisqueetiem
727 1909 940 1974 excelluntaut
950 1912 1202 1993 planeearentut

85 2037 215 2100 prorsus
230 2019 390 2082 ridiculum
410 2019 457 2094 sit,
481 2035 587 2080 omnes
606 2017 742 2081 homines
756 2018 787 2081 in
805 2019 863 2082 λοο
882 2038 994 2100 genere
1013 2041 1103 2100 peres
1124 2021 1204 2086 inter

85 2147 121 2192 se
141 2135 255 2208 putere.
299 2133 401 2210 Quare
416 2125 490 2189 nihil
507 2125 673 2206 excogitari
686 2132 796 2207 potest,
812 2127 894 2209 quod
917 2127 1011 2209 magis
1025 2130 1203 2194 adversetur

84 2235 260 2318 philosophi
279 2236 375 2300 nostri
396 2236 434 2298 de
456 2235 628 2298 hominibus
645 2233 772 2313 judicio,
801 2241 837 2296 ut
865 2235 925 2318 qui,
948 2237 1202 2317 quemadmodum

85 2345 216 2408 vidimus
235 2365 337 2426 supra,
369 2345 447 2408 elios
467 2344 641 2425 prudentes,
669 2340 747 2405 aiios
768 2340 888 2420 stultos,
908 2342 985 2406 alios
1006 2345 1203 2425 pecuniarum

84 2459 218 2532 tenaces,
239 2453 315 2516 alios
336 2453 494 2535 prodigos,
520 2452 598 2516 elios
624 2469 758 2527 vereoes,
788 2449 866 2513 elios
886 2452 1049 2514 mendaces
1069 2453 1203 2534 appelle-

84 2559 171 2623 verit
214 2561 407 2623 Bureherdus
427 2561 603 2624 sententiam
626 2576 689 2620 non
711 2559 874 2640 impugnet,
898 2559 953 2621 sed
982 2559 1048 2622 solu
1067 2561 1201 2626 auctoris

84 2667 187 2732 verbs
229 2669 263 2730 ln
288 2667 334 2730 his
354 2667 391 2730 τὰ
423 2665 472 2730 ἐπὶ
497 2665 537 2751 τῇ
563 2665 655 2751 φύσει
682 2665 724 2729 ita
753 2666 871 2747 opponi
896 2668 937 2730 eit
967 2669 1069 2732 verbis
1088 2667 1125 2732 τὰ
1148 2667 1199 2754 ἐφ’

83 2775 170 2860 ἡμῖν,
191 2780 226 2839 ut
252 2777 318 2838 iere
343 2777 425 2858 epod
453 2777 625 2858 Epictetum
649 2773 709 2852 fiat,
739 2775 791 2858 qui
822 2774 974 2838 Enehirid.
1003 2779 1201 2857 capiimus

84 2885 189 2948 hebet:
212 2880 281 2947 Τῶν
308 2881 403 2947 ὄντων
425 2883 463 2949 τὰ
487 2882 540 2969 μέν
565 2880 644 2944 ἐστιν
669 2879 723 2968 ἐφ’
746 2883 830 2966 ἡμῖν,
850 2881 887 2946 τὰ
908 2883 943 2946 δὲ
963 2880 1020 2946 οὐκ
1040 2881 1091 2970 ἐφ’
1115 2885 1200 2968 ἡμῖν.

78 2988 156 3077 Ἐφ’
177 2993 250 3077 ἡμῖν
279 2992 333 3077 μὲν
357 2991 522 3076 ὑπόληψις,
553 2991 643 3076 ὁρμή,
673 2988 778 3074 ὄρεξις,
811 2989 953 3072 ἔκκλισις,
981 2990 1032 3054 καλ
1052 2989 1096 3053 tot
1118 2989 1202 3075 λόγῳ

85 3099 147 3163 ὅσα
165 3099 302 3186 ἡμέτερα
324 3097 409 3185 ἔργα.
454 3096 520 3164 Οὐκ
540 3097 590 3184 ἐφ’
613 3100 686 3182 ἡμῖν
710 3097 745 3161 ot
773 3099 807 3161 τὸ
836 3102 938 3183 σῶμα,
961 3100 981 3182 ἡ
1012 3100 1123 3181 κτῆσις,
1152 3095 1201 3161 δό-

84 3205 145 3284 ξαι,
168 3207 263 3293 ἀρχαὶ
288 3209 341 3272 καὶ
369 3208 414 3271 ἑνὶ
440 3207 524 3293 λόγῳ
554 3207 613 3271 ὅσα
643 3205 704 3293 οὐχ
733 3204 870 3291 ἡμέτερα
896 3205 980 3291 ἔργα.
1024 3207 1088 3272 Sed
1107 3206 1202 3270 nolim

81 3317 159 3379 haee
179 3316 300 3398 longius
321 3315 473 3398 persequi,
489 3317 562 3380 satis
581 3317 704 3394 hebens,
721 3315 900 3394 ostendisse,
909 3336 987 3399 quae
1010 3323 1092 3381 esset
1111 3317 1200 3396 hujus

81 3425 242 3506 fragmenti
258 3445 277 3486 a
297 3425 498 3488 Democriteis
519 3425 732 3506 discrepantis⁴

169 3534 219 3595 28.
263 3527 301 3595 Et
330 3531 436 3616 βούλει
457 3531 573 3596 ἄλυπον
599 3531 663 3616 βίον
687 3528 755 3616 ζῆν,
783 3529 821 3594 τὰ
851 3529 1002 3614 μέλλοντα
1026 3530 1200 3616 συμβαίνειν

84 3641 129 3706 ὡς
157 3637 217 3722 ἤδη
251 3638 467 3725 συμβεβηκότα
496 3639 629 3721 λογίζου.
679 3638 790 3704 Anton.
824 3645 855 3704 et
881 3641 961 3703 ntae
986 3659 1016 3720 p.
1046 3641 1123 3714 7903
1151 3659 1200 3722 ep.

83 3745 322 3812 oretenus.

169 3855 220 3918 29.
256 3851 396 3924 Ἀλυπος
421 3853 500 3933 ἴσθι,
531 3855 572 3938 μὴ
604 3853 658 3937 τὴν
685 3853 853 3932 ἀπάθειαν,
882 3855 925 3924 ὡς
953 3853 994 3918 τὰ
1023 3851 1122 3938 ἄλογα
1140 3858 1200 3918 τῶν

83 3964 188 4039 ζώων,
210 3962 290 4047 μηδὲ
306 3961 360 4045 τὴν
380 3962 518 4046 ἀλογίαν,
542 3965 585 4032 ὡς
606 3963 637 4025 οἱ
659 3963 802 4050 ἄφρονος,
825 3961 895 4036 ἀλλ’
918 3960 1200 4047 &reperissemus

83 4068 176 4154 λόγον
196 4073 250 4152 τῆς
272 4068 369 4155 λύπης
392 4068 474 4156 ἔχων
499 4069 705 4156 παραμύθιον.
756 4073 870 4138 Anton.
903 4079 933 4136 et
961 4073 1039 4136 Mer.
1069 4091 1099 4152 p.
1121 4071 1199 4144 790;

83 4199 134 4261 ep.
159 4178 256 4242 Orell.
280 4199 309 4244 n.
337 4181 405 4261 liro.
943 4191 946 4196 '

170 4285 221 4350 30.
257 4281 351 4350 Ὅσοι
385 4289 463 4358 τινὲς
490 4289 566 4373 πρὸς
601 4287 655 4356 τὰς
682 4287 845 4374 συμφορὰς
873 4289 980 4373 γνώμῃ
1011 4285 1066 4370 μὲν
1094 4284 1202 4370 ἥκιστα
