2938 4864
344 307 429 362 Lilar
444 304 494 362 111.
528 303 599 360 Ado.
616 301 650 358 ad
670 301 750 358 Drm.
768 317 812 374 op.
830 302 926 374 ungu.
1126 305 1190 372 287

80 474 240 558 aliquoties
271 480 420 554 usurpant
453 468 665 554 μεταμέλομαι
694 473 725 531 et
754 467 994 548 impersonaliter
1024 470 1190 556 μεταμέλει

79 591 168 665 atque
196 582 295 662 ipsum
321 580 540 644 substantivum
568 573 772 662 μεταμέλεια,
803 595 841 639 eo
871 596 962 640 sensu
992 598 1053 659 qno
1082 587 1191 660 postea

80 691 245 770 scriptores
274 688 435 752 christiani.
483 689 562 750 Nam
589 687 672 771 quod
701 694 748 749 est
776 686 859 766 apud
885 687 1074 750 llerodoturn
1100 691 1129 766 9,
1155 693 1189 752 1:

80 797 117 858 τὰ
144 798 204 882 πρὸ
232 800 286 860 τοῦ
306 794 505 879 πεπρηγμένα
536 793 685 878 μετέμελε
712 791 815 872 οὐδέν,
836 793 867 854 id
895 794 967 857 satis
996 796 1106 875 probat
1135 796 1188 880 τὴν

82 904 285 987 μεταμέλειαν
314 903 362 966 νε]
396 900 580 986 μεταμελίην
618 902 796 966 Democrito
829 921 891 966 non
924 903 1017 966 luisse
1050 904 1191 984 ignotam.

82 1019 185 1096 Quare
211 1033 273 1076 non
300 1019 360 1088 est,
389 1011 475 1094 quod
501 1010 709 1072 Democritum
736 1010 825 1089 hm'us
850 1010 1007 1092 fragmenti
1035 1020 1191 1078 auctorem

81 1140 148 1182 esse
170 1138 322 1200 negemus.

167 1228 237 1292 103.
280 1226 566 1290 Pseudodemocrat.
587 1246 616 1290 n.
639 1229 693 1290 19:
721 1223 832 1288 πολλοὶ
858 1223 947 1307 λόγον
978 1227 1018 1310 μὴ
1042 1225 1192 1311 μαθόντες

83 1337 159 1406 ζῶσι
178 1335 255 1398 κατὰ
278 1333 387 1418 λόγον·
415 1335 527 1397 πολλοὶ
556 1333 591 1396 δὲ
621 1333 752 1417 δρῶντες
774 1332 812 1395 τὰ
836 1331 977 1417 alapam
997 1333 1107 1416 λόγους
1129 1336 1202 1420 apt-¹

84 1463 173 1510 ατους
194 1441 350 1506 doricum.
393 1445 481 1508 lllulti
504 1444 555 1527 qui
578 1443 723 1506 rationem
745 1461 807 1504 non
830 1441 1001 1518 excoluere,
1022 1463 1059 1505 ex
1076 1445 1192 1509 ratione

85 1549 197 1626 vivunt,
219 1550 304 1612 multi
325 1559 431 1614 contra
452 1553 626 1634 turpissima
645 1556 852 1632 perpetrantes
872 1569 976 1631 opera,
995 1552 1109 1632 optime
1132 1574 1193 1618 me-

84 1657 184 1720 ditetis
204 1663 330 1720 utuntur
347 1661 546 1723 sermonibus.

171 1769 239 1830 105.
283 1765 396 1828 Eadem
425 1761 571 1830 sententia
605 1766 715 1848 legitur
750 1767 827 1830 inter
854 1767 1194 1835 Pseudodemocraticas

83 1897 113 1938 u.
138 1877 177 1939 21
200 1897 248 1956 ap.
264 1875 372 1953 ‚Orell.,
400 1877 455 1939 sed
481 1877 521 1940 ibi
551 1875 657 1959 πρῆξιν
684 1883 714 1938 et
741 1875 853 1958 ζηλοῦν
879 1873 1029 1938 scribitur.
1078 1879 1193 1946 Sensus

84 1985 175 2064 hujus
213 1984 372 2063 fragmenti
407 1990 469 2046 est:
505 2005 538 2048 re
574 1985 733 2066 factoque,
775 2003 836 2046 non
873 1982 973 2048 verbis
1008 1984 1110 2049 virtuti
1147 1997 1194 2054 est

84 2092 276 2154 studendum.
318 2091 423 2154 Possis
446 2093 572 2154 forsitan
597 2093 635 2154 ad
662 2092 805 2168 litteram,
830 2091 885 2152 sed
912 2093 1010 2154 minus
1036 2093 1126 2158 latine
1148 2099 1193 2162 sic

83 2207 219 2264 vertere:
255 2219 305 2262 res
335 2208 365 2262 et
396 2220 491 2282 opera
517 2200 651 2278 virtutis,
689 2217 752 2260 non
778 2198 870 2262 verba
902 2200 1079 2265 aemulanda
1108 2215 1194 2280 snnt;

84 2318 115 2374 at
139 2309 271 2391 priorem
293 2306 508 2389 interpretandi
537 2307 684 2370 rationem
708 2325 809 2368 veram
834 2325 900 2370 esse
922 2327 939 2370 e
960 2311 1096 2392 sequenti
1116 2314 1196 2394 frag-

83 2423 188 2482 mento
209 2424 299 2498 patet.

173 2528 243 2591 107.
285 2524 468 2588 Mutavimus
489 2519 573 2591 ὅσοις
591 2523 620 2585 in
643 2519 752 2584 ὅσοισι.

173 2637 243 2698 108.
286 2635 430 2696 Formam
450 2631 672 2695 Democriteum
692 2627 857 2713 χρηέοντα,
883 2652 973 2715 qnam
994 2637 1053 2698 hoc
1075 2637 1147 2702 loco
1166 2648 1198 2703 et

83 2745 151 2808 Ecl.
174 2743 276 2819 ε11ι.11,
298 2741 361 2804 9.3
381 2759 532 2804 consensu
553 2745 675 2802 tuentur
695 2738 827 2816 codices,
848 2761 916 2804 cnm
936 2744 1114 2808 Barchardo
1133 2766 1198 2810 ser·

82 2853 215 2916 varrdam
237 2851 348 2931 putavi,
376 2849 448 2912 licet
469 2848 636 2912 lleerenius
659 2847 828 2928 posteriore
854 2849 928 2912 loco
947 2851 1089 2936 χρέοντα,
1114 2856 1198 2938 qnod

83 2961 209 3024 minime
238 2958 360 3039 probes,
398 2957 534 3034 ediderit,
564 2955 780 3018 Valckenarius
807 2963 907 3020 autem
928 2957 966 3022 τὰ
992 2960 1052 3045 χρὴ
1079 2960 1197 3038 ἑκόντα,

83 3069 174 3154 quod
189 3067 247 3130 hoc
268 3072 381 3128 tantum
401 3064 474 3127 loco
502 3063 576 3126 serri
601 3069 710 3143 potest,
736 3065 953 3129 lValteiieldins
975 3067 1011 3129 τὰ
1032 3067 1198 3152 χρῄζοντα,

86 3173 283 3240 Gaist'ordius
306 3180 337 3235 et
364 3173 498 3235 Orellins
525 3169 562 3232 τὰ
588 3169 648 3254 χρὴ
675 3168 764 3232 ἐόντα
794 3174 984 3238 scribendum
1004 3178 1198 3256 conjecerint.

87 3285 223 3349 Videtur
255 3282 335 3344 euim
361 3280 556 3344 Democritus
587 3278 638 3361 qni
669 3279 763 3342 multa
800 3283 950 3361 mutabat,
993 3289 1033 3367 μῦ
1068 3285 1198 3349 litteram

86 3396 138 3476 ρῶ
162 3388 326 3476 appellans
354 3409 391 3452 ac
422 3389 470 3452 vel
497 3388 663 3450 litterarum
691 3389 812 3450 nomina
831 3391 978 3470 flectebat,
1008 3391 1151 3462 δέλτατος
1170 3402 1200 3456 et

86 3501 223 3583 λήτατος
244 3497 348 3559 dicens
372 3496 425 3576 (cl.
447 3497 575 3559 Bekker.
605 3497 710 3558 anecd.
734 3518 763 3576 p.
787 3499 864 3574 781)
885 3498 944 3560 Ιιοο
965 3519 1087 3584 quoque
1109 3502 1200 3582 parti-

85 3609 203 3688 cipium
224 3605 337 3689 γρεών,
357 3604 440 3686 quod
465 3625 502 3665 ex
530 3607 626 3689 χρᾶον
655 3611 754 3666 ortum
782 3605 875 3668 ceteri
896 3608 1061 3688 scriptores
1079 3609 1202 3672 indecli-

86 3722 194 3778 netnm
214 3718 333 3794 ponunt
362 3712 415 3791 (ci.
443 3714 554 3774 Buttm.
583 3731 628 3791 gr.
654 3711 745 3792 ampl.
771 3710 800 3795 5.
822 3716 860 3776 57
887 3714 991 3779 adut
1018 3724 1048 3780 et
1076 3715 1103 3800 5.
1126 3721 1201 3801 111)

87 3844 150 3889 suo
173 3821 312 3903 periculo
329 3827 462 3882 mutasse
493 3827 523 3882 et
545 3821 719 3882 declinasse.
764 3821 842 3882 Vide
867 3842 960 3904 supra
981 3845 1048 3906 pag.
1074 3827 1143 3888 119.

178 3931 247 3993 109.
291 3927 439 3990 llolstenii
460 3929 552 3990 verba
573 3928 621 3990 hic
643 3928 754 3989 intacta
773 3927 890 4011 reliqui,
909 3932 960 4012 qni
980 3933 1039 3994 lroc
1056 3933 1203 4012 fragmen-

88 4045 154 4100 tum
178 4037 255 4099 inter
281 4036 442 4098 sententias
471 4035 817 4112 Pseudodemocraticas,
847 4036 898 4098 ubi
918 4039 1092 4102 vicesimum
1112 4040 1203 4120 septi-

87 4165 175 4210 mum
189 4145 297 4208 locum
317 4149 457 4222 occupat,
480 4141 692 4221 interpretatus
714 4149 768 4206 est.
797 4144 919 4206 Licebat
937 4154 1036 4210 autem
1049 4148 1094 4210 sic
1111 4147 1202 4230 paulo

88 4251 227 4332 pressius
250 4252 365 4314 dicere:
389 4269 450 4312 non
470 4249 562 4310 modo
580 4248 709 4328 laedere,
722 4251 777 4312 sed
796 4270 834 4313 ne
851 4252 928 4316 velle
943 4255 1063 4338 quidem
1082 4256 1204 4320 laedere
