2892 4872
387 333 473 390 Liber
494 334 515 391 l.
558 332 770 391 nuncuperis
791 335 858 394 rto.
985 405 987 410 k
1137 337 1179 402 9l

81 501 203 582 thargum
224 500 380 564 incidisset
400 505 568 584 posteaque
594 502 632 564 ad
655 521 689 566 se
707 501 866 566 rediisset:
893 504 964 566 Non
985 503 1113 587 ᾰοοιρίοί
1131 527 1180 569 me

79 627 157 670 amor
175 612 263 686 οἰιοο,
286 610 398 673 dixisse
420 615 502 674 etse
520 609 621 690 ipsum
645 610 742 673 evita
763 611 913 676 eduxisse.
949 612 1088 696 Denique
1099 615 1179 676 llar-

79 735 125 776 cus
150 717 319 780 Antoninus
347 717 523 780 Abderitsm
553 727 691 782 nostrum
720 719 830 782 morbo
856 719 1023 800 pedicrdari
1051 723 1178 804 periisse
1259 771 1262 778 .

78 823 158 887 tradit
170 825 220 890 lib.
241 827 281 888 lll
304 825 373 911 περὶ
395 831 454 889 τῶν
475 826 519 895 εἰς
540 826 649 890 ἑαυτὸν
671 832 744 891 sect.
764 827 793 891 3.
814 827 861 890 his
877 827 995 890 verbis:
1017 826 1177 914 Ἡράκλει-

77 951 121 1000 τος
145 933 290 1018 περὶτῆς
319 937 373 997 τοῦ
404 932 522 1020 κόσμου
553 934 759 1020 ἐκπυρώσεως
780 936 914 998 τοσοῦτο
943 936 1177 1020 φοοιολορήοας,

79 1037 177 1112 ὕδατος
196 1039 234 1104 τὰ
255 1041 341 1111 ἐντὸς
358 1041 543 1126 πληρωθεὶς,
564 1043 697 1129 βολβίτῳ
716 1040 993 1128 κατοκιχριορένος
1013 1040 1177 1105 ἀπέθανεν.

75 1145 250 1232 Δημόκριτον
281 1150 316 1213 δὲ
348 1151 381 1238 ⁰¹.
407 1151 549 1236 φθεῖρες·
591 1149 757 1234 Σωκράτην
788 1149 823 1212 δὲ
845 1148 936 1213 ἄλλοι
959 1149 1085 1235 φθεῖρες
1106 1148 1178 1213 ἀπέ-

75 1275 189 1319 κτεινον.
242 1259 411 1323 Democriti
444 1279 556 1324 nomen
586 1259 617 1322 in
645 1260 742 1322 lllarci
774 1258 877 1320 locum
910 1257 1079 1322 litterarum
1110 1279 1179 1322 cor-

75 1365 201 1443 ruptione
221 1368 339 1432 illatum
361 1387 429 1431 esse
450 1367 515 1432 vult
533 1368 690 1448 ltlenagius
714 1367 753 1430 ed
773 1369 872 1430 baert.
893 1365 946 1429 lib.
963 1367 1020 1446 lX,
1043 1369 1084 1430 43
1106 1387 1178 1450 pro-

73 1477 165 1549 pterea
185 1477 270 1559 quod
298 1477 454 1540 tlelledius
481 1475 512 1540 in
535 1475 775 1540 Chrestomsthia
795 1475 874 1556 opud
897 1475 1036 1537 Photium
1059 1481 1089 1540 et
1109 1475 1176 1538 Plu·

74 1583 181 1646 tarcbus
209 1585 239 1647 in
260 1585 368 1649 Sullae
391 1585 452 1647 vito
481 1585 520 1647 de
548 1585 584 1648 iis
611 1584 771 1667 loquentes
798 1584 850 1666 qui
870 1587 909 1667 τῇ
932 1583 1106 1669 ρθειριάοει
1126 1603 1179 1646 ve-

73 1691 141 1750 tusta
160 1699 257 1757 aetate
283 1692 437 1757 consumti
459 1699 538 1770 sunt,
566 1691 734 1755 Democriti
755 1711 818 1754 non
840 1691 966 1755 iecerint
985 1691 1177 1756 mentionem.

73 1795 126 1860 Sed
148 1798 176 1860 in
193 1801 240 1864 his
260 1801 402 1865 omnibus
420 1799 652 1864 narratiunculis
677 1819 716 1862 ne
736 1799 875 1863 umbram
896 1800 1017 1884 quidem
1043 1801 1177 1864 veritatis

72 1903 158 1970 inesse
174 1909 299 1972 abunde
319 1914 402 1991 patet
423 1929 461 1972 ex
479 1929 518 1972 eo
540 1909 624 1992 qnod
639 1909 833 1972 Antisthenes
855 1908 937 1988 opud
949 1909 1132 1990 Diogenem¹
1145 1909 1176 1992 ο)

72 2015 221 2080 memoriae
241 2017 358 2100 prodit,
378 2016 588 2081 Democritum
610 2018 692 2098 apud
711 2017 873 2080 Abderitas
901 2026 932 2082 et
954 2017 1054 2080 vivum
1074 2017 1176 2080 aeneis

72 2125 166 2190 statuis
187 2129 373 2191 honoratum
395 2133 426 2189 et
447 2133 600 2189 munuum
612 2125 744 2208 publicis
762 2125 911 2188 sumtibus
929 2125 1081 2206 sepultum
1100 2145 1176 2190 esse.

73 2234 124 2312 Qui
144 2235 219 2298 enim
240 2236 310 2317 ipse
339 2234 446 2298 mortis
467 2253 541 2298 suae
562 2241 671 2296 auctor
693 2239 812 2296 estant
831 2235 923 2297 ioedo
944 2233 1044 2295 morbi
1066 2252 1177 2313 genere

71 2339 241 2407 absumitur:
271 2343 300 2406 is
327 2360 475 2428 nusquam
501 2349 650 2405 terrerum
675 2341 806 2423 publicis
832 2341 979 2404 sumtibus
1009 2340 1177 2405 honorilice

72 2450 187 2516 eliertur.
237 2453 344 2532 ltaque
371 2450 446 2512 nihil
473 2452 580 2514 mirum
613 2451 644 2512 in
677 2449 844 2513 Democriti
876 2467 1003 2512 excessu
1030 2449 1176 2513 eccidisse

72 2558 262 2624 existimantes
288 2577 392 2622 senem
412 2558 606 2640 longissimae
628 2559 708 2622 vitae
729 2557 885 2621 laboribus
901 2558 1094 2640 perfunctum
1108 2575 1178 2620 oen-

71 2667 166 2732 tesimo
187 2671 252 2732 tere
268 2686 351 2732 anno
365 2667 372 2702 ¹
387 2667 416 2751 ¹)
436 2667 594 2751 acquiesse
615 2667 804 2730 arbitramur.

430 2976 810 3044 EXGURSUS.

143 3115 265 3180 Praeter
292 3114 468 3179 Abderitem
494 3115 545 3178 elii
579 3133 703 3198 quoque
735 3132 754 3175 ιι
785 3111 939 3175 veteribus
971 3113 1177 3172 memorantur

71 3219 235 3304 Democriti,
258 3245 389 3309 quorum
410 3232 509 3288 tamen
532 3223 623 3306 ponci
645 3221 760 3285 clarum
782 3221 953 3284 habuerunt
970 3237 1089 3281 nomen.
1129 3215 1176 3276 Ex

72 3327 111 3392 lis
130 3333 286 3414 praecipui
304 3339 391 3396 sont:

107 3442 138 3520 1)
155 3441 349 3506 Democritus
376 3441 471 3505 Chius
489 3439 633 3518 Musicus,
655 3435 820 3500 Abderitae
847 3433 982 3518 aequalis
1006 3439 1083 3496 teste
1101 3431 1178 3494 Dio-

145 3569 220 3631 gene
245 3550 367 3614 Laertio
398 3549 450 3613 lib.
471 3547 530 3625 nt,
551 3550 602 3611 ts.
646 3545 849 3610 llleminerunt
876 3543 940 3620 ejus
969 3541 1080 3606 Suidas
1100 3559 1124 3602 s.
1146 3558 1176 3603 v.

145 3659 271 3742 χιάζειν,
296 3657 409 3722 Pollux
426 3657 478 3720 lib.
500 3658 544 3720 lV
565 3676 632 3738 esp.
655 3658 674 3719 9
697 3653 726 3740 ξ).
751 3655 781 3716 l.
820 3649 1000 3714 Aristoteles
1021 3647 1175 3712 Rhetoric.

147 3767 191 3845 lll,
213 3771 244 3832 9.
294 3771 341 3832 De
370 3767 430 3829 hoo
456 3745 596 3828 omnium
617 3763 731 3846 optime
757 3759 818 3843 egit
843 3761 960 3822 Comes
994 3755 1024 3818 ἐν
1059 3753 1177 3838 traete

142 3869 378 3960 Ἀρχοιολορίοις
393 3867 474 3958 Ὕλῃ
495 3871 616 3938 ’Aeaee
661 3874 749 3935 Tom.
769 3871 807 3932 lll
836 3887 903 3950 ρος.
928 3867 988 3928 tot
1007 3883 1090 3949 seqq.

76 3991 266 4012 Ἀ-Ι--ι-ι

137 4055 173 4120 ¹⁰t
194 4052 365 4112 Antisthenes
386 4074 428 4124 ap.
448 4061 522 4124 Diog.
539 4057 583 4110 tib.
604 4059 644 4119 tx,
661 4053 710 4108 39:
736 4052 788 4117 (τὸν
806 4021 979 4122 Δημόκριτον)
998 4044 1176 4104 πεντακοσίοις

73 4127 199 4194 ταλάντοις
218 4137 368 4209 τιμηθῆναι,
389 4139 426 4210 μὴ
445 4137 524 4207 μόνον
543 4137 582 4202 tt,
600 4134 669 4190 ἀλλὰ
687 4135 733 4188 οιαὶ
754 4131 866 4206 χαλκοῖς
884 4127 975 4195 stetu,
999 4129 1044 4182 καὶ
1060 4125 1177 4198 seleon}-

74 4223 147 4266 νοντα
163 4215 241 4270 αὐτὸν
262 4218 376 4290 θημοοιρ
393 4223 515 4292 ταφῆναι,
538 4217 670 4288 βιώσαντα
688 4215 752 4286 ὑπὲρ
772 4213 805 4266 τὰ
822 4211 914 4266 θεατὸν
934 4211 989 4280 len.

139 4307 176 4370 ⁸¹>
198 4309 234 4362 ct.
252 4325 310 4377 cap.
326 4315 367 4366 m.
