2892 4872
259 322 322 388 148
412 349 417 356 ·
593 316 788 382 Quaestionum
814 314 1048 371 Democriteum

346 491 402 570 17)
422 483 497 572 Ilepl
518 483 709 568 καλλοσύνης
731 479 841 546 ἐπέων.

345 601 401 676 la)
425 593 499 677 Περὶ
526 591 675 678 εὐφώνων
710 591 762 654 καὶ
798 591 968 676 δυαφώνων
999 591 1196 675 γραμμάτων.
1247 593 1290 653 lta
1314 593 1375 672 leg.

261 729 329 770 enm
352 703 544 767 Froboniana
573 701 704 764 editione
730 706 762 760 et
788 699 856 760 cod.
884 697 979 762 I’aris.
1028 699 1162 762 Eandem
1192 701 1375 780 scripturam

261 813 412 896 expressit
441 809 688 873 Aldobrandinns
714 806 873 886 interpres.
924 807 1126 886 Improbauda
1153 815 1200 871 est
1227 808 1375 890 Stephani

259 924 352 987 lectio
370 919 567 1004 πραγμάτων.

344 1030 426 1092 XIII.
469 1023 524 1108 49)
539 1022 612 1107 Περὶ
627 1019 769 1105 Ὁμήρου
792 1019 812 1104 ἢ
837 1019 1020 1105 ὀρθοεπείης
1036 1021 1087 1084 καὶ
1108 1021 1285 1104 γλωσσέων.
1318 1025 1376 1087 Ju-

261 1139 374 1202 dicium
395 1133 564 1198 Democriti
586 1132 624 1194 de
647 1132 791 1208 Homero,
814 1129 898 1212 quod
919 1129 1025 1192 recitat
1054 1129 1115 1191 Dio
1135 1129 1375 1212 Chrysostomus

262 1253 338 1311 orat.
352 1245 414 1308 LIII
436 1243 508 1320 lnit,
522 1239 604 1303 haud
623 1238 714 1300 dubie
738 1257 776 1299 ex
796 1238 855 1300 hoc
878 1237 1030 1318 opusculo
1051 1238 1178 1320 petitum
1201 1245 1255 1302 est.
1294 1243 1375 1304 Vide

261 1359 366 1436 fragm.
390 1371 453 1415 var.
474 1367 536 1428 arg.
557 1347 585 1409 3.
634 1346 830 1422 Eustuthium,
851 1345 922 1407 licet
943 1348 1064 1428 saepius
1083 1349 1290 1411 Democritum
1308 1349 1376 1412 lau-

262 1465 322 1538 det,
340 1481 400 1524 non
420 1455 587 1539 putaverim
610 1455 730 1533 ejusde
748 1455 883 1516 llomero
906 1472 985 1533 opus
1008 1455 1126 1534 legisse,
1148 1456 1204 1518 sed
1228 1457 1376 1538 quidquid

262 1589 357 1634 exeo
379 1566 504 1648 profert,
524 1561 645 1624 aliunde
671 1561 814 1626 hausisse.
863 1563 907 1622 lta
929 1563 1012 1644 quod
1031 1563 1067 1625 ad
1086 1561 1118 1624 ll.
1139 1561 1163 1644 γ’
1185 1563 1300 1626 initirrm
1320 1567 1376 1628 ad-

261 1684 349 1740 notat
374 1673 481 1758 γάμμα
510 1670 691 1732 elementum
720 1667 824 1752 γέμμα
850 1677 1055 1750 nrurcupatum
1081 1689 1148 1732 esse
1175 1672 1214 1733 ab
1242 1673 1374 1736 donibus

263 1783 470 1866 imprimisque
488 1779 527 1841 ab
554 1777 731 1840 Democrito
762 1777 814 1860 qui
842 1783 872 1838 et
899 1796 957 1858 pro
980 1781 1020 1859 μῦ
1050 1778 1160 1840 dixerit
1182 1781 1244 1860 μῶε
1282 1780 1313 1842 14
1334 1801 1372 1844 ex

262 1893 362 1958 Photii
400 1889 501 1952 lexico
542 1907 571 1965 p.
591 1887 653 1949 185
687 1886 878 1966 depromtum
913 1885 1041 1948 videtur.
1101 1885 1146 1947 Ibi
1184 1888 1264 1949 enim
1296 1891 1373 1952 haec

262 2000 422 2062 habentur:
446 1991 522 2057 hlo-
553 1993 587 2054 rd
612 1996 653 2076 μῦ
675 1995 843 2076 στωχεῖον·
872 1989 1070 2074 Δημόκριτος.
1114 1994 1259 2058 Eustathii
1279 1997 1374 2059 verba

262 2113 347 2169 sunt:
364 2099 476 2164 Ἰστέον
500 2101 535 2164 δὲ
558 2099 604 2163 ὅτι
625 2101 659 2164 τὸ
678 2100 786 2183 γάμμα
805 2103 955 2184 στοιχεῖον
977 2096 1081 2182 γέμμα
1095 2101 1185 2184 φασὶν
1197 2098 1302 2169 Ἴωνες
1319 2103 1373 2166 καὶ

263 2213 393 2296 μάλιστα
416 2207 613 2293 Δημόκριτος,
640 2207 674 2277 ὃς
698 2206 748 2270 καὶ
775 2206 810 2269 τὸ
841 2210 890 2290 μῦ,
922 2210 970 2290 pah
994 2206 1085 2289 λέγει,
1106 2209 1149 2275 ὡς
1169 2208 1200 2270 ἐν
1222 2206 1374 2296 ῥητορικῷ

263 2319 388 2403 εὕρηται
417 2315 536 2401 latrant.
585 2317 668 2380 Idem
695 2315 867 2378 Eustatlrius
894 2316 1065 2396 adOdyss.
1087 2336 1154 2397 pag.
1179 2318 1373 2380 1711446661

263 2447 301 2490 ex
321 2425 507 2502 Democrito,
533 2431 659 2486 matrem
683 2423 807 2486 Eumaei
835 2423 886 2505 qui
914 2423 1030 2503 Ulyssis
1053 2443 1124 2486 sues
1145 2427 1295 2506 pascebat,
1317 2428 1375 2488 Pe-

261 2536 341 2596 niam
363 2539 502 2596 vocatum
527 2533 631 2596 luisse.
680 2533 816 2592 Deorum
836 2531 990 2592 historiam
1010 2531 1172 2612 allegorice
1193 2533 1376 2612 iuterpreta-

261 2651 310 2706 tus
332 2649 378 2703 ost
396 2642 597 2719 Democritus,
625 2641 656 2703 id
681 2639 762 2722 quod
792 2659 860 2700 cum
888 2637 1009 2700 aliunde
1035 2639 1210 2717 conficitur,
1240 2647 1303 2702 tum
1333 2663 1375 2704 ex

261 2747 462 2832 τριτογενείας
482 2748 683 2829 explicatione
706 2767 794 2829 quam
820 2746 906 2810 affert
929 2747 1062 2809 Eustath.
1083 2747 1121 2809 ad
1142 2747 1224 2810 Iliad.
1244 2746 1270 2812 θ’
1299 2771 1373 2831 pag.

262 2859 324 2918 676
345 2858 432 2934 (696,
454 2857 519 2936 37).
557 2855 637 2918 Vide
658 2875 751 2936 supra
777 2854 894 2918 titulum
915 2856 944 2916 4.
988 2855 1035 2917 ct.
1062 2861 1218 2935 praetereo
1238 2857 1374 2924 Eustath.

261 2966 299 3027 ad
318 2965 401 3026 Iliad.
427 2985 455 3044 p.
466 2965 536 3026 370.
548 2962 601 3038 Α.;
623 2985 652 3044 p.
674 2965 751 3036 690;
774 2983 804 3042 p.
827 2965 960 3037 862.B.;
985 2982 1014 3042 p.
1024 2964 1086 3025 995
1104 2969 1135 3024 et
1153 2964 1190 3024 ad
1211 2965 1321 3045 odyss
1340 2989 1374 3048 p.

264 3075 354 3150 1441,
377 3075 442 3142 16.;
465 3093 494 3152 p.
507 3073 597 3148 1490,
617 3073 682 3144 61.;
702 3092 732 3150 p.
757 3071 851 3144 1518;
874 3091 903 3150 p.
929 3071 1010 3132 1713
1032 3079 1061 3132 61
1081 3091 1149 3150 pag.
1170 3075 1260 3136 1766.
1303 3077 1374 3138 1166

262 3181 338 3242 adde
367 3180 469 3242 Srhol.
503 3179 623 3241 Villois.
656 3179 697 3240 ad
720 3177 802 3241 Iliad
832 3177 884 3240 lib.
904 3178 982 3254 Vlll,
1012 3197 1040 3240 ν.
1058 3178 1098 3240 39
1128 3182 1241 3242 61192
1273 3189 1303 3244 ct
1331 3185 1374 3245 ad

261 3287 313 3348 lib.
338 3287 500 3362 71111137
527 3292 558 3350 61
582 3288 653 3349 311.
707 3287 846 3366 Denique
871 3283 940 3345 vide
966 3284 1069 3348 Schol.
1098 3285 1245 3366 Lipsiens.
1275 3291 1314 3350 ad
1335 3291 1372 3354 D.

261 3392 313 3455 lib.
334 3395 397 3470 Vll,
419 3396 481 3457 446
500 3401 530 3456 61
551 3395 590 3455 ad
611 3393 663 3456 lib.
686 3395 764 3471 Vlll,
787 3394 838 3456 39.
890 3396 993 3473 Quum
1013 3393 1207 3456 Democritus
1229 3415 1373 3476 maguum

198 3577 200 3586 y
261 3500 292 3560 in
313 3502 446 3562 Ilomero
475 3501 607 3564 studium
633 3501 785 3583 posuerit,
811 3519 873 3562 non
901 3499 1134 3580 improbaverim
1166 3501 1279 3565 Valesii
1305 3505 1373 3585 opi-

258 3607 379 3668 nionem
398 3608 553 3672 Emendat.
575 3609 626 3673 lib.
654 3610 684 3671 V
703 3617 733 3670 et
754 3607 791 3668 de
811 3606 915 3668 critica
934 3607 985 3668 lib.
1008 3608 1033 3668 Il
1059 3627 1088 3687 p.
1112 3611 1172 3671 158
1193 3611 1371 3690 pronuntia-

259 3719 331 3789 tam,
350 3714 558 3777 Democritum
580 3735 646 3778 esse
668 3715 801 3777 omniurn
824 3713 962 3794 primunr,
983 3714 1035 3796 qui
1060 3715 1098 3776 de
1120 3716 1231 3797 glossis
1255 3717 1274 3780 1.
1283 3739 1309 3782 e.
1331 3721 1373 3782 de

260 3821 427 3902 peregrinis
447 3822 496 3884 vel
516 3823 615 3885 miuus
636 3823 713 3884 tritta
732 3822 858 3884 vocibus
879 3820 983 3900 egerit

343 3930 399 4009 50)
420 3925 494 4012 Περὶ
519 3929 635 4011 ἀοιδῆς.

341 4037 397 4116 61)
419 4033 495 4120 Περὶ
521 4035 674 4119 ῥημάτων.
726 4039 793 4100 1166
828 4035 933 4098 libello
964 4037 1173 4100 Democritum
1208 4039 1246 4100 de
1278 4041 1373 4103 rebus

259 4143 460 4221 grammaticis
483 4149 642 4220 tractasse,
673 4145 745 4207 satis
777 4145 966 4208 manifestum
993 4153 1048 4208 est
1100 4145 1272 4208 Nonnullae
1305 4148 1372 4224 ejus

258 4249 416 4330 opiniones
439 4257 557 4314 veteres
575 4261 740 4316 servarunt
782 4252 911 4316 Procius
939 4252 977 4315 ad
1001 4251 1118 4316 I'laton.
1140 4252 1253 4334 (lratyl
1277 4257 1369 4317 616
