2938 4864
300 287 365 354 322
633 286 830 352 erearum
847 285 1079 344 Drnmftearear
1135 319 1141 330 ·

387 456 457 518 943.
501 455 663 536 Reperitnr
688 455 764 518 lraec
792 455 941 518 sententia
961 454 1043 535 apud
1061 454 1225 518 Maximum
1249 455 1425 536 praemisso

305 565 394 630 titulo
416 563 621 647 Δημοκρίτου,
645 561 839 644 Ἰσοκράτους
858 561 907 623 καί
934 557 1115 646 Ἐπικτήτου
1144 565 1173 624 in
1193 565 1274 625 bunc
1296 565 1428 624 morium

306 677 433 756 scripta:
463 669 570 740 Ξίνοις
602 669 767 754 μεταδίδου
800 669 850 730 acl
878 673 943 736 τοῖς
964 667 1124 752 δεομένοις
1146 668 1179 731 ἐκ
1201 674 1263 732 τῶν
1288 667 1429 731 ἐόντων·

308 785 325 848 δ
347 783 405 866 γὰρ
429 780 470 864 μὴ
486 777 589 847 διδοὺς
604 774 744 861 δεομένῳ
760 775 835 839 atat
851 771 942 844 αὐτὸς
957 776 1088 860 λήψεται
1103 775 1259 858 δεόμενος.
1293 779 1431 839 Jonicae

308 891 429 956 dialecti
447 886 607 967 vestigium
627 885 657 947 in
679 904 757 948 voce
779 882 892 946 ἐόντων
906 883 1116 946 Democritum
1131 885 1252 948 videtrrr
1264 893 1431 946 auctorem

309 997 458 1081 prodere,
484 999 518 1056 ut
544 999 678 1056 statuunt
706 991 840 1054 Orellins
869 1009 937 1070 pag.
962 991 1023 1053 523
1055 999 1085 1053 ei
1114 992 1431 1072 Schweighaeuserns

310 1107 349 1169 ad
360 1102 491 1185 Epicteti
512 1103 618 1182 fragm.
632 1103 692 1163 108
707 1119 775 1180 pag.
788 1099 860 1162 908.
904 1100 972 1160 Hoc
992 1099 1153 1178 vestigium
1173 1101 1335 1180 negligens
1351 1103 1430 1162 Bnr-

309 1215 439 1282 ahardus
460 1215 490 1272 et
511 1229 568 1290 pro
589 1208 757 1290 scripturae
778 1207 889 1268 mendo
913 1207 1026 1270 babens
1049 1208 1225 1270 sententiam
1242 1209 1430 1271 Democrito

309 1318 502 1406 abjudicavit

395 1429 467 1494 eft.
510 1423 705 1486 Dnrclrarrlns
732 1421 782 1500 ait,
814 1421 937 1502 regulae
962 1422 1009 1484 iris
1036 1422 1137 1484 verbis
1159 1442 1327 1504 expressae
1351 1424 1430 1487 inter

310 1536 450 1605 isocratis
485 1539 647 1612 praecepta
677 1529 847 1592 Demonico
877 1529 948 1592 data
979 1536 1030 1592 ant
1059 1531 1090 1592 in
1121 1531 1251 1612 Epicteti
1284 1533 1428 1594 doctrina

309 1643 419 1712 morali
439 1639 677 1710 adolescentium
703 1637 772 1700 usui
803 1637 958 1714 destinate,
983 1638 1037 1700 sed
1059 1657 1247 1722 nequaqnam
1273 1639 1358 1703 inter
1379 1661 1427 1720 ga-

309 1753 423 1818 neralia
441 1745 609 1810 Democriti
637 1747 778 1827 dogmata
804 1744 907 1806 locum
936 1747 1065 1808 concedi
1085 1766 1186 1826 posse,
1209 1746 1347 1828 ideoque
1369 1751 1428 1810 lrnr

312 1861 510 1941 fragmentum
538 1853 617 1914 inter
645 1855 803 1934 supposita
828 1853 999 1916 collocavit.
1049 1857 1088 1917 Ut
1108 1863 1207 1917 sutem
1225 1857 1302 1918 baec
1324 1860 1428 1926 verba.

311 1987 388 2053 quae
408 1981 497 2026 nenio
528 1960 638 2040 dogma
660 1960 897 2024 Democritioum
925 1981 992 2022 esse
1015 1962 1173 2040 judicabit,
1203 1983 1222 2022 a
1243 1965 1427 2028 Democrito

312 2075 373 2140 dici
396 2069 533 2156 potuisse
554 2087 660 2130 ornnes
682 2068 859 2149 intelligunt,
884 2069 964 2146 licet,
994 2069 1023 2130 in
1047 2089 1109 2151 qno
1129 2069 1207 2132 libro
1227 2070 1340 2133 eliserit
1363 2076 1427 2152 phi-

311 2183 461 2264 losoplrns
493 2177 684 2258 ignoremus,
712 2177 754 2240 ita
789 2197 850 2239 non
880 2178 1125 2240 committendum
1157 2184 1212 2254 est,
1243 2187 1278 2240 nt
1311 2179 1343 2241 in
1370 2184 1425 2242 irae

312 2296 547 2372 fragmentorum
571 2285 722 2366 paucitate
746 2294 880 2348 nostram
908 2287 1011 2366 potius
1040 2284 1194 2347 libidinem
1217 2307 1306 2368 qnnnr
1335 2291 1424 2351 codri.

311 2397 520 2466 auctoritatem
538 2413 708 2476 sequamur.
1088 2367 1105 2393 ⁸

396 2507 469 2568 eto.
512 2502 708 2564 Burcbardus
728 2501 787 2564 lroc
810 2501 1010 2582 fragmentum
1032 2501 1336 2566 circumlocutionem
1358 2525 1423 2566 esse

312 2615 461 2682 existimat
495 2609 644 2672 brevioris
670 2611 853 2684 sententiae,
884 2630 973 2690 quarn
1000 2611 1079 2674 Max.
1112 2631 1142 2692 p.
1165 2613 1226 2674 543
1255 2611 1423 2690 Aristoteli,

313 2722 462 2788 Antonine
489 2739 557 2799 pag.
581 2720 643 2782 518
668 2717 776 2780 Soloni
804 2718 951 2780 attribuit:
986 2715 1025 2780 ‘0
1055 2719 1184 2786 πολλοῖς
1212 2720 1349 2803 φοβερὸς
1377 2723 1420 2784 ὧν

312 2829 448 2896 πολλοὺς
479 2827 637 2909 φοβεῖται,
669 2831 759 2906 atque
789 2827 905 2890 idcirco
936 2827 1015 2888 lrnnc
1047 2826 1149 2888 locunr
1180 2849 1197 2890 e
1226 2829 1423 2909 fragminibus

312 2934 514 3004 Denrocriteis
544 2933 633 2996 delet
685 2933 748 2994 Sed
773 2933 885 2996 similes
912 2934 1040 2997 aliorum
1070 2935 1236 2998 sententiae
1264 2957 1326 2998 non
1357 2958 1421 2998 earn

312 3049 423 3110 debent
453 3041 563 3104 babere
592 3042 661 3119 vim,
692 3049 727 3102 ut
755 3041 965 3103 Democriteae
994 3042 1024 3103 in
1059 3040 1182 3110 robetae
1214 3044 1420 3126 suspicionem

310 3161 465 3220 vocentur.
517 3151 657 3232 Namque
688 3150 744 3210 bac
774 3149 899 3226 ratione,
929 3155 963 3212 ut
992 3169 1054 3213 uno
1089 3153 1236 3232 defungar
1270 3154 1420 3234 exemplo,

312 3265 510 3341 fragmentum
536 3260 596 3321 140
620 3255 786 3320 Democriti
806 3277 874 3318 esse
895 3277 956 3320 non
977 3265 1089 3339 posset,
1112 3260 1166 3322 sed
1186 3263 1361 3325 necessario
1382 3264 1419 3324 ad

310 3368 494 3434 lleraclitnrn
517 3374 673 3429 auctorem
692 3371 819 3444 propter
840 3385 975 3445 magnam
991 3387 1060 3428 cunr
1081 3368 1146 3446 ejus
1167 3368 1419 3450 apoplrtlregmate

309 3475 532 3541 similitudinem
554 3473 744 3536 referendum
767 3473 855 3535 foret.
973 3473 975 3476 ’

393 3584 464 3644 946.
504 3579 680 3649 Ἐναντίους
701 3583 761 3644 lroc
782 3580 854 3642 loco
882 3581 1020 3662 intelligit
1041 3581 1235 3644 Democritus
1258 3586 1362 3648 lrostes
1388 3587 1416 3648 in

309 3692 375 3756 acie
392 3691 561 3772 oppositos
589 3695 624 3751 ut
645 3691 708 3768 jorn
739 3711 785 3770 ap.
805 3691 927 3752 llomer.
952 3689 985 3751 ll.
1008 3690 1059 3766 Vl,
1078 3691 1138 3752 106
1162 3697 1192 3752 et
1211 3691 1285 3754 alibi
1307 3695 1417 3773 reperi-

308 3821 386 3864 mus.
430 3799 610 3879 Suspectam
628 3799 732 3862 lrabnit
751 3801 828 3860 hanc
849 3797 1026 3860 sententiam
1048 3817 1117 3858 cnm
1137 3802 1330 3878 praecedenti
1343 3803 1415 3862 llnr-

308 3909 437 3974 cbordns
459 3914 622 3987 propterea
642 3907 725 3988 qnod
746 3908 910 3987 fragrneuta
929 3925 1006 3988 quae
1027 3911 1195 3986 sequuntur
1210 3908 1293 3986 apnrl
1306 3909 1412 3970 Anton.

307 4025 338 4080 et
359 4019 437 4079 ltiax.
475 4015 617 4077 isocratis
639 4015 760 4076 nomine
782 4015 1009 4094 insignitasnnt.
1051 4015 1124 4075 lnde
1146 4015 1193 4074 vir
1207 4015 1411 4095 sagacissimus

305 4125 415 4205 coegit,
437 4134 595 4204 utramque
618 4123 795 4184 sententiam
816 4121 936 4202 petitam
955 4141 1022 4183 esse
1043 4141 1060 4184 e
1080 4121 1218 4184 collectis
1236 4126 1409 4198 Democriti,

302 4233 444 4295 isocratis
462 4238 493 4294 et
513 4230 643 4311 Epicteti
670 4229 825 4293 sententiis
832 4277 840 4308 ,
870 4231 908 4292 de
938 4230 1047 4312 quibus
1061 4233 1125 4310 jaun
1154 4249 1248 4312 supra
1269 4233 1347 4296 facta
1368 4244 1409 4298 est
