2984 4876
364 304 448 360 Liber
460 305 510 362 lll.
547 305 700 360 Democriti
719 323 830 376 operum
850 308 1011 380 fragmenta.
1182 312 1247 378 229

125 471 235 556 ἀέρος·
275 473 310 534 τδ
337 469 385 535 δέ,
402 467 489 532 ένδον
522 468 566 532 ἔτι
594 471 730 553 μεμυκὸς
758 469 877 534 ἁπαλόν
908 471 981 536 ἐστι.
1031 473 1093 539 Καὶ
1125 479 1158 542 τδ
1187 480 1242 563 μὲν

127 579 330 662 σκληρύνεται
357 578 415 641 ύπδ
444 580 497 658 τῆς
518 574 634 647 ἔξωθεν
658 575 788 661 ψύξεως,
817 579 851 641 τὸ
874 580 909 642 δὲ
929 581 1049 646 ἁπαλὸν
1075 585 1160 667 μένει
1181 585 1240 649 ύπδ

124 691 180 770 τῆς
212 687 299 751 ἔνδον
330 684 434 753 ἀλέας.
487 681 607 748 Ούιιούν
637 686 657 768 ἡ
689 683 829 768 έπίφυυις
861 691 917 749 τοῦ
951 686 1022 750 νέου
1056 690 1184 774 κέρατος
1204 694 1238 756 τὸ

123 793 330 880 πρεσβύτερον
364 796 407 861 ὡς
433 791 593 875 ἀλλότριον
623 792 746 867 ἐξωθεῖ,
787 792 945 878 θλίβοντος
978 801 1033 860 τοῦ
1064 795 1151 860 ἔνδον
1186 801 1238 863 καὶ

124 901 259 967 ἀνωθεῖν
283 905 373 964 τοῦτο
396 899 551 976 θέλοντος,
579 901 631 962 καὶ
661 900 841 974 δδυνῶντος,
861 901 912 963 καὶ
932 903 1109 988 ορύζοντος,
1132 907 1236 992 ὥσπερ
1297 947 1298 952 1

125 1007 327 1091 ἐπειγομένου
355 1006 503 1091 τεχθῆναι
525 1009 576 1070 καὶ
598 1006 772 1093 προελθεῖν.
811 1003 852 1068 ‘H
876 1008 933 1091 γάρ
954 1033 1001 1072 τοι
1020 1012 1109 1096 ἰκμὰς
1126 1037 1235 1098 πηγνυ-

125 1114 202 1198 μένη
224 1114 276 1178 καὶ
308 1113 562 1178 ύπανατέλλουσοι
591 1115 732 1200 ἀτρεμεῖν
752 1112 901 1181 ἀδύνατός
924 1114 1001 1178 ἐστι·
1034 1119 1158 1183 δύναται
1178 1123 1236 1206 γὰρ

125 1221 202 1305 αὐτὴ
225 1220 342 1304 σκληρὰ
370 1219 519 1306 γενομένη
547 1223 598 1285 καὶ
624 1221 791 1286 έπωθεῖται
816 1227 879 1292 τοῖς
906 1223 1074 1310 προτέροις.
1117 1225 1179 1291 Καὶ
1199 1229 1236 1292 τὰ

125 1329 181 1411 μὲν
203 1329 300 1391 πλείω
324 1327 515 1414 έκθλίβονται
537 1329 595 1392 ύπδ
619 1334 672 1412 τῆς
693 1329 798 1416 ἰσχύος
819 1335 871 1414 τῆς
893 1328 999 1393 ἔνδον·
1023 1331 1083 1417 ἤδη
1113 1333 1148 1396 δέ
1171 1357 1237 1397 τινα

124 1436 176 1499 καὶ
197 1437 321 1504 κλάδοις
339 1435 562 1521 περιτχεθέντα
582 1437 632 1500 καὶ
655 1435 857 1520 ἐμποδίζοντα
878 1436 921 1505 είς
940 1439 991 1500 τδν
1016 1440 1097 1504 ὠκύν
1121 1439 1235 1525 δρόμον

125 1543 184 1606 ύπδ
209 1543 315 1627 ῥώμης
335 1545 369 1606 τδ
392 1543 498 1627 θηρίον
527 1541 705 1628 ὠθούμενον
737 1543 898 1631 ἀπέρρηξε.
942 1542 1004 1609 Καὶ
1026 1547 1062 1610 τὰ
1086 1548 1140 1630 μὲν
1164 1546 1234 1618 ἐξώ-

125 1649 224 1726 λιεθε,
254 1649 291 1713 τὰ
316 1652 351 1714 δὲ
381 1649 490 1732 έτοιμα
520 1648 675 1713 ἐκκύπτειν
706 1652 726 1734 ἡ
758 1651 847 1736 φύσις
873 1655 1010 1738 προάγει.
1061 1655 1175 1718 Aelian.
1197 1657 1235 1718 de

122 1759 241 1822 animal.
262 1765 358 1822 uetur.
378 1759 429 1821 lib.
451 1759 512 1819 Xll
532 1779 596 1840 cap.
620 1761 668 1821 18.

208 1869 237 1928 6.
282 1862 355 1933 Τοῖς
380 1863 499 1947 πυρίαις
527 1865 631 1949 βουσί,
658 1865 847 1951 Δημόκριτος
877 1867 969 1952 λέγει,
998 1870 1116 1946 ακολιοί,
1139 1869 1234 1932 λεπτὰ

123 1974 174 2038 καὶ
199 1972 301 2056 μακρὰ
324 1970 434 2056 φύεται
452 1971 488 2033 τὰ
511 1970 641 2054 κέρατα·
674 1976 735 2040 τοῖς
756 1975 790 2036 δὲ
813 1973 952 2059 ένύρχοις
971 1975 1076 2061 παχέα
1096 1975 1132 2038 τὰ
1158 1977 1233 2061 πρὸς

122 2079 164 2164 τῇ
184 2080 264 2164 ῥίζῃ,
284 2079 336 2142 καὶ
355 2077 434 2162 ὀρθὰ
457 2078 507 2140 καὶ
530 2079 606 2162 πρὸς
626 2083 721 2163 μῆκος
741 2082 915 2165 προήκοντα
935 2083 1034 2167 ἧττον.
1076 2079 1137 2144 Καὶ
1157 2083 1231 2143 πλα-

122 2189 321 2272 τυμετιύπους
357 2185 433 2248 εἶναι
464 2184 546 2268 λέγει
574 2185 700 2255 τούτους
728 2191 787 2249 τῶν
820 2187 932 2272 ἑτέρων
964 2192 1072 2272 rolleni
1105 2191 1232 2272 μᾶλλον.

123 2415 237 2471 manle:
270 2411 353 2490 quod
383 2409 461 2471 inira
489 2416 588 2471 cutem
621 2409 719 2470 adhuc
747 2408 897 2471 inclusum
917 2415 1043 2488 tenetur,
1064 2409 1155 2472 molle
1177 2417 1230 2472 cst„

123 2515 225 2598 Atque
247 2516 374 2578 alterum
403 2517 525 2599 quidem
550 2522 674 2578 externa
699 2515 927 2596 refrigeratione
956 2517 1085 2598 rigescit,
1106 2517 1232 2577 alterurn

123 2624 242 2684 interno
264 2624 366 2686 calore
390 2624 547 2686 mollitiem
572 2630 680 2685 servat
726 2623 880 2704 Quocirca
909 2643 1015 2686 recens
1046 2643 1142 2686 cornu
1162 2622 1233 2683 sub·

123 2749 250 2792 nascens
289 2736 376 2794 vetus
400 2737 541 2811 tanquam
575 2731 705 2792 alienum
734 2729 873 2807 expellit,
909 2730 978 2794 dnm
1009 2730 1135 2792 interior
1160 2749 1231 2809 pars

124 2836 234 2917 premit
267 2837 392 2899 alteram
423 2857 548 2918 eamque
577 2857 697 2900 sursum
724 2837 840 2916 pellere
867 2838 957 2918 gestit
987 2835 1135 2918 simulque
1165 2855 1230 2898 eam

123 2945 231 3006 dolore
252 2943 345 3007 afficit
368 2950 399 3005 et
428 2944 494 3024 ipsa
518 2963 535 3006 e
563 2943 670 3005 dolore
687 2943 814 3020 laborat,
844 2943 928 3023 quasi
954 2943 1097 3005 nascendi
1116 2943 1231 3023 cupidi-

123 3059 184 3114 tate
205 3051 333 3131 flagratis
361 3058 391 3113 et
415 3052 445 3112 iu
471 3051 570 3112 lucem
587 3069 788 3130 prorumpere
817 3050 968 3112 festinans
1012 3053 1128 3112 Humor
1150 3051 1230 3112 eninr

123 3179 324 3222 concrescens
360 3179 396 3221 ac
429 3159 572 3238 parrlntiru
613 3177 740 3237 surgens
783 3157 925 3219 immotus
957 3177 1078 3220 manere
1113 3158 1230 3238 nequit:

123 3267 236 3348 quippe
257 3266 371 3328 viribus
392 3267 496 3345 pollet,
523 3272 681 3346 postquam
705 3265 847 3346 obriguit,
874 3271 904 3325 et
927 3265 959 3324 iu
980 3265 1083 3344 priora
1104 3264 1232 3344 irupelli-

123 3383 181 3436 tur.
223 3375 326 3455 ltaque
355 3393 463 3453 magna
490 3393 638 3436 cornuum
663 3393 734 3454 pars
767 3375 884 3435 interno
917 3371 1029 3433 robore
1058 3373 1230 3452 expellitur:

1 3517 2 3524 τ
123 3481 268 3542 nonnulla
293 3481 382 3543 etiarn
404 3481 547 3543 arborum
567 3482 657 3542 rantis
688 3480 914 3560 circumplicati
938 3485 969 3539 et
991 3479 1084 3540 lerarn
1104 3483 1142 3542 ad
1165 3501 1233 3544 cur-

123 3608 189 3649 sum
220 3587 371 3649 incitatam
405 3588 596 3667 impedientia
626 3589 655 3650 vi
687 3587 827 3666 abrumpi
853 3585 960 3648 solent.
1013 3586 1066 3648 Sic
1094 3588 1145 3648 ubi
1175 3587 1233 3648 alia

123 3695 203 3756 lente
232 3694 425 3774 prodierunt,
447 3695 505 3756 alia
531 3695 571 3756 ad
600 3695 789 3758 enrineudunr
812 3699 916 3773 parata
936 3697 1061 3756 naturae
1084 3694 1232 3755 beneficio

124 3801 330 3881 proferuntur.

208 3910 237 3969 6.
279 3907 403 3968 Bubulo
430 3908 536 3987 pecori
561 3913 692 3970 castrato
720 3907 913 3968 Democritus
938 3907 980 3968 ait
997 3913 1142 3979 tortuosa,
1166 3925 1234 3984 grn-

124 4015 202 4090 cilia,
224 4012 317 4094 longa
343 4014 427 4074 nasci
459 4033 584 4089 cornua,
613 4021 720 4076 contra
742 4013 868 4076 testibus
895 4015 1034 4095 praedito
1057 4013 1159 4075 enasci
1189 4033 1236 4074 se-

124 4121 256 4182 cundum
281 4119 412 4182 radicem
442 4141 558 4200 crassa,
592 4129 676 4185 recta
702 4121 860 4204 minusque
883 4121 1011 4202 prolixa«
1052 4121 1116 4183 llos
1137 4120 1237 4184 latiori

124 4247 215 4310 quam
235 4227 347 4290 alteros
371 4229 470 4292 iconie
492 4249 560 4292 esse
581 4229 662 4292 dicit.
704 4229 784 4292 Nam
809 4251 901 4312 quum
921 4229 957 4292 iis
977 4227 1088 4292 nrultaa
1109 4230 1168 4292 sint
1189 4247 1239 4292 ve-
