2956 4860
399 325 483 380 Liber
500 323 521 380 l.
562 321 604 377 lie
620 321 770 378 liemccriti
790 323 856 378 vita.
1145 321 1186 388 11

86 517 132 562 nee
164 497 196 560 in
222 497 288 576 eius
312 495 374 557 vite
389 491 442 573 ³⁰)
466 491 575 574 prodit
629 489 814 570 Adjiciomus
849 489 898 551 hic
926 488 1117 572 quorundum
1133 488 1186 572 ³¹)

87 605 331 682 existimationem,
362 602 515 665 numerari
540 599 618 662 inter
643 597 810 662 Democriti
832 597 1000 678 discipulos
1019 603 1049 660 et
1069 597 1187 680 liippo-

87 723 189 778 cratem
208 713 358 777 medieum
384 715 485 774 ortum
505 707 627 789 Olymp.
646 707 697 785 80,
718 709 734 770 1
759 707 871 770 mensis
899 703 1025 785 Agriani
1045 712 1132 769 sexto
1156 711 1187 769 et

87 822 220 886 vicesimo
241 822 291 885 die
314 828 349 888 ut
368 821 504 884 Soranus
525 817 557 878 in
576 816 641 894 ejus
661 815 722 878 uita
742 835 780 878 ex
799 815 994 876 Hietornaeirc
1015 820 1045 876 et
1060 815 1186 878 Sorano

86 933 145 994 Goo
165 931 322 995 adnotavit
336 927 399 1010 ³²).
448 926 546 989 Aulus
573 923 691 988 Gellius
709 923 801 986 Noct
822 919 913 982 Attio.
931 920 1032 996 XVll,
1054 920 1104 981 ei.
1127 921 1185 983 sic:

85 1040 198 1123 „itaque
220 1039 273 1122 qui
298 1038 377 1102 inter
398 1039 474 1100 ireec
488 1031 541 1116 ³³)
568 1039 707 1114 tempora
737 1027 855 1096 nobiles
877 1027 1072 1110 celebresque
1094 1034 1186 1106 erent,

85 1333 154 1390 αδτδν
173 1332 316 1390 ἀποθανεῖν
336 1332 409 1406 ίγγδς
429 1331 610 1406 ίβδομήκοντσ
634 1329 679 1400 ίτη
699 1323 832 1399 γεγονότα,
850 1323 1041 1396 τιτταρόκσντα
1059 1321 1087 1376 δὲ
1106 1321 1133 1375 ἐν
1154 1326 1186 1398 τῇ

83 1417 153 1490 τίχνη
170 1417 243 1471 όντα.
281 1412 334 1470 Καὶ
357 1416 384 1468 ἐν
412 1412 504 1468 δπαντι
523 1415 560 1485 τῷ
578 1409 665 1484 χρόνῳ
683 1409 769 1480 τοότιρ
788 1407 824 1460 ἔτι
844 1405 879 1465 είς
896 1407 943 1478 την
964 1403 1063 1476 ἡμέραν
1082 1405 1189 1474 ταυτηνὶ

85 1497 226 1570 ιδδοκιμῶν
244 1497 320 1552 odite
339 1497 476 1550 πέπαυται.
514 1497 551 1548 iix
569 1497 669 1546 ultimis
686 1491 776 1544 verbis
797 1489 925 1554 sequitur,
941 1488 1115 1552 Prot-agoreni
1130 1487 1187 1552 jam

85 1581 180 1634 dudum
200 1586 338 1633 mortuum
357 1582 447 1643 tuisse,
474 1591 558 1646 quum
577 1577 620 1630 hie
638 1576 759 1640 dialogus
779 1569 951 1623 scriberetur.

147 1674 193 1740 ιο)
209 1675 284 1740 Diog.
302 1675 345 1726 tib.
365 1675 406 1737 ix,
422 1671 464 1724 50.

149 1767 235 1831 1ἹΛ.
255 1769 333 1819 Corn.
363 1768 456 1818 Celsus
479 1767 505 1816 in
531 1759 697 1828 praelatione
724 1756 814 1820 operis
841 1753 876 1804 de
902 1753 939 1804 iic
964 1751 1058 1804 Medic.
1081 1764 1140 1816 pag.
1161 1747 1186 1801 1.

85 1847 140 1898 edit
163 1849 294 1899 Leonard.
319 1849 420 1912 Targae
443 1845 533 1910 (Lugd.
558 1833 774 1903 uae1785,t.):
814 1837 947 1900 „ideoque
967 1833 1066 1882 muitos
1084 1845 1117 1882 ex
1137 1845 1188 1882 sa-

85 1930 195 1991 pientiae
219 1928 420 1994 professoribus
435 1929 539 1992 peritos
560 1923 617 1987 ejus
641 1921 665 1984 (i.
685 1933 708 1971 e.
731 1917 890 1978 medicinae)
916 1915 999 1965 tuisse
1025 1912 1188 1974 acecpimus,

85 2009 242 2063 clarissimos
265 2025 332 2063 uero
357 2025 391 2063 ex
421 2011 453 2062 iis
478 2007 656 2073 Pythagoram
682 2005 710 2054 et
732 1997 923 2062 Empedoclem
945 1999 973 2046 et
997 1992 1188 2044 Democritum.

85 2089 160 2155 liuius
178 2097 279 2155 eutem,
297 2095 327 2144 ut
347 2092 456 2158 quidem
471 2087 652 2146 crediderunt,
669 2081 816 2145 discipulus
833 2079 1011 2143 Hippocrates
1028 2074 1106 2134 Cous,
1126 2073 1188 2136 pri-

86 2185 139 2224 rnus
155 2173 265 2240 quidem
283 2187 316 2226 ex
336 2172 462 2224 omnibus
474 2169 605 2222 memorie
621 2164 714 2228 dignm,
736 2159 770 2212 eb
788 2159 878 2210 studio
896 2157 1045 2224 supientiae
1064 2152 1188 2217 discipli-

86 2267 141 2304 nam
165 2255 237 2306 henc
259 2255 404 2318 separavit,
426 2254 517 2303 viret
540 2253 599 2300 arte
623 2250 650 2297 et
673 2242 797 2294 facundia
822 2238 959 2304 insignis.”
999 2237 1100 2287 Auctor
1118 2235 1190 2285 vitae

87 2333 275 2400 fflppoerctcae
295 2337 322 2385 in
340 2336 418 2399 oper.
437 2333 562 2396 Hippocr.
579 2329 621 2381 ed.
639 2324 747 2378 tinden.
765 2326 829 2373 tom.
847 2322 876 2372 il.
902 2333 961 2386 pag.
982 2316 1040 2370 951.
1067 2318 1101 2379 (p.
1124 2311 1190 2366 1297

87 2417 122 2468 ed
133 2419 209 2470 Foes.
225 2419 325 2468 GeneV.
336 2413 420 2478 1657.)
439 2407 557 2482 μαθητὴς
578 2407 607 2460 δὲ
626 2405 729 2477 γίγονον
746 2397 918 2473 Ἡρακλείδου
934 2401 982 2450 τοῦ
1002 2395 1066 2450 ίδίου
1085 2391 1191 2466 πατρός,

87 2495 136 2550 tire
149 2495 302 2570 Ἡροδίκου,
329 2493 397 2548 κατὰ
419 2493 447 2546 δά
469 2509 539 2550 τινας
564 2489 610 2542 καὶ
630 2483 739 2557 Γοργίου
755 2487 803 2535 τοῦ
820 2477 960 2534 Λεοντίνου
980 2476 1098 2549 ῥήτορος,
1118 2473 1190 2546 φιλο-

87 2575 160 2650 σόφου
180 2579 211 2632 δί
231 2575 398 2648 Δημοκρίτου
414 2571 580 2644 Ἀβδηρίτου.
602 2564 678 2622 Κατὰ
698 2565 726 2618 δὲ
740 2557 1070 2628 τοδςΠιλοποννηοιακους
1086 2554 1190 2626 ἤκμασε

87 2657 200 2730 χρόνους.
238 2659 317 2722 Quod
336 2658 433 2710 Suidas
450 2660 477 2709 et
494 2655 587 2706 ioann.
608 2655 718 2704 Taetzes
734 2647 786 2698 hec
806 2645 840 2696 de
859 2656 889 2694 re
908 2640 1015 2701 hebent,
1034 2640 1105 2688 vitae
1121 2638 1191 2702 iiip-

87 2747 225 2806 pccrateae
249 2741 354 2794 auctori
377 2742 520 2803 occeptum
542 2735 670 2787 referunt.
708 2727 804 2780 suidas
832 2738 856 2776 v.
878 2719 1053 2791 Ἱπποκράτης
1077 2718 1190 2770 temti.

88 2837 109 2888 p.
122 2821 177 2876 rit.
196 2825 238 2878 ed
247 2825 353 2876 iiusicr.
373 2823 425 2873 sic:
444 2816 520 2875 circe
540 2817 604 2880 (scii.
624 2809 638 2864 ό
654 2807 837 2879 Ἱπποκράτης)
854 2799 975 2872 μαδητὴς
991 2799 1080 2870 γίγονι
1096 2794 1126 2849 τό
1144 2795 1191 2864 μὲν

87 2907 182 2972 πρῶτον
205 2907 254 2956 τοῦ
272 2899 379 2974 πατρός,
405 2897 470 2970 perd
489 2896 518 2950 dl
536 2898 620 2948 ταῦτα
633 2887 773 2964 Ἧροδίκου
790 2888 837 2938 τοῦ
857 2879 1045 2954 Σηλυβριανοδ,
1064 2877 1109 2930 καὶ
1128 2872 1191 2948 Γορ·

87 2983 137 3052 pico
161 2985 271 3058 βητορος
295 2985 341 3037 καί
364 2977 518 3056 φιλοσόφου,
540 2975 577 3035 dec
606 2973 635 3027 dt
661 2987 739 3035 τινος,
767 2963 931 3039 Δημοκρίτου
958 2963 1006 3014 τοῦ
1023 2956 1192 3031 Ἀβδηρίτου·

89 3063 212 3135 ἐπιβαλεῖν
232 3065 281 3138 γάρ
300 3061 378 3117 αδτδν
398 3061 457 3114 νόον
477 3055 607 3133 πρεσβίστη
632 3057 681 3119 (iia
698 3051 840 3117 legendum
860 3059 921 3100 esse
940 3057 990 3108 pro
1008 3041 1060 3114 νίιρ
1081 3037 1191 3113 προσβό-

88 3161 130 3214 την
144 3151 307 3201 monuerunt
333 3148 429 3198 Portus
456 3145 484 3194 et
502 3141 642 3202 Kusterus)
669 3133 705 3191 ὡς
726 3131 754 3185 δά
771 3145 839 3186 τινις
856 3125 902 3178 καί
922 3121 1060 3194 Προδίκου.
1097 3123 1191 3176 Joann.

88 3227 190 3282 tzetzea
208 3229 341 3282 cuttidi
360 3229 421 3279 hist
442 3223 511 3275 CLV.
529 3235 600 3274 νοσο.
618 3215 676 3272 958.
694 3229 753 3280 pug.
771 3210 829 3264 176.
850 3209 892 3261 ed.
912 3207 1054 3271 iiiessiing:
1161 3241 1167 3252 .

226 3316 259 3376 ⁸0
280 3317 372 3390 μέγας,
389 3314 403 3368 δ
421 3315 468 3367 καὶ
485 3310 615 3383 διδτιρος,
632 3307 735 3380 γίγονεν
749 3299 935 3372 Ἱπποκράτης,

232 3399 261 3456 δν
284 3399 398 3471 δπατλγρ
413 3391 588 3468 ιΗραιιλειδᾶς
604 3389 637 3442 τά
656 3389 749 3458 ίατριῖιν
770 3381 897 3447 διδάοκιι,

228 3479 261 3538 ¹0
279 3482 310 3534 ex
329 3484 376 3552 τῆς
394 3474 538 3549 Σηλυβρίας
555 3489 584 3526 τι
597 3467 736 3543 Ἡρόδικος
755 3462 801 3518 σόν
818 3461 914 3533 codrus,

232 3559 342 3636 Γοργίας
360 3557 499 3616 Λιοντίνος
516 3555 545 3608 tt
564 3553 612 3627 τὴν
631 3549 726 3623 τίχνην
745 3551 798 3598 τῶν
817 3543 946 3617 βητόριον,

234 3641 389 3717 φιλοσοφίαν
407 3637 466 3710 μετ’
490 3635 586 3697 αδτοδς
604 3629 766 3702 Δημόκριτος
787 3625 889 3683 istisce
907 3641 934 3675 κ.
950 3639 975 3674 τ.
992 3617 1018 3671 λ.

155 3737 196 3802 ”i
214 3751 271 3803 μσς.
292 3731 360 3789 teet
375 3735 416 3787 ed.
435 3733 510 3785 Foco.
528 3731 596 3795 (pag.
613 3721 664 3779 951
691 3724 764 3774 Tom.
784 3721 813 3770 ii.
832 3719 874 3770 ed.
893 3715 977 3778 lind.)
995 3702 1138 3781 γιννηδείς,
1158 3703 1195 3764 ὣς

92 3829 164 3886 puae
178 3812 331 3890 Ἱστόμσγος
355 3813 382 3868 ἐν
410 3817 447 3886 τῷ
467 3809 563 3884 πρόιτιρ
582 3805 641 3877 περὶ
657 3806 702 3874 τῆς
718 3797 905 3870 Ἱπποκράτους
925 3793 1059 3865 αίρίσιως,
1079 3785 1146 3839 κατὰ
1164 3784 1194 3838 τὸ

92 3901 189 3968 πρῶτον
216 3897 270 3956 ίτος
293 3879 340 3969 τῆς
365 3893 543 3967 ὀγδοηκοστῆς
564 3883 733 3955 ὀλυμπιάδος,
756 3880 792 3940 ὡς
813 3878 841 3931 dl
858 3872 980 3947 Σιορσινδς
998 3869 1012 3924 δ
1030 3865 1108 3926 Keroe
1126 3868 1195 3940 ίριυ-

91 3977 167 4048 νήσας
186 3977 222 4030 τά
243 3977 269 4031 is
294 3973 341 4049 Κῷ
366 3970 620 4048 γρομματοιρυλάκια
649 3959 816 4038 προστίθησι,
846 3957 1039 4026 μοναρχοῦντος
1059 3945 1197 4020 ’Λβριάδοα

94 4057 170 4126 μηνός
190 4053 328 4130 'Appenino
349 4057 410 4130 ίκτη
433 4056 479 4109 καί
505 4052 620 4125 elucet-ip,
643 4043 707 4118 παρ’
735 4041 749 4096 δ
774 4041 820 4094 καί
843 4035 966 4104 ίναγίζιιν
989 4031 1016 4083 le
1034 4027 1099 4102 αδπῇ
1120 4028 1197 4099 μέχρι

94 4141 135 4188 ede
149 4135 314 4210 Ἱπποκράτει
331 4139 394 4212 φησί
408 4137 468 4196 τους
488 4129 593 4192 Κώους.
630 4129 687 4182 iiid.
706 4128 807 4178 Coreto.
828 4121 896 4173 last.
919 4120 970 4168 itti.
989 4114 1030 4165 iit.
1057 4127 1082 4178 p.
1102 4109 1152 4164 199
1170 4111 1198 4161 et
1280 4165 1282 4170 ¹

96 4217 191 4273 Fabric.
211 4221 273 4274 Bihi.
294 4223 336 4273 Gr.
357 4220 400 4273 lib.
420 4223 449 4272 ii.
468 4232 491 4270 c.
511 4213 552 4269 23.
574 4227 634 4281 pag.
654 4207 712 4261 509.
731 4207 773 4260 ed.
791 4203 860 4255 itari.

159 4314 200 4376 ”i
226 4315 295 4366 cirea
312 4327 412 4365 annum
431 4309 489 4364 3⁴23.
517 4308 551 4360 ab
570 4321 596 4357 u.
614 4319 646 4366 c;
668 4304 691 4353 h.
711 4313 734 4353 e.
755 4299 816 4350 ani-c
841 4295 899 4344 Chr.
925 4305 948 4342 n.
966 4285 1030 4350 131,
1055 4286 1091 4338 01.
1111 4279 1154 4342 87,
1173 4277 1198 4330 2.
