2984 4876
295 387 299 395 .
346 346 432 400 Libat
448 347 498 403 ΙΙΙ.
528 346 679 402 Democriti
700 363 810 418 operum
830 351 993 420 lmgmculu.
1166 355 1230 420 245

107 516 200 580 πέντε
218 509 291 577 καθ’
315 511 442 575 ἕκαστον
466 511 586 594 μίσγον,
609 511 743 579 σπανίως
765 512 801 574 δέ
821 535 881 576 που
904 516 1043 594 πλείονα,
1074 519 1224 582 κυκλόθεν

109 621 277 710 ἑσχισμὲνα
297 620 509 703 πριυνοσιθῶς·
532 617 625 686 ἄνθος
647 619 681 681 δὲ
704 619 817 704 ὠχρόν.
859 617 1068 706 Βατράχιονῇ
1092 629 1220 710 χρυσάν-
1232 645 1308 711 530,

109 733 207 814 θεμον
229 729 332 812 φόλλα
361 725 450 811 φέρει
477 725 570 807 όμοια
592 728 713 813 σσλίνιρ,
739 727 864 808 μείζονα
886 727 931 799 δέ,
952 727 1045 797 ἄνθος
1064 735 1224 815 χρυσίζον·

110 840 168 922 όλη
192 838 226 900 δὲ
249 837 269 919 ἡ
294 835 405 920 βοτοίνη
436 831 472 894 οὐ
501 833 613 914 μείζων
637 834 750 916 γίνεται
773 833 828 896 δύο
850 836 1036 900 παλαιστῶν.
1079 837 1309 928 Malainai-531,

109 966 215 1013 ιιισσος
237 940 344 1026 ὅμοιόν
364 939 427 1004 ἐστι
447 937 555 1024 αισσηῖ,
583 940 701 1003 ἁπαλόν
730 941 765 1004 δέ
787 942 851 1004 ἐστι
872 946 936 1010 τοῖς
957 944 1086 1027 φύλλοις
1103 949 1154 1010 καί
1180 950 1226 1034 usi

110 1051 220 1138 καυλιβ
238 1047 496 1133 περιπλεκόμενον
511 1047 589 1110 ὅπου
610 1047 646 1110 ἂν
665 1048 755 1133 τύχη,
769 1050 819 1113 διὰ
840 1051 873 1112 τὸ
894 1051 935 1133 μὴ
957 1051 1107 1116 δύνασθαι
1130 1055 1222 1119 ἑαυτό

112 1160 283 1248 βαστάζειν.
328 1155 474 1218 Γιννίιται
496 1157 532 1218 δὲ
555 1157 684 1239 μάλιστα
714 1156 830 1224 ἐντοῖς
854 1157 1084 1240 καλαμονόποις
1103 1162 1155 1224 καλ
1177 1184 1224 1244 γε·

113 1269 209 1334 ώόεσι
225 1265 338 1332 τόποις.
380 1259 531 1349 Κόπειρον
559 1265 595 1348 ἦν
632 1285 709 1332 τινες
740 1264 846 1348 ζέρναν
872 1267 1012 1342 καλοῦσι,
1035 1267 1139 1351 φόλλα
1160 1267 1227 1355 ἔχει
1237 1285 1309 1354 532,

112 1377 206 1461 ὅμοια
227 1373 339 1456 κάρτιρ,
357 1370 486 1454 ἀρτιφυῆ
503 1372 601 1456 ἰσχνά,
622 1371 673 1435 καὶ
694 1373 818 1434 καυλίον
845 1373 949 1456 ὥσπερ
969 1374 1104 1458 σχοίνου,
1126 1377 1223 1461 ἰσχνό-

111 1505 211 1568 τερον,
235 1479 284 1544 ἐπ’
311 1478 407 1562 ἄκρου
431 1479 466 1540 δὲ
487 1478 609 1563 σπέρμα
625 1482 668 1547 ὡς
683 1479 833 1564 κέγχρου·
856 1479 951 1563 ῥίζαν,
971 1484 1014 1549 ὡς
1032 1482 1107 1545 ὀστᾶ
1119 1483 1224 1553 ἐλαίας

112 1591 243 1678 μέλανα,
270 1587 500 1670 ἀρυματίζοντα
532 1587 585 1670 τὴν
614 1589 727 1669 γεῦσιν.
778 1583 902 1650 Τούτων
928 1587 964 1650 δὲ
994 1577 1054 1650 τῶν
1077 1591 1308 1676 καρφέοννρω,

112 1699 164 1764 καλ
179 1699 314 1783 βοτανῶν
334 1695 455 1758 πάντων
476 1698 536 1756 τῶν
556 1693 788 1778 προειρημένων
809 1695 945 1778 σημείοις
963 1701 1227 1781 καταφρονοῦντες

112 1808 213 1874 οὕτως
233 1801 418 1890 χρησόμεθα
441 1801 472 1864 ἐν
501 1799 606 1870 τόποις
630 1804 694 1870 τοῖς
724 1801 764 1884 μὴ
786 1797 910 1886 ἔχουσιν
935 1803 1030 1888 ὕδωρ,
1050 1806 1126 1888 μήτε
1145 1804 1225 1890 ἐπίβ-

112 1919 214 2002 βυτον,
243 1913 319 1997 μήτε
347 1912 496 1992 πηγαῖον,
526 1909 602 1993 μήτε
628 1910 781 1994 φρεότιυν.
815 1902 918 1972 ’Όπου
940 1909 997 1994 γὰρ
1025 1911 1060 1975 ἄν
1083 1910 1172 1975 αὗται
1194 1913 1226 1974 ai

113 2023 238 2110 βοτσίναι
267 2019 446 2103 φαίνωνται,
478 2015 562 2100 θδιυρ
592 2015 732 2098 ὑπόγειον
766 2015 844 2078 εἶναι
874 2017 1066 2100 σημαίνουσι.
1108 2016 1170 2081 Καὶ
1192 2018 1309 2104 illul

112 2132 154 2214 τῇ
172 2128 299 2212 θεωρία,
320 2123 385 2208 όσιρ
414 2122 450 2187 ἂν
480 2126 596 2208 μᾶλλον
618 2123 841 2208 μεμαρασμένα
865 2123 1042 2208 φαίνωνται,
1064 2123 1162 2208 ἔγγιον
1186 2126 1226 2190 εἷ-

113 2259 165 2300 ναι
181 2239 236 2298 τοῦ
259 2233 395 2318 ἐδάφους
418 2229 455 2294 τὰ
485 2230 583 2294 ὕδατα
604 2232 815 2315 σημαίνουσιν,
838 2230 977 2295 ἀδύνατα
998 2233 1048 2295 καὶ
1069 2234 1110 2316 μὴ
1130 2256 1226 2317 παρα·

115 2453 325 2530 dodrantales,
357 2471 396 2514 cx
428 2451 537 2532 quibus
570 2450 686 2513 fructus
716 2450 826 2530 prodii„
877 2451 965 2515 Folia
998 2452 1088 2515 lubet
1119 2453 1228 2515 similia

115 2565 263 2638 menthae,
287 2561 378 2644 quiua
403 2560 433 2621 in
458 2557 585 2638 singulis
608 2557 766 2638 pediculis,
785 2577 856 2620 raro
877 2563 978 2621 aulem
999 2559 1110 2622 alicubi
1132 2561 1228 2640 plura,

116 2670 314 2737 circumcirca
335 2667 374 2728 ad
392 2683 493 2728 serrae
513 2655 736 2727 similitudidem
755 2665 841 2726 lissa:
861 2665 967 2727 liorem
983 2683 1058 2727 vcro
1073 2666 1228 2746 pallidum.

114 2776 312 2844 Ranunculua
331 2774 379 2836 vel
397 2773 667 2853 Chrysaullicmum
688 2772 763 2834 lolia
782 2773 841 2834 fert
862 2773 932 2853 apio
954 2773 1072 2849 similia,
1093 2773 1145 2834 scd
1169 2796 1229 2837 ula-

111 2892 193 2970 jora,
219 2887 325 2948 florem
355 2881 529 2944 aureolum:
563 2887 627 2944 tola
653 2881 749 2943 hcrba
776 2881 853 2944 duos
875 2881 993 2962 palmos
1014 2901 1076 2943 ιιοιι
1100 2883 1226 2944 cxcedil

117 2993 336 3062 malacocissus
362 2989 469 3052 similis
498 2999 544 3051 cst
570 2989 709 3064 hederae,
740 2987 882 3053 mollibus
904 2996 950 3052 cst
971 2989 1125 3070 praeditus
1148 2989 1228 3052 loliis

117 3113 149 3168 cl
171 3100 318 3165 cauliculo
341 3119 374 3161 se
403 3097 634 3178 circumplicaus
656 3095 795 3159 ciuilibus
818 3116 894 3177 quac
919 3097 1017 3177 ipsum
1037 3096 1229 3176 contigerint,

117 3213 189 3296 quia
216 3231 249 3272 se
276 3209 375 3288 ipsum
401 3207 481 3268 ferre
510 3225 572 3266 uon
599 3211 708 3299 potcst.
755 3204 898 3266 Nascitur
923 3211 1023 3268 autem
1051 3204 1179 3266 maxime
1199 3205 1230 3265 iu

118 3318 303 3383 arundinetis
334 3323 364 3378 cl
386 3313 521 3378 terrenis,
563 3315 704 3393 Cypcrus
738 3333 828 3395 quam
850 3313 971 3394 quidam
992 3333 1112 3375 zamam
1133 3312 1230 3374 uomi-

117 3435 199 3504 uant,
224 3425 297 3488 lolia
324 3423 414 3486 habel
440 3421 548 3484 similia
577 3441 671 3502 porro
701 3421 834 3494 sectivo,
861 3421 913 3482 ubi
943 3441 1050 3484 recens
1070 3429 1139 3482 nala
1159 3426 1230 3483 suut

118 3536 251 3618 gracilia,
276 3531 456 3594 cauliculum
480 3531 564 3592 velut
590 3529 693 3608 junci,
722 3526 912 3608 graciliorem
942 3536 1052 3604 lamen,
1084 3529 1113 3589 in
1143 3529 1229 3607 cujus

119 3645 232 3708 verlice
253 3661 355 3704 semen
377 3646 423 3701 cst
451 3636 532 3700 vclul
558 3637 641 3713 milii,
668 3636 801 3724 radicem
825 3643 964 3717 latiquam
986 3654 1056 3698 ossa
1078 3637 1164 3698 olcue
1186 3635 1231 3696 ni-

119 3773 183 3833 gra,
206 3748 371 3812 aromatico
396 3767 506 3826 sapore
531 3743 686 3823 insignem.
729 3736 929 3805 Surculorum
948 3743 1040 3821 igilur
1059 3744 1232 3804 herbarum-

119 3881 179 3943 que
205 3857 354 3930 omnium,
390 3853 427 3915 de
456 3853 565 3936 quibus
593 3851 738 3927 diximuS,
771 3851 870 3930 sigua,
905 3869 1013 3932 aquam
1043 3855 1230 3930 quacrculcS,

121 3985 282 4050 sequemur
302 3965 332 4026 iu
354 3962 390 4024 iis
413 3962 491 4024 locis
518 3959 569 4042 qui
597 3980 695 4041 ncquc
715 3959 923 4039 proliuculcm,
950 3977 1050 4039 nuqua
1070 3957 1230 4032 lollianam,

123 4097 221 4156 neque
248 4074 396 4154 pulculcui
426 4089 533 4152 aquam
568 4067 685 4129 liabent.
733 4067 789 4128 Ubi
819 4067 897 4127 cuim
920 4066 1030 4126 licrbac
1054 4063 1122 4126 illac
1140 4083 1233 4144 appa-

121 4189 206 4259 rcnl,
237 4182 278 4243 ibi
308 4201 415 4262 aquam
446 4177 673 4240 subterraneam
699 4195 766 4236 cssc
792 4175 968 4254 significant.
1025 4173 1106 4254 Quin
1130 4179 1160 4233 cl
1181 4171 1234 4234 ubi

121 4295 264 4372 aspectus
282 4283 560 4350 aarum'marcidus
588 4291 722 4365 apparel,
754 4283 881 4364 propius
902 4283 969 4346 solo
991 4301 1084 4364 aquas
1103 4299 1169 4344 cssc
1193 4279 1236 4340 iu-
