2956 4860
284 332 325 397 54
615 327 811 392 Quaestionum
831 326 1064 381 Democriteamm

282 499 397 576 solum,
423 498 505 581 quod
531 497 656 580 gloriam
688 500 914 570 contemneret,
941 493 996 556 sed
1025 493 1114 556 etiam
1136 493 1220 576 quod
1240 492 1315 556 nibil
1336 495 1392 557 otio

283 609 381 672 doctis
414 606 582 668 hominibus
607 604 779 668 necessario
805 610 1014 685 perpetuoque
1044 622 1112 664 cunr
1132 601 1229 665 Musis
1249 623 1392 664 commer-

283 717 332 780 cio
357 716 600 797 anteponendum
619 733 686 777 esse
708 713 911 774 arbitraretur.
948 713 1035 792 Quae
1058 711 1161 792 opinio
1180 709 1287 772 nititur
1311 710 1394 772 etiam

285 823 399 886 Velerii
424 822 546 884 Maximi
572 821 673 884 verbis
699 840 792 901 snpra
815 819 921 894 allatis,
944 819 1010 900 qui:
1045 819 1173 881 Athenis
1196 825 1299 879 cutm
1318 837 1394 879 corn-

278 929 432 1013 pluribus,
456 930 562 1012 inquit,
583 931 677 990 annis
703 935 842 990 moratus
862 927 967 988 omnic
989 934 1158 1008 temporum
1181 935 1334 989 momenta
1358 926 1395 988 od

279 1039 513 1120 percipiendum
538 1044 570 1098 et
593 1035 794 1098 exercendam
822 1033 996 1096 doctm’rrom
1019 1033 1185 1118 conferens
1205 1037 1330 1116 ignotm
1352 1035 1397 1096 illi

284 1145 359 1210 urbi
382 1147 479 1224 viril,
507 1145 590 1228 quod
615 1147 678 1228 ipse
705 1145 740 1205 in
768 1141 901 1222 quodam
926 1143 1082 1204 volumine
1109 1148 1250 1206 testatur.
1289 1143 1395 1226 Neque
1461 1199 1462 1202 ,

286 1253 442 1318 dissimilia
461 1262 532 1316 sunt
555 1272 632 1338 quae
653 1252 735 1334 apud
757 1249 915 1312 Aelianum
933 1270 995 1313 var.
1018 1251 1084 1313 hist
1105 1252 1158 1326 1v‚
1181 1253 1223 1314 90
1247 1251 1397 1331 reperiun-

285 1369 350 1426 tur:
371 1359 560 1445 Δημόκριτον
581 1361 632 1424 τὸν
649 1356 832 1443 Ἀβδηρίτην
855 1353 947 1439 λόγος
960 1354 1027 1442 ἔχει
1046 1357 1084 1420 τά
1104 1379 1137 1420 τε
1160 1355 1241 1420 ἄλλοι
1259 1356 1398 1440 γενέσθαι
1463 1429 1464 1446 η

288 1467 394 1552 σοφόν,
415 1467 466 1530 καὶ
488 1467 526 1549 δὴ
557 1466 609 1530 καὶ
635 1464 825 1550 ἐπιθυμῆσαι
845 1463 953 1528 λαθεῖν
973 1465 1024 1527 καὶ
1043 1463 1073 1526 ἐν
1097 1462 1177 1551 ἔργῳ
1200 1463 1313 1528 θέσθαι
1330 1463 1397 1550 crpi-

287 1577 345 1660 δρα
367 1575 446 1638 πάνυ
466 1578 566 1638 τοῦτο.
611 1575 730 1656 Quodsi
748 1594 811 1636 non
832 1573 941 1654 injuria
962 1593 981 1634 a
1001 1574 1180 1656 quibusdam
1202 1574 1397 1656 proverbialis

284 1684 402 1747 looutio
424 1683 501 1746 λάθε
525 1683 640 1767 βιώσας
661 1683 797 1763 Epicuro
817 1681 958 1744 tribuitur
971 1679 1032 1763 ⁸⁴),
1052 1683 1104 1765 qui
1126 1681 1294 1746 Democriti
1315 1683 1397 1744 lonti—
1463 1761 1464 1768 η

285 1794 344 1856 bus
365 1792 508 1855 hortulos
527 1809 601 1854 suos
618 1790 763 1871 irrigavit,
785 1789 953 1870 putaverim
977 1790 1167 1870 Gargettium
1186 1791 1397 1872 philosophum

287 1901 318 1963 in
346 1899 569 1982 pronuntianda
594 1901 651 1962 hac
676 1899 824 1962 sententia
852 1898 1020 1960 Democriti
1059 1899 1228 1980 exemplum
1258 1900 1396 1980 imprimis

288 2007 468 2088 respexisse.
511 2007 672 2071 Caeterum
703 2026 764 2068 non
796 2011 842 2068 est
870 2004 1069 2086 negligendus
1099 2005 1207 2069 iubae
1228 2009 1396 2092 quaestione

287 2113 445 2179 Ciceronis
470 2113 575 2192 locus,
615 2116 697 2197 apud
727 2133 816 2197 quem
852 2112 977 2177 Tuscul.
1008 2115 1046 2190 V,
1075 2114 1115 2176 36
1153 2116 1228 2178 haee
1261 2115 1395 2197 legimusr

287 2225 361 2286 veni
379 2223 524 2301 Athenas,
551 2223 646 2306 inquit
655 2222 858 2298 Democritus,
878 2243 974 2303 neque
992 2241 1041 2284 me
1061 2222 1223 2304 quisqrmm
1244 2223 1291 2288 rbi
1308 2245 1397 2306 agno-

286 2333 340 2408 uit,
372 2330 484 2414 quibus
514 2330 616 2394 verbis
653 2332 786 2414 son'ptor
811 2331 910 2394 addit:
952 2337 1168 2406 ‚mundantem
1196 2333 1348 2396 honinem
1372 2340 1398 2394 et

286 2443 435 2519 gravent
463 2440 521 2520 qui
544 2439 707 2518 glorietur,
734 2461 755 2500 a
780 2441 887 2521 glorie
914 2457 944 2499 re
965 2437 1110 2520 afuisse.’'
1152 2440 1296 2504 Extrema
1314 2459 1396 2522 argu·

286 2553 389 2609 mento
414 2551 500 2624 sunt,
526 2553 561 2610 ut
590 2547 684 2627 paulo
712 2556 781 2611 aute
811 2547 887 2624 dixi,
917 2546 1143 2627 Democritum,
1171 2569 1234 2630 quo
1265 2555 1396 2630 tempore

287 2651 421 2716 Athenas
441 2653 585 2734 migrarit,
607 2675 713 2736 magna
727 2657 791 2733 jam
809 2674 866 2735 per
883 2659 977 2716 totam
990 2655 1148 2718 Graeciam
1165 2657 1243 2718 lama
1256 2639 1396 2720 floruisse.

286 2761 336 2825 Ne
358 2763 449 2843 igitur
476 2763 588 2824 multae
617 2762 812 2826 salutationes
841 2761 999 2824 obeundae
1019 2769 1133 2840 essent,
1161 2783 1239 2827 neve
1270 2763 1397 2848 quotidie

288 2869 447 2934 illustrium
467 2869 602 2932 virorum
623 2869 710 2932 turba
732 2871 860 2951 stipatus
888 2870 954 2933 aliis
976 2871 1070 2952 magis
1092 2891 1181 2954 quam
1201 2872 1260 2934 sibi
1282 2872 1399 2948 viveret,

288 2977 349 3038 alio
389 2977 510 3040 videtur
548 2978 670 3040 nomine
711 2983 846 3040 assumto
882 2977 1009 3041 Athenis
1043 2979 1164 3060 degisse
1199 2981 1399 3046 Democritus

287 3085 386 3147 Porro
416 3105 454 3147 ex
475 3084 637 3167 Thrasyllo
667 3085 775 3147 mirum
796 3083 951 3168 Diogenes
965 3085 1016 3170 ⁶⁵)
1040 3084 1143 3150 locum
1163 3090 1283 3168 profert
1313 3107 1398 3173 quern

286 3192 436 3273 integrum
464 3193 513 3257 hio
541 3193 705 3260 exhibebo:
736 3189 832 3278 Εἴπερ
863 3193 893 3255 oi
914 3191 1114 3277 Ἀντερασταὶ
1144 3191 1310 3266 Πλάτωνός
1333 3195 1396 3272 εἰσι,

289 3299 380 3382 (φησὶ
401 3297 594 3382 Θράσυλλος)
612 3296 701 3370 οὖτος
720 3297 755 3362 ἄν
778 3298 825 3386 εἴη
850 3300 866 3364 h
889 3299 1139 3386 παραγενόμενος
1162 3301 1322 3388 ἀνώνυμος
1340 3307 1395 3365 τῶν

289 3403 359 3486 περὶ
384 3400 548 3487 Οἰνοπίδην
580 3407 631 3469 καὶ
645 3405 856 3492 Ἀναξαγόραν
885 3407 998 3492 ἕτερος,
1029 3406 1061 3472 ἐν
1079 3411 1119 3492 τῇ
1136 3409 1214 3492 πρὸς
1238 3409 1395 3496 Σωκράτην

291 3509 395 3593 ὁμιλίην
419 3511 636 3596 διαλεγόμενος
662 3514 732 3598 περὶ
763 3514 963 3600 φιλοσοφίας·
996 3511 1022 3601 ᾦ
1047 3516 1148 3600 φησίν,
1179 3519 1222 3587 ὡς
1243 3519 1396 3602 πεντάθλῳ

289 3615 416 3686 &oleseh
437 3619 617 3704 φιλόσοφος.
651 3619 713 3686 Καὶ
728 3621 765 3709 ἦν
786 3625 828 3692 ὡς
844 3623 970 3707 ἀληθῶς
990 3622 1021 3686 ἐν
1040 3625 1211 3710 φιλοσοφίᾳ
1225 3626 1395 3693 πένταθλος.

284 3721 485 3809 Ἤσκητο“)
514 3726 572 3810 γὰρ
600 3727 637 3792 τὰ
665 3730 778 3816 φυσικὰ
807 3732 859 3800 καὶ
888 3729 1153 3817 retheshirth
1177 3735 1286 3799 καὶτὰ
1308 3733 1395 3820 μαθη-

290 3854 491 3870 ο--ηηα

360 3949 399 4012 ⁶⁴)
423 3951 479 4002 Vid.
500 3953 601 4016 λίθινος,
619 3953 653 4003 ud
671 3954 756 4003 Luert.
776 3953 816 4014 Di,
832 3951 873 4004 36.

360 4042 400 4105 ⁶⁵)
418 4043 492 4108 Diog.
509 4045 594 4096 La'ert.
613 4045 653 4108 lll,
671 4042 712 4096 37.

361 4133 401 4196 ⁶⁶]
419 4134 477 4188 lloo
496 4135 611 4187 verbum
628 4140 703 4189 recte
721 4149 754 4188 ex
773 4136 855 4188 Suida
872 4137 969 4200 scilecit
990 4137 1155 4202 lluebnerus,
1173 4141 1391 4204 quemadmodum
1463 4137 1464 4144 ’

290 4213 431 4264 voluerant
455 4213 644 4278 casaubonus,
677 4218 828 4281 Menagius,
854 4217 949 4268 Petrus
978 4218 1062 4270 Faber
1089 4221 1303 4284 Agonisttoorum
1330 4211 1392 4271 lihl

292 4307 350 4358 esp.
370 4291 411 4356 30,
429 4295 540 4346 Vossius
559 4297 585 4345 in
606 4297 799 4349 Dissertatione
818 4299 852 4350 de
871 4300 1043 4364 Gymnssttou
1063 4305 1128 4352 sect.
1148 4299 1189 4353 78.
