2938 4864
293 323 360 390 238
633 323 829 388 Quaestionum
854 323 1085 382 Democriteum

293 493 436 570 retertur,
458 493 540 556 alind
561 489 592 555 ἐν
616 491 718 577 ἑαυτῷ·
739 495 823 577 quod
836 493 976 556 universe
997 491 1115 556 dicitur.
1157 491 1289 558 Alterum
1305 491 1381 554 latiare

297 604 333 664 in
352 601 445 677 mobis,
467 602 594 664 alterum
614 603 649 662 r'n
670 620 704 663 ce
728 601 799 664 licet
819 601 1033 682 interpreteris,

382 711 432 773 ta.
476 709 661 792 Scripsimus
681 712 761 772 τοῖσι
786 707 1040 793 ἀφροδισιάζουσι
1061 729 1119 792 pro
1140 713 1201 780 τοῖς
1226 707 1384 793 ἀφροδισιιὶ·

299 819 412 888 Kouara.

383 927 433 988 50.
477 921 629 1008 Ξυνουσίη
650 924 808 1005 posuimus
827 944 885 1004 pro
908 922 1060 994 ξυνουσία.
1104 927 1299 1010 Hocquidem
1318 924 1385 1006 apul

299 1032 399 1096 solum
420 1033 593 1096 Stobaeum
637 1031 755 1094 Etenim
776 1031 882 1116 reliqui
900 1032 1066 1114 scriptores
1091 1034 1139 1097 vel
1158 1035 1328 1098 Democrito
1347 1032 1385 1094 vel

299 1141 350 1205 alii
380 1143 456 1202 hanc
487 1140 663 1203 sententiam
695 1141 891 1203 attribuentes
922 1139 1085 1226 ἐπιληψίαν
1114 1142 1260 1206 dixemmt.
1310 1141 1385 1222 Apul

299 1249 464 1312 Stobaeum
485 1245 675 1330 ἀποπληίίην
688 1248 810 1310 retineri
830 1255 974 1328 oportere
994 1256 1103 1330 sponte
1126 1257 1210 1332 patet
1224 1273 1261 1314 ex
1278 1269 1386 1332 sequen-

299 1357 378 1418 tibus
398 1353 554 1424 ἐξέσσυται
574 1353 631 1438 γὰρ
649 1376 677 1416 κ.
697 1375 723 1416 τ.
744 1355 771 1416 λ.
795 1355 905 1439 quibus
925 1377 1017 1420 eausa
1037 1365 1067 1420 et
1087 1359 1165 1421 ratio
1186 1359 1325 1434 redditur,
1343 1376 1387 1420 cur

299 1471 370 1547 post
394 1483 458 1525 rem
478 1481 637 1526 veneream
663 1463 791 1526 bominis
813 1463 863 1525 vel
894 1465 1049 1526 fortissimi
1074 1465 1156 1529 vires
1177 1474 1328 1547 tantopere
1348 1485 1387 1526 ex·

299 1573 421 1635 haustae
439 1571 507 1634 sint
549 1572 649 1655 Atque
671 1571 700 1633 in
720 1571 788 1648 hoc,
810 1571 842 1631 ni
865 1573 962 1650 fallor,
983 1572 1033 1634 illa
1052 1593 1121 1636 cum
1143 1575 1304 1656 apoplexia
1323 1573 1387 1637 simi-

297 1679 394 1744 litudo
416 1685 561 1742 versatur.
603 1681 649 1742 Ex
670 1679 794 1761 reliquis
817 1681 992 1743 auctoribus
1014 1681 1119 1744 Galen.
1142 1685 1307 1746 Commeat.
1327 1685 1338 1744 l
1358 1679 1387 1741 al

296 1787 443 1869 Hippocr.
463 1786 516 1852 lib.
536 1787 578 1850 lll
595 1787 633 1848 de
656 1787 770 1850 morbis
790 1787 965 1868 vulgaribus
986 1791 1072 1852 Tem.
1093 1791 1121 1852 V
1146 1813 1178 1873 p.
1199 1794 1269 1869 398,
1283 1795 1321 1855 30
1339 1790 1387 1870 (al.

296 1895 421 1977 Basil.):
442 1895 485 1964 τίς
507 1893 564 1978 γὰρ
594 1893 708 1978 ἀνάγκη
736 1895 873 1978 γράφειν,
901 1895 1089 1981 Δημόκριτον
1116 1899 1172 1982 μὲν
1191 1899 1336 1984 εἰρηκέναι
1354 1917 1387 1978 μι-

296 2007 371 2094 κρὰν
393 2003 554 2088 ἐπιληψίαν
569 2001 709 2085 εἶναιτὴν
724 2003 904 2078 συνουσίαν;
918 2041 958 2054 -
973 2005 1068 2069 Clem.
1079 2005 1304 2090 Alex.l‘aedag.
1316 2006 1388 2070 lib.ll

296 2139 363 2198 cap.
387 2117 421 2178 X
450 2134 480 2194 p.
502 2113 542 2177 87
573 2112 621 2177 etl.
649 2110 733 2192 Sylb.
759 2113 835 2190 (⁸297
863 2111 910 2175 ed.
938 2115 1080 2194 Potter.):
1111 2097 1220 2202 pauper
1247 2114 1388 2198 ἐπιληψίαν

296 2224 350 2308 τὴν
372 2219 533 2284 συνουσίαν
554 2219 570 2282 b
587 2216 770 2303 Ἀβδηρίτης
789 2215 877 2300 ἔλεγε
897 2221 1053 2304 σοφιστής,
1068 2219 1160 2285 νόσον
1182 2225 1301 2286 ἀνίατον
1316 2217 1387 2304 ἡγού-

299 2351 405 2416 μενος·
428 2367 495 2380 --
521 2325 685 2410 ἅνθρωπος
710 2327 767 2412 γὰρ
793 2327 824 2397 ἐξ
847 2327 1012 2411 ἀνθρώπου
1034 2327 1180 2414 sapietur
1202 2333 1252 2395 uel
1273 2329 1388 2394 ἀποσπᾶ-

296 2461 355 2502 ται.
397 2436 512 2501 Plinius
532 2436 607 2498 Hist.
627 2441 686 2498 nat
708 2436 856 2511 XXVlll,
879 2438 934 2499 16:
957 2439 1108 2499 Venerem
1127 2439 1280 2504 damnavit
1296 2443 1389 2502 Demo

297 2549 400 2625 oritus
421 2543 503 2608 utin
526 2564 585 2627 qua
604 2544 695 2605 bomo
717 2543 794 2605 alins
816 2543 948 2606 exsiliret
972 2565 1010 2606 ex
1032 2546 1161 2610 bomine.
1208 2551 1326 2613 Coelius
1342 2546 1391 2608 Αυ-

296 2654 429 2716 relianus
448 2651 590 2716 Obrouic.
612 2652 694 2714 Pass.
708 2651 782 2715 lib.l
802 2652 971 2732 eap.XlV:
992 2655 1206 2730 „Concubitus
1227 2659 1290 2720 sive
1303 2659 1390 2717 Venus

296 2763 334 2826 ab
353 2761 503 2844 aliquibus
530 2778 623 2840 parva
650 2759 797 2841 epilepsia
821 2767 994 2842 nuncupata
1024 2770 1083 2825 est:
1113 2765 1263 2848 siquidem
1281 2763 1390 2828 similem

296 2871 368 2933 lacit
387 2869 590 2932 membrorum
618 2873 734 2931 motum
761 2867 882 2931 diverso
911 2875 1077 2948 contractu,
1096 2872 1287 2936 anhelatione
1305 2879 1333 2934 et
1351 2889 1391 2931 su-

295 2981 371 3042 dore
391 2982 558 3053 attestante,
587 2981 618 3038 et
643 2977 803 3039 oculorum
825 2978 1025 3041 conversione
1051 2999 1120 3042 cum
1143 2981 1259 3044 rubore
1278 2973 1390 3044 vultus.''

294 3087 422 3150 Elatum
444 3085 503 3147 boc
524 3083 704 3166 Hippocrati
726 3085 849 3148 ascribit
870 3085 987 3150 Gellius
1009 3095 1103 3151 noett.
1125 3094 1177 3151 att.
1200 3091 1252 3154 lib.
1267 3089 1350 3163 xlx,
1363 3087 1389 3146 ⁸2:

294 3195 516 3274 „Hippocrates
544 3199 661 3270 autern,
690 3192 790 3255 divina
816 3193 863 3254 vir
888 3195 1030 3271 seientia,
1052 3196 1089 3258 de
1111 3197 1194 3259 coitu
1213 3216 1339 3259 venereo
1358 3193 1390 3252 ita

294 3301 490 3378 existimabat,
512 3309 627 3381 partem
648 3319 715 3363 esse
733 3301 882 3382 querulam
902 3303 1001 3365 morbi
1022 3303 1174 3381 teterrimi,
1197 3325 1287 3387 quem
1307 3297 1389 3365 nostri

294 3410 476 3474 comitialem
494 3411 641 3473 dixerunt.
684 3409 824 3490 Namque
842 3409 938 3490 ipsius
959 3411 1051 3472 verba
1072 3413 1147 3474 liaeo
1167 3415 1331 3486 traduntur,
1346 3407 1388 3486 τὴν

296 3517 457 3580 συνουσίαν
485 3515 562 3579 εἶναι
592 3511 698 3600 μικρὰν
728 3514 928 3601 ἑαιληψίαν.”
979 3519 1069 3580 Gellii
1096 3519 1188 3582 verba
1217 3521 1256 3581 ad
1275 3519 1389 3581 litteram
1453 3495 1454 3508 ί

293 3625 497 3706 transscripsit
518 3623 691 3687 lllucrobius
715 3623 746 3685 in
768 3623 928 3689 Saturnall.
950 3625 1001 3688 lib.
1024 3627 1047 3687 H
1069 3649 1135 3709 oap.
1150 3631 1183 3692 B.
1226 3629 1288 3692 Sed
1310 3641 1388 3707 quum

292 3735 361 3812 boc,
393 3734 430 3796 de
463 3753 525 3815 que
557 3733 684 3814 agimus,
716 3734 939 3813 apoplrtltcgma
969 3734 1001 3795 in
1030 3736 1224 3816 Hippocratis
1259 3732 1389 3816 operibns

291 3863 369 3927 quae
391 3848 562 3924 supersunt,
590 3860 651 3902 non
679 3841 856 3921 reperiatur,
879 3842 1025 3904 memoria
1042 3842 1160 3923 lapsum
1182 3863 1250 3907 esse
1272 3839 1388 3906 Gellium

292 3971 361 4013 oum
381 3949 522 4029 lllenagio
547 3949 585 4011 ad
606 3947 696 4028 Diog.
719 3951 816 4012 Laert
845 3949 897 4012 lib.
920 3951 976 4026 ΙΧ,
992 3951 1032 4014 43
1055 3951 1265 4014 existimamus.
1309 3941 1388 4030 erol

292 4059 317 4121 si
345 4059 450 4120 luisset
477 4057 688 4138 Hippocratis,
716 4057 825 4119 doctus
853 4059 917 4136 ejus
948 4057 1097 4140 interpres
1126 4062 1258 4124 Galenus
1287 4059 1315 4120 iu
1336 4069 1388 4116 non

290 4166 467 4228 Democrito
488 4166 649 4238 tribuisset.
700 4163 836 4245 Denique
862 4166 951 4244 liujus
981 4169 1145 4231 sententiae
1170 4166 1388 4248 Eryximaolnun

290 4279 445 4334 auctorem
467 4273 600 4336 nourrinat
622 4271 773 4336 Stobaeus
795 4273 878 4336 Flor.
903 4275 954 4351 Vl,
974 4275 1010 4338 ὗς
1033 4269 1236 4360 Ἐρυξίμαχος
1258 4273 1310 4355 την
1331 4286 1387 4330 ουν-
