2932 4862
265 275 330 342 892
608 281 803 343 Quaestionum
824 278 1058 335 Danuuriteurun

267 443 428 528 reddi⁶³).
471 449 640 512 inerrantes
661 448 749 510 etium
771 445 874 510 stollas
901 445 1107 510 Democritum
1128 446 1276 523 statuisse,
1286 463 1377 508 nemo

267 561 388 634 praeter
400 555 583 620 Siobuauru⁶
592 555 631 637 ⁴),
648 552 912 634 Pseudoriginem⁶
922 552 952 634 ⁵)
964 560 994 616 et
1007 553 1339 635 Pseudopluturelrum⁶
1348 553 1378 634 ⁶)

267 661 398 724 tradidit.
441 663 489 724 Ab
510 664 547 726 iis
568 683 644 746 quae
666 663 704 726 de
726 681 890 742 corporum
915 661 1092 724 coelestium
1112 661 1220 724 ordine
1239 661 1381 742 Diogene

268 775 393 832 auctore
417 769 497 832 diota
516 778 588 834 sunt
606 771 778 852 discrepant
799 789 876 851 quae
899 769 938 830 de
959 768 1063 832 eadem
1080 787 1114 830 re
1141 771 1224 850 apud
1246 772 1383 835 Pseudo-

268 876 403 956 rigenear
420 883 451 938 et
472 877 783 960 Pseudoplutarohum
803 877 823 938 i.
837 877 857 938 l.
878 875 1029 956 leguntur.
1071 875 1185 938 Stellae
1205 877 1381 944 oboriente

269 985 456 1048 recidentem
478 1003 585 1048 versus
605 991 765 1049 moventur
778 983 839 1065 ⁶⁷).
878 983 1017 1064 Denique
1036 988 1070 1044 ut
1089 983 1233 1068 quodque
1254 987 1381 1050 sidusa
1445 1019 1446 1036 o

268 1093 349 1152 terre
367 1093 597 1156 remotissimum
612 1100 666 1170 esi,
690 1093 731 1154 ita
750 1091 878 1154 maxima
900 1090 993 1152 uitato
1015 1109 1107 1153 cursu
1127 1093 1234 1170 ier-tur,
1257 1103 1294 1156 nt
1313 1117 1379 1177 pru

268 1195 349 1260 xime
371 1199 410 1260 ad
431 1205 541 1262 terram
562 1199 688 1276 aceedit,
715 1198 941 1262 itu-lentissime
964 1203 1112 1276 movetur,
1142 1203 1227 1283 quod
1248 1203 1288 1266 de
1313 1205 1379 1268 luna

268 1305 463 1370 Democritus
485 1309 620 1370 affirmat.
663 1307 763 1370 'lestis
783 1306 951 1384 Lueretius,
972 1305 1026 1386 qui
1047 1325 1111 1368 rem
1132 1307 1214 1372 libro
1239 1313 1281 1391 V,
1306 1333 1379 1376 vers

269 1413 452 1478 uuo-635
473 1415 505 1478 in
522 1415 602 1480 lune
623 1415 746 1478 modum
767 1412 975 1496 persequitur:

418 1541 557 1594 Numitori
575 1543 616 1593 vei
636 1555 698 1592 eura
719 1541 812 1604 primis
830 1540 857 1590 id
873 1551 956 1604 possa
974 1539 1087 1598 videtur,

417 1623 562 1674 Democriti
577 1622 651 1688 quod
670 1625 763 1672 sanctu
782 1621 832 1672 viri
849 1621 985 1672 sententis
1005 1621 1095 1682 ponit:

419 1705 524 1763 Quanto
543 1717 666 1768 quaeque
684 1703 767 1768 magis
790 1703 844 1753 sint
862 1705 964 1752 terram
981 1701 1070 1752 sidera
1087 1706 1211 1765 propter,

418 1782 504 1833 Tanto
524 1797 606 1846 posse
624 1785 712 1834 minus
737 1796 799 1834 eum
820 1783 887 1833 coeii
905 1779 1013 1832 turbina
1031 1781 1100 1832 turri.

396 1857 402 1868 ¹
417 1859 585 1914 Evanesoera
600 1865 670 1914 enim
687 1863 793 1927 rapidas
813 1863 889 1924 iliius,
912 1865 940 1912 et
960 1874 1037 1914 aures

419 1942 541 1994 imminui
558 1943 653 1996 subter
672 1945 761 1995 vires:
779 1943 894 2007 ideoque
914 1942 1028 2006 relinqui

418 2022 556 2075 Paullatim
573 2025 657 2076 solem
679 2037 740 2076 eum
764 2020 953 2088 posterioribu'
972 2022 1060 2084 signis,

419 2103 531 2156 laterior
549 2107 662 2156 multum
680 2105 753 2169 quod
769 2105 811 2165 sit,
828 2117 909 2168 quam
931 2102 1033 2154 fervido
1053 2103 1146 2166 signa:

418 2183 450 2234 Et
468 2187 551 2249 tnagis
569 2185 620 2237 hoc
639 2185 743 2246 lenanu
763 2187 862 2249 quanto
880 2183 1022 2236 demissior
1042 2185 1099 2246 eius

417 2264 519 2317 Cursus
538 2265 615 2316 abest
635 2267 729 2330 procul
748 2279 764 2316 ο
781 2265 864 2324 coelo,
886 2264 1018 2328 terrisque
1039 2265 1213 2329 propinquat,

418 2345 503 2395 Tanto
519 2359 600 2410 possa
620 2345 707 2396 minus
726 2357 790 2395 oum
809 2345 892 2409 signis
911 2343 1021 2394 tendere
1039 2357 1157 2396 cursum.

418 2423 579 2477 Fiaooidioro
597 2427 677 2476 etiarn
696 2429 798 2492 quanio
813 2427 868 2489 jam
888 2425 995 2476 turbiue
1012 2424 1104 2486 iertur,

417 2504 529 2556 laterior
548 2519 629 2572 quam
649 2507 696 2567 soi,
723 2509 798 2557 tanto
819 2507 903 2570 magis
922 2505 1011 2556 onruia
1031 2507 1106 2570 signu

417 2585 492 2636 Hane
508 2586 695 2649 adipiscuntur
714 2588 824 2648 circum,
848 2591 1011 2652 praeterque
1034 2585 1164 2636 teruntur.

417 2665 563 2730 Propterea
582 2665 619 2729 iit,
638 2669 669 2717 ui
689 2667 754 2718 haee
774 2667 808 2716 ad
825 2667 928 2731 signum
949 2666 1075 2732 quodque
1096 2669 1199 2716 revorti

417 2743 539 2797 Manilius
562 2747 690 2808 videatur,
711 2747 745 2798 ad
769 2747 838 2798 hane
860 2749 922 2812 quia
943 2747 1018 2810 signa
1036 2748 1165 2797 revisunt.

349 2849 388 2911 Ut
414 2859 584 2917 atomorum
613 2854 700 2916 turba
730 2873 801 2916 vere
831 2861 911 2916 esset
941 2853 1151 2937 πανσπερμία,
1182 2874 1221 2916 ex
1254 2856 1292 2918 iis
1321 2876 1377 2919 non
1445 2915 1446 2944 ρ

265 2953 363 3017 solum
383 2958 531 3023 elementa
551 2961 659 3040 ignem,
679 2964 789 3038 adrem,
801 2969 1047 3044 aquam,terranr,
1068 2960 1123 3022 sed
1143 2961 1233 3024 etium
1253 2963 1376 3044 planto,

264 3105 465 3128 Μ

337 3201 376 3264 ⁶³)
395 3205 462 3258 Vide
480 3221 550 3272 quae
569 3221 651 3272 supra
672 3207 787 3257 diximus
803 3219 861 3270 pag.
886 3203 941 3257 131.

343 3295 382 3356 ⁶⁴)
402 3295 536 3348 Stobaeus
556 3299 604 3349 eol
626 3299 702 3363 phys.
720 3311 745 3362 p.
766 3293 835 3348 582:
866 3291 1033 3368 Δημοκρίτου
1059 3293 1087 3346 di
1110 3292 1124 3345 ὁ
1142 3292 1219 3364 λόγος
1240 3292 1374 3366 λεγόμενός

264 3367 342 3434 ἐστιν,
362 3371 398 3431 ως
421 3369 484 3427 κατ’
510 3375 666 3446 ἀντέλαμψιν
694 3380 747 3426 τῶν
773 3373 953 3443 πλανωμένων
981 3374 1096 3446 ἀστέρων
1116 3371 1180 3444 πρὸς
1202 3373 1334 3446 ἀλλήλους
1350 3391 1374 3426 τε

263 3451 384 3511 καὶτοὺς
401 3452 531 3518 doluerit,
551 3455 576 3509 ol
594 3459 707 3527 κομῆται
727 3450 891 3508 συνίστασθαι
910 3453 1027 3516 δοκοῦσι,
1046 3449 1165 3525 καθάπερ
1184 3452 1315 3506 πλειόνων
1333 3473 1373 3507 τα-

262 3528 380 3603 τότττρων
398 3533 610 3604 ἀντιλαμττόντων
627 3537 712 3607 τρισὶν
731 3534 782 3606 ἤδη
800 3533 858 3586 τινὰ
876 3531 955 3606 ὤφθη
976 3532 1123 3605 ἀστεροαὸη
1142 3535 1325 3605 φαντάσματα.

334 3625 374 3688 ⁶⁵)
392 3627 545 3693 Pseudorig.
565 3630 657 3680 Philus.
676 3643 700 3691 p.
719 3624 785 3678 891:
807 3625 872 3678 εἶναι
891 3623 920 3676 di
937 3624 985 3696 την
1003 3625 1050 3692 μέν
1065 3623 1174 3695 σελήνην
1191 3625 1279 3688 adrui,
1292 3627 1374 3679 ἔπειτα

261 3699 306 3753 τὸν
324 3703 408 3775 ἥλιον,
437 3707 492 3760 εἶτα
516 3707 576 3766 τοὺς
605 3706 727 3764 ἀπλανεῖς
754 3705 877 3777 ἀστέρας·
915 3703 977 3762 τοὺς
999 3702 1027 3756 di
1050 3702 1181 3776 πλανήτας
1201 3702 1262 3757 uit'
1283 3706 1374 3764 adrui:

261 3779 330 3852 έχων
348 3783 402 3838 ἴσον
424 3785 502 3857 ὕψος.

334 3877 374 3937 “)
395 3878 632 3944 Pseudoplutarch.
654 3879 687 3930 de
704 3880 771 3942 plau.
788 3879 848 3942 phil.
867 3873 959 3939 11,15:
978 3870 1141 3946 Δημόκριτος
1158 3873 1191 3926 τὰ
1212 3877 1260 3942 μὲν
1277 3875 1373 3944 ἀπλανῆ

259 3959 374 4024 πρῶτον,
393 3957 459 4024 nuri
476 3957 505 4010 δέ
521 3962 603 4009 ταῦτα
616 3955 676 4014 τοὺς
690 3954 831 4029 πλανήτας,
851 3949 894 4027 ἐφ’
917 3951 1066 4017 οέςἭλτον,
1081 3953 1234 4026 Φωσφόρον,
1254 3953 1372 4028 Σελήνην.

335 4049 376 4112 ⁶⁷)
406 4050 577 4114 Pseudoplut.
608 4049 642 4100 de
672 4049 737 4113 piae.
769 4050 829 4115 phil.
859 4049 890 4110 ll,
909 4044 958 4098 16:
989 4039 1172 4118 Ἀναξαγόρας,
1204 4041 1372 4118 Δημόκριτος,

259 4119 398 4194 Κλεάνθης
423 4122 468 4179 drr’
492 4126 630 4180 danoaldus
658 4127 699 4180 lori
724 4127 823 4195 δυσμὰς
851 4123 973 4198 φέρεσθαι
998 4127 1094 4185 πάντας
1121 4127 1179 4185 τοὺς
1199 4126 1308 4197 ἀστέρας
1328 4126 1372 4188 (it-

257 4211 347 4274 γουσι).
