2938 4864
299 327 364 394 266
634 323 831 388 licentiosam
851 325 1083 382 Democriteum

299 495 397 560 voluit
425 493 637 566 Burcbardus;
669 492 819 576 siqnidem
851 511 941 556 nemo
972 493 1139 571 recusabit,
1169 494 1240 577 quin
1269 497 1390 576 ponatur,

300 605 385 687 quod
405 604 432 666 si
452 623 514 666 non
536 602 668 684 ponitur,
687 603 927 666 subaudiendum
949 611 1005 666 est.
1041 604 1074 665 lu
1094 602 1331 684 interpretatione
1347 603 1392 664 bu·

295 712 348 792 jus
369 712 527 792 fragmenti
549 711 696 794 quaedam
718 709 756 772 de
779 710 925 774 industria
945 709 1069 774 liberius
1086 711 1231 774 converti.
1260 711 1392 773 Burcbar·

301 821 359 884 dus
375 820 501 882 eandem
522 818 699 882 sententiam
719 818 763 880 sic
782 819 912 882 reddidit
933 819 1119 900 germanice:
1149 840 1235 898 „man
1253 821 1325 882 mufs
1342 818 1392 880 ein·

300 929 394 992 seben
412 928 528 1006 lernen,
551 927 615 990 dafs
637 927 690 989 daa
711 927 913 990 menscblicbe
925 928 1028 990 Lebeu
1047 927 1187 992 schwach
1202 929 1240 990 ist
1253 927 1313 990 und
1331 925 1393 986 lura

301 1037 365 1101 und
384 1037 438 1098 mit
459 1035 613 1098 mancbeur
636 1034 788 1097 Gescbick
809 1035 871 1097 uud
893 1033 1036 1098 marreber
1050 1037 1135 1100 Noth
1157 1035 1336 1108 durclrwcbt,
1354 1033 1393 1094 da-

301 1145 355 1208 mit
377 1163 445 1206 man
464 1143 520 1206 auf
542 1143 686 1222 miifsigen
705 1142 832 1206 Erwerb
856 1145 984 1207 bedaebt
1004 1147 1057 1224 sei,
1081 1146 1144 1208 und
1165 1146 1213 1207 die
1236 1145 1317 1208 Notlr
1331 1141 1392 1206 mel

302 1255 371 1317 dem
391 1251 634 1330 Notbwendigen
660 1267 818 1330 gernessen
845 1252 977 1316 werde.”
1026 1255 1184 1316 Postrema
1208 1273 1246 1316 ec
1265 1257 1392 1332 speciant,
1450 1309 1456 1340 ε

300 1369 335 1424 ut
361 1381 460 1422 rerum
487 1359 724 1422 necessariarum
756 1360 858 1442 iuopia
892 1363 1030 1425 miseriae
1064 1362 1181 1424 initium
1212 1360 1392 1444 perhibeatur.

301 1469 405 1532 Verba
430 1467 572 1552 ἀφαυρήν
595 1487 628 1528 ra
649 1465 761 1530 ἐοῦσαν
782 1468 834 1531 καὶ
856 1467 1065 1554 ὀλιγοχρόνιον
1088 1469 1233 1532 Ciceroni
1254 1469 1392 1532 obversata

301 1577 450 1654 videntur,
475 1595 569 1658 qunm
589 1575 684 1638 Acad.
707 1577 728 1654 l,
752 1579 790 1639 12
820 1577 988 1656 Socratem,
1017 1579 1237 1655 Democritum,
1256 1576 1393 1653 Arraxago-

301 1705 374 1762 ram,
396 1683 621 1765 Empedoclem,
643 1675 720 1746 alios
740 1684 814 1746 nibil
832 1686 988 1766 cognosci,
1008 1687 1082 1749 nibil
1104 1687 1232 1769 percipi,
1250 1685 1319 1748 nibil
1337 1682 1392 1745 sciri

254 1855 264 1874 ,
301 1813 395 1874 posse
414 1799 562 1874 putantes,
590 1791 762 1856 bominibus
783 1801 927 1875 angustos
951 1813 1067 1872 sensns,
1095 1795 1263 1858 imbecillos
1285 1797 1393 1866 ambros,

301 1901 405 1964 breuia
419 1903 502 1964 effac
516 1901 678 1963 marra'cnla
694 1901 834 1964 tribuisse
854 1900 1010 1966 scriberet.
1053 1903 1258 1988 Caeteroquin
1274 1904 1304 1964 ai
1322 1905 1394 1982 κῆρες

301 2008 480 2072 Democrito
509 2027 572 2071 uon
593 2008 693 2072 solum
717 2008 787 2072 illae
816 2015 886 2072 snut
905 2011 1051 2073 humanae
1071 2013 1150 2075 vitae
1172 2023 1274 2094 pestes
1295 2010 1393 2080 mvidia,

301 2115 470 2193 aemulatio,
490 2116 593 2180 odium
613 2117 796 2199 omninoque
817 2117 904 2195 mala,
927 2138 1056 2201 qnorum
1080 2128 1224 2185 auctores
1244 2121 1299 2203 ipsi
1319 2116 1394 2182 bomi-

300 2245 355 2288 nes
376 2232 455 2302 sunt,
482 2231 516 2288 ut
542 2245 634 2305 supra
658 2226 787 2288 vidimus
817 2227 921 2305 fragm.
946 2230 996 2304 ⁸20,
1023 2229 1079 2292 sed
1108 2230 1199 2293 etiam
1233 2231 1393 2293 calamitates

301 2355 377 2417 quas
397 2353 416 2396 a
436 2332 493 2396 diis
522 2335 603 2396 fatali
634 2334 763 2417 quadam
792 2341 823 2395 et
849 2333 971 2397 occulta
993 2335 1060 2416 lege
1083 2339 1228 2402 mortales
1253 2337 1392 2420 accipiunt.

300 2443 355 2505 llis
376 2441 516 2505 oumibus
534 2440 630 2503 libera
651 2441 823 2504 beatissime
844 2441 971 2505 deornm
992 2451 1098 2508 nature
1119 2446 1231 2510 dieitur
1250 2445 1392 2528 deciperes:
1448 2437 1455 2466 ⁴

254 2580 258 2588 ·
302 2571 397 2632 porro
419 2549 565 2633 quidquid
589 2569 709 2630 purum,
726 2550 888 2628 sincerum,
909 2551 1057 2632 integrum
1081 2561 1111 2616 et
1129 2554 1333 2636 incorruptum
1352 2557 1393 2620 asi

302 2660 411 2722 eodem
439 2656 560 2720 nomine
588 2657 717 2722 vocitari
746 2660 913 2723 consuevit.
959 2661 1075 2725 Nostro
1102 2663 1177 2726 loeo
1196 2665 1304 2727 similia
1323 2661 1394 2722 lrabot

302 2767 493 2847 llipperclrus
512 2785 561 2846 ap.
583 2767 669 2830 Stob.
698 2787 767 2847 pag.
790 2770 863 2843 5t7,
881 2769 937 2833 47:
967 2770 1081 2831 πολλαὶ
1106 2775 1201 2853 κῆρες
1222 2771 1296 2834 κατὰ
1316 2769 1395 2832 narra

301 2877 352 2937 rba
373 2873 437 2960 βίον
458 2871 627 2956 sepianum
649 2881 679 2936 et
705 2874 780 2939 Plat.
810 2875 869 2956 leg.
889 2877 936 2940 Xl
962 2899 993 2958 p.
1016 2879 1077 2942 utu
1098 2881 1267 2961 (937,1).):
1291 2877 1394 2940 πολλῶν

302 2983 337 3046 δὲ
362 2981 456 3046 ὄντων
479 2979 530 3044 καὶ
549 2981 653 3042 καλῶν
684 2979 715 3044 ἐν
746 2987 791 3068 τῷ
812 2987 872 3046 τῶν
900 2984 1071 3069 ἀνθρώπων
1093 2989 1160 3072 βίῳ,
1181 2993 1246 3058 τοῖς
1267 2987 1395 3050 πλείστοις

1376 3087 1382 3102 Ι

1388 3123 1394 3132 ι

301 3089 401 3153 αὐτῶν
422 3087 486 3151 οἷον
511 3091 602 3171 κῆρες
623 3085 855 3173 ἐπιπεφύκαοιύ,
878 3092 910 3155 al
931 3094 1166 3178 xeroprairouol
1185 3119 1218 3159 τε
1240 3097 1290 3160 καὶ
1307 3111 1386 3171 κατοιρ

302 3199 497 3282 barcinonem
522 3194 609 3258 αὐτοί.

387 3308 437 3366 te.
480 3304 597 3384 Scripsi
621 3291 779 3374 ἐπιεικέως
798 3327 856 3388 pro
884 3307 1033 3378 ἐπιεικῶς.

387 3415 436 3475 tl.
481 3413 569 3474 Edidi
597 3416 669 3496 τῇσι
702 3412 852 3496 ἀνάγκῃσι
879 3437 941 3500 pro
972 3439 1010 3481 eo
1036 3421 1119 3504 quod
1143 3429 1231 3484 cutea
1259 3421 1395 3501 legebatur

301 3525 366 3588 ταῖς
396 3520 549 3603 ἀνάγκαις.
598 3522 707 3604 Neque
736 3521 816 3584 enim
843 3533 963 3604 praeter
986 3528 1114 3591 formam
1137 3553 1191 3613 ῃσι
1215 3551 1292 3613 quae
1317 3529 1395 3588 exstat

302 3631 408 3711 fragm.
429 3632 479 3706 ll,
501 3628 590 3691 aliam
617 3631 726 3693 borram
745 3631 914 3695 dativorum
938 3637 1176 3701 terminationem
1202 3631 1394 3701 aDemoorlto

303 3747 479 3821 usurpatam
500 3755 567 3798 esse
591 3738 710 3818 opinor.
753 3739 822 3803 llcc
843 3741 1050 3823 fragmentum,
1081 3749 1216 3828 quamvis
1239 3748 1270 3809 in
1289 3735 1395 3808 Stcbaei

302 3848 486 3913 editionibus
508 3846 653 3909 Demetrii
679 3849 800 3912 nomine
827 3849 1005 3932 inscriptum
1026 3854 1074 3931 sit,
1105 3861 1188 3918 reete
1214 3856 1255 3918 ob
1284 3851 1394 3916 ionicam

303 3957 463 4019 dialectum
486 3961 516 4017 et
546 3955 642 4034 ipsam
667 3957 844 4019 seutentiam
864 3961 1040 4024 Democrito
1062 3964 1266 4044 ascripserunt
1287 3957 1393 4022 Valcke-

301 4065 422 4142 narius,
459 4061 667 4142 Gaislordius,
708 4063 856 4143 Orelllus,
890 4069 1093 4134 Burclmrdus.
1151 4073 1230 4135 Nam
1270 4059 1396 4131 Demetrii

304 4171 504 4250 fragmentum
526 4169 565 4232 ab
591 4171 699 4233 eodem
726 4173 860 4238 Stcbaeo
890 4185 1040 4243 servatum
1068 4199 1157 4245 serni.
1180 4181 1247 4245 Vlll
1267 4175 1332 4260 περὶ
1350 4171 1395 4233 iet·

304 4277 370 4348 λίοις
385 4277 510 4339 atticum
532 4285 588 4353 est,
615 4297 678 4341 non
700 4278 841 4344 ionicum.
