2892 4872
223 309 287 377 ffl
548 303 747 369 (locutionum
762 304 996 364 Democritaaram

224 481 307 548 λους.
347 478 401 542 llis
425 473 562 536 virorum
588 472 749 536 doctorum
778 473 972 555 opinionibus
1001 475 1078 538 aliae
1104 477 1175 540 addi
1200 485 1340 558 possent,

224 587 357 668 speciem
376 583 525 667 quandam
543 579 811 643 verisimilitudinis
832 600 906 661 prae
927 600 961 644 se
982 585 1123 648 serentes.
1155 585 1195 647 ht
1215 605 1339 648 omnem

225 691 415 773 conjectandi
451 688 607 751 libidinem
637 697 758 752 coercet
791 695 876 751 certa
910 691 1134 773 tetralogiarurn
1163 693 1214 754 lex
1246 711 1341 773 quam

224 801 364 881 superius
384 795 552 860 restituisse
571 794 660 859 nobis
679 796 825 860 videmur.
865 801 976 880 Quare,
1001 819 1040 862 ne
1062 800 1195 862 secunda
1214 798 1342 862 tetralo-

225 909 274 988 gia
302 907 381 969 ultra
400 903 496 967 libros
528 903 658 967 morales
693 905 880 980 extendatur,
907 904 1125 985 improbandae
1152 907 1243 969 nobis
1268 913 1343 968 sunt

225 1015 359 1077 rationes
388 1011 497 1095 quibus
523 1009 680 1091 Meuagius
709 1017 739 1073 et
766 1010 924 1074 Fabricius
960 1014 1035 1076 haec
1063 1015 1176 1095 scripte
1197 1014 1343 1076 distinxe

225 1129 305 1185 mint
346 1120 393 1181 Ex
419 1119 552 1182 Fabricii
578 1119 753 1198 conjectura
777 1120 877 1182 'solam
904 1118 1073 1184 litterarum
1095 1120 1122 1204 η’
1150 1122 1255 1184 octoni
1284 1141 1341 1184 nu-

224 1229 301 1292 meri
321 1227 450 1290 indicem
474 1226 663 1304 asciscimus,
691 1226 731 1288 ita
750 1225 869 1288 titulum
890 1229 1118 1292 constituentes:
1140 1226 1341 1311 Ὑπομνημά-

225 1357 286 1399 των
310 1333 426 1418 ἠθικῶν
446 1332 485 1417 η’.
527 1331 710 1413 Caeteroqui
730 1349 769 1392 ne
788 1331 854 1412 ipse
873 1335 994 1415 quidem
1012 1336 1170 1400 Fabricius
1191 1337 1247 1398 sibi
1267 1353 1344 1398 con-

227 1448 295 1508 stat
335 1443 416 1505 Nam
435 1441 461 1504 si
482 1461 560 1505 unus
581 1438 661 1502 liber
684 1439 894 1519 appellabatur
914 1438 1105 1524 Ἀμαλθείας
1133 1440 1236 1526 κέρας,
1264 1442 1344 1504 alter

227 1549 369 1634 ιθθυμίη,
400 1549 505 1613 tertius
532 1546 689 1632 ἀταραξίη,
719 1565 774 1608 cur
805 1547 977 1610 uuiversum
1006 1567 1085 1629 opus
1111 1550 1215 1612 vocari
1241 1550 1343 1630 potuit

221 1655 415 1741 Ἀμαλθείας
445 1655 538 1739 κέρας
563 1655 583 1739 ἢ
619 1655 688 1737 περὶ
706 1645 864 1737 ἐὐθυμίης
892 1654 1116 1738 ὑπομνημάτων
1144 1655 1261 1740 ἠθικῶν
1288 1655 1343 1738 p'?

226 1764 382 1848 Siquidem
403 1764 527 1845 planum
554 1769 616 1840 est,
643 1761 675 1824 in
701 1762 789 1824 titulo
818 1763 922 1843 operis
947 1764 1122 1846 ponendum
1139 1783 1207 1826 esse
1229 1782 1342 1828 nomen

225 1891 287 1935 non
310 1871 437 1952 singulis
463 1869 556 1947 libris,
575 1869 631 1932 sed
660 1869 808 1931 universis
839 1871 1031 1934 couveniens.
1078 1871 1197 1936 idcirco
1225 1873 1342 1953 optimo

223 1980 294 2057 jure
308 1974 499 2060 Ἀμαλθείας
516 1974 608 2060 κέρας
627 1974 781 2056 peculiare
800 1995 881 2055 opus
901 1977 995 2041 tuisse
1018 1979 1161 2054 diximum
1188 1998 1283 2060 porro
1305 1977 1342 2038 li-

225 2085 315 2147 brum
337 2084 407 2166 cept
426 2082 575 2167 εὐθυμίης
595 2082 666 2146 item
686 2082 837 2163 singulare
857 2085 1004 2165 scriptum
1016 2087 1111 2150 luisse
1130 2085 1341 2150 contendimus

225 2211 283 2254 nec
314 2191 455 2253 differens
481 2191 519 2252 ab
545 2211 599 2269 eo,
629 2191 712 2273 quod
734 2189 946 2256 nominabatur
973 2194 1044 2279 crept
1070 2193 1187 2261 τέλους.
1231 2191 1342 2254 Ultima

226 2317 300 2362 vero
322 2297 470 2378 Diogenis
494 2297 587 2359 verba
613 2296 633 2380 ἡ
656 2296 713 2381 γὰρ
736 2291 862 2360 Είιεοτθι
888 2297 947 2384 οὐχ
973 2301 1143 2385 εὑρίσκεται
1164 2301 1276 2382 pariter
1300 2299 1341 2360 de

226 2404 374 2486 peculiari
394 2403 498 2466 libello
525 2403 670 2485 intelligo,
698 2406 751 2487 qui
772 2407 836 2485 jam
856 2408 1009 2488 Thrasylli
1028 2416 1166 2491 tempore
1189 2407 1341 2471 desidera-

227 2511 345 2576 tussit
393 2513 457 2573 Our
472 2511 679 2574 -Democritus
709 2513 779 2575 huic
804 2515 892 2595 operi
917 2513 1143 2600 ὑπομνημάτων
1172 2516 1236 2580 sive
1258 2535 1341 2576 coru-

227 2617 443 2681 menteriorum
468 2635 579 2679 nomen
606 2619 756 2695 indiderit,
778 2621 843 2699 jam
872 2621 905 2682 in
930 2623 1092 2688 Prooemio
1121 2625 1210 2702 hujus
1233 2620 1303 2684 libri
1324 2641 1344 2683 a

96 2729 98 2732 ’
227 2726 317 2789 nobis
346 2724 546 2805 significatum
575 2733 630 2790 est.
686 2731 788 2808 Quum
816 2735 915 2791 autern
947 2729 978 2790 in
1004 2729 1109 2792 itinere
1138 2729 1247 2810 raptim
1269 2749 1343 2792 con

227 2831 373 2913 scriptum
411 2833 564 2909 videatur,
596 2834 705 2896 mirum
731 2841 875 2916 nonest,
906 2837 1012 2918 plures
1045 2837 1083 2899 de
1114 2837 1343 2918 peregrinarum

228 2939 362 3021 gentium
383 2939 518 3004 moribus
545 2946 577 3002 et
599 2943 868 3024 apophthegmatis,
891 2951 926 3007 ut
948 2944 1088 3027 equidem
1110 2963 1242 3025 expono,
1260 2963 1344 3006 com-

227 3049 425 3111 mentationes
444 3047 473 3110 ei
493 3046 621 3112 insertas
643 3050 751 3129 tuisse,
774 3071 848 3134 quas
876 3051 1013 3115 nonnulli
1034 3059 1109 3114 teste
1129 3051 1269 3132 Diogene
1289 3052 1342 3115 lib.

203 3157 284 3233 ‚lX,
303 3157 345 3220 18
365 3177 384 3218 a
405 3155 529 3236 reliquis
552 3159 618 3235 ejus
642 3158 804 3221 voluminis
830 3159 966 3239 partibus
993 3160 1184 3239 sejungentes
1210 3159 1345 3240 peculia·

230 3281 280 3324 res
301 3263 422 3325 libellos
438 3262 622 3340 judicarunt.
669 3267 747 3328 Sunt
772 3275 873 3329 eutem
893 3266 1060 3346 singulares
1083 3267 1303 3346 disputationes
1326 3289 1343 3328 a

229 3369 340 3430 morali
368 3369 561 3450 philosophia
588 3392 665 3454 qnae
690 3373 783 3437 totius
814 3374 917 3455 operis
938 3374 1063 3436 materia
1084 3381 1114 3436 et
1135 3381 1344 3456 argumentum

228 3473 293 3552 tuit,
324 3475 417 3555 paulo
445 3476 608 3542 alieniores
633 3481 812 3563 quibusdam
837 3489 974 3546 veterum
1004 3483 1087 3544 visae
1118 3501 1155 3544 ac
1183 3485 1345 3563 separatim

227 3579 346 3663 positae
367 3601 493 3648 numero
514 3606 640 3649 novem:

310 3689 344 3769 1)
377 3685 452 3772 Περὶ
487 3697 547 3756 τῶν
580 3693 611 3755 ἐν
648 3690 815 3779 Βαβυλῶνι
853 3695 944 3781 ἱερῶν
978 3696 1176 3781 γραμμάτων.
1232 3695 1345 3758 Euseb.

228 3795 335 3874 Praep.
355 3795 399 3873 X,
423 3798 458 3860 d:
482 3796 671 3883 Δημόκριτος
688 3801 759 3871 τοὺς
777 3798 997 3888 Βαβυλωνίους
1014 3802 1125 3886 λόγους
1143 3800 1273 3887 ἠθικοὺς
1293 3825 1344 3864 πτ-

228 3901 377 3982 ιιοιῆοθαι
394 3903 524 3988 λέγεται.
564 3913 651 3988 Quae
673 3910 767 3972 verba
786 3917 884 3974 sumta
903 3917 973 3975 srurt
992 3931 1029 3972 ex
1042 3911 1189 3973 clement
1203 3913 1345 3974 Strom.l

228 4029 258 4090 p.
291 4010 349 4072 131
377 4013 461 4094 Sylb.
492 4018 536 4096 (p.
561 4015 622 4078 356
650 4016 753 4097 Pott).
794 4019 846 4081 Ait
866 4020 944 4081 euim
966 4019 1125 4081 Clemens:
1155 4016 1346 4100 Δημόκριτος

227 4115 298 4186 τοὺς
319 4114 540 4202 Βαβυλωνίους
566 4121 676 4205 λόγους
704 4121 830 4206 ἠθικοὺς
850 4125 1030 4208 πεποίηται·
1062 4123 1182 4207 λέγεται
1211 4123 1269 4208 γὰρ
1291 4125 1345 4206 τὴν

225 4221 390 4310 Ἀκικοίμου
420 4229 531 4312 στήλην
561 4227 801 4313 ἑμμηνευθεῖοαν
830 4235 894 4300 τοῖς
925 4233 1011 4301 ἰδίοις
1033 4231 1173 4303 συντάξαι
1196 4233 1344 4315 cop-spep-
