2956 4860
391 345 476 401 nater
495 347 515 401 r.
553 347 597 402 ne
622 347 773 404 nemnem
795 311 878 405 erras
1140 355 1183 419 53

90 533 257 595 peragrasse,
273 534 360 598 quam
378 535 485 578 eorum
501 535 680 598 quemquam
694 515 745 598 qni
769 517 863 596 ipsius
886 525 1021 600 tempore
1043 523 1179 600 vixerint,

89 621 297 700 disjunctissima
319 643 455 705 quaeque
472 623 656 701 lustrantem,
673 624 753 686 coeli
768 624 887 706 solique
900 647 1011 706 genera
1031 649 1180 708 cognosse

89 749 164 810 qnam
189 729 327 810 plurima,
357 732 493 794 eruditos
522 732 658 793 homines
684 732 850 810 permultos
875 733 1034 812 audivisse,
1062 756 1118 798 nec
1147 739 1178 800 in

88 839 284 918 componendis
302 841 443 919 adjuncta
464 839 718 902 demonstratione
739 840 861 902 lineisa
884 862 1034 925 quoipiam
1055 865 1178 924 supera—

87 951 139 1005 tnm
160 966 229 1022 esse,
254 967 292 1009 ne
313 948 350 1010 ab
376 947 412 1010 iis
435 948 556 1031 quidem
577 947 627 1030 qui
644 948 897 1028 llarpedonaptae
917 937 998 1028 apud
1011 952 1178 1032 Aegyptios

86 1052 198 1130 audiant,
232 1053 313 1134 apud
345 1073 423 1136 qnos
459 1068 620 1138 postquem
653 1057 885 1134 (caeterorum)
918 1059 1050 1120 omnium
1081 1068 1177 1122 terras

84 1159 183 1238 adierit,
202 1162 331 1245 qrrhrque
351 1182 408 1242 per
429 1182 525 1225 annos
546 1162 755 1242 peregrinatus
779 1162 836 1224 sit:
858 1183 921 1225 non
943 1173 1056 1228 martum
1079 1170 1179 1229 onrrria

85 1267 118 1329 ihi
134 1276 242 1331 narrata
263 1292 335 1334 cum
361 1271 396 1332 iis
427 1291 504 1353 quae
526 1271 683 1358 statuimus
714 1279 893 1350 congruunt,
913 1275 968 1334 sed
988 1275 1078 1336 etiam
1097 1275 1178 1337 ordi-

83 1393 226 1459 nemque
247 1379 381 1459 singulas
408 1385 504 1440 terras
532 1378 732 1458 philosophus
759 1379 870 1455 viserit,
900 1381 968 1442 inde
994 1382 1066 1444 lieet
1094 1382 1178 1444 celli-

83 1503 150 1561 gere.
199 1486 245 1549 Ac
270 1487 403 1566 primum
439 1487 559 1568 quidem
592 1493 697 1566 aperte
725 1491 851 1548 testetur
880 1489 1020 1569 scriptor,
1052 1491 1176 1552 ultimos

81 1595 150 1672 apud
168 1613 241 1677 quos
261 1599 468 1658 commoratus
489 1593 538 1670 sit,
560 1593 653 1656 luisse
673 1592 893 1674 Acgyptiorum
915 1597 1175 1678 llarpedonaptas,

83 1709 220 1780 praeterea
242 1710 403 1785 antequam
436 1701 584 1781 Leucippi
615 1701 772 1781 disciplina
802 1710 951 1781 uteretur,
985 1707 1176 1788 Pythagoreo

81 1807 157 1872 alicui
175 1811 381 1875 Democritum
404 1829 529 1890 operam
549 1810 669 1871 dedisse
692 1817 722 1870 et
734 1810 862 1887 juvenili
883 1811 992 1874 ardore
1014 1813 1176 1893 impulsum

81 1917 112 1976 ad
129 1918 320 1982 celebrandas
340 1921 529 1999 Pythagorae
550 1917 656 1979 landes
683 1918 814 1980 animum
834 1919 981 1998 adjecisse
1003 1920 1034 1981 in
1056 1919 1127 1981 libri
1150 1923 1176 1983 ll

81 2029 221 2103 prooemio
239 2028 404 2108 perspicue
426 2026 628 2102 ostendemus,
650 2026 780 2107 deniqne
799 2047 837 2088 ex
857 2027 921 2103 illo,
943 2029 995 2110 qni
1014 2049 1086 2090 mox
1105 2029 1177 2090 cita-

82 2131 154 2212 bitur,
178 2135 335 2198 Dicerouis
361 2133 431 2196 loco
451 2134 622 2214 cogendum
646 2140 702 2210 est,
729 2134 904 2196 Abderitam
932 2143 1084 2214 nostrum,
1114 2157 1175 2218 qno

81 2249 199 2322 tempore
209 2245 346 2304 Athenas
368 2241 457 2318 venit,
477 2242 528 2303 nbi
541 2240 664 2304 Valerio
686 2246 762 2304 teste
782 2241 885 2322 plures
905 2264 1000 2306 annos
1023 2243 1174 2322 transegit,

77 2347 128 2424 jam
150 2351 233 2414 editis
262 2351 380 2432 aliquot
403 2347 525 2429 scriptis
553 2349 738 2412 inclaruisse.
781 2351 827 2412 Ex
850 2353 895 2414 his
915 2351 1033 2414 indiciis
1055 2350 1176 2412 minime

81 2457 163 2521 dubiis
184 2458 430 2524 concludendum
451 2455 625 2537 opinamur,
655 2458 864 2522 Democritum
885 2461 1107 2522 adolescentem
1130 2478 1176 2518 re-

80 2561 138 2626 licta
157 2568 249 2647 patria
268 2566 347 2630 urbe
371 2563 502 2640 Abdera,
521 2585 615 2646 quum
634 2567 798 2646 praecipua
820 2569 965 2630 Graeciae
989 2567 1104 2646 oppida
1127 2565 1176 2624 vix

80 2671 199 2737 alirnine
219 2675 374 2751 salutaret,
405 2671 504 2736 statim
532 2671 563 2732 in
586 2673 700 2736 ltaliam
721 2674 883 2755 appulisse,
912 2675 1012 2755 ibique
1035 2672 1177 2754 aliquam-

80 2779 123 2842 diu
146 2791 292 2847 moratnm
318 2801 354 2844 ac
377 2783 442 2860 jam
477 2780 607 2842 nominis
638 2780 752 2863 aliquid
777 2781 807 2841 in
842 2781 950 2842 litteris
978 2787 1176 2842 consecutum

80 2897 172 2964 postea
199 2890 359 2954 Graeciam
386 2891 578 2969 Europaeam
604 2889 731 2966 obiisse,
760 2887 830 2950 inde
858 2888 888 2951 in
908 2887 1011 2950 Asiam
1032 2887 1179 2949 minorem

80 2997 234 3076 navigasse,
264 3015 418 3080 quumque
439 2996 481 3057 ibi
507 2997 537 3057 iu
558 2995 685 3077 singrdis
708 2996 842 3070 urbibus,
864 3015 942 3078 quae
962 2997 1109 3058 bonarum
1129 3013 1178 3056 ar-

80 3101 143 3164 tium
168 3113 197 3166 et
217 3105 446 3188 disciplinarum
471 3104 579 3184 plenae
600 3111 717 3181 essent,
736 3104 808 3166 satis
831 3104 883 3165 diu
904 3103 1069 3180 mansisset,
1090 3103 1179 3164 cnat-
1252 3117 1256 3124 ’

80 3209 160 3273 dacos
179 3214 319 3293 petiisse,
345 3219 375 3274 et
395 3213 514 3293 expleta
544 3211 681 3274 &cendi
701 3211 865 3292 cupiditate
885 3212 923 3273 ad
950 3212 1058 3272 Persas
1085 3217 1178 3271 teten-

80 3315 156 3396 disse,
175 3320 243 3384 inde
266 3321 411 3383 reducem
430 3321 511 3401 apud
530 3319 699 3400 Aegyptios
719 3325 749 3380 et
768 3318 935 3399 Aethiopes
957 3319 1178 3399 peregrinatum

81 3435 254 3510 essentque
278 3447 317 3490 ex
343 3429 398 3490 hae
422 3427 551 3510 deniqne
578 3434 658 3489 terra
680 3431 750 3506 post
774 3426 896 3507 longam
917 3447 1031 3490 moram
1052 3426 1127 3488 velis
1150 3425 1179 3486 in

81 3531 160 3597 altum
176 3537 252 3599 datis
275 3537 373 3599 natale
395 3537 494 3598 solnm
518 3534 685 3614 repetiisse.

153 3643 264 3723 Restat,
286 3650 320 3708 ut
341 3643 514 3706 accuratius
534 3643 573 3705 de
596 3641 762 3703 Democriti
783 3642 865 3721 apud
876 3639 1076 3704 Athenienses
1099 3662 1181 3703 corrr-
1257 3669 1261 3676 ·

82 3751 235 3815 irroratione
257 3752 425 3836 loquamur.
472 3751 506 3815 Si
535 3769 641 3813 verum
663 3757 717 3826 est,
740 3747 822 3831 quod
844 3749 886 3811 ait
906 3749 1078 3810 Demetrius
1100 3748 1182 3827 aprud

84 3855 237 3937 Diogenem
265 3859 285 3922 l.
304 3881 340 3936 c.,
370 3861 580 3922 Democritum
613 3857 746 3918 Athenas
772 3855 890 3918 venisse
917 3855 1027 3932 videri,
1057 3857 1112 3917 scd
1141 3855 1181 3917 ob

84 3963 185 4040 gloriae
216 3973 401 4030 contemtum
430 3966 554 4048 agnosci
574 3965 709 4028 noluisse
731 3985 767 4026 ac
789 3963 910 4026 novisse
932 3961 1052 4042 qnidam
1074 3965 1184 4024 Socra-

85 4075 143 4146 tem,
164 4074 218 4133 sed
241 4071 278 4134 ab
308 4095 345 4136 eo
373 4075 543 4156 ignoratum
564 4091 648 4149 esse,
673 4072 763 4153 idque
785 4071 873 4132 simul
898 4069 1068 4130 consummi
1089 4071 1185 4150 philo-

87 4178 163 4255 sophi
180 4177 298 4241 verbis:
331 4182 404 4240 oeni
421 4179 557 4241 Athenas
578 4200 673 4259 neque
697 4182 855 4260 pm'spnmn
881 4197 929 4238 nae
951 4179 1086 4256 agnouit,
1111 4179 1185 4238 lrarrc

60 4285 182 4362 ,agendi
207 4286 352 4350 rationem
376 4287 478 4352 iniisse
506 4289 618 4370 opinor
648 4287 799 4352 hominem
827 4285 1097 4350 laboriosissimum
1126 4305 1187 4346 non
