<?xml version="1.0" encoding="UTF-8"?>
<!DOCTYPE html PUBLIC "-//W3C//DTD XHTML 1.0 Transitional//EN"
    "http://www.w3.org/TR/xhtml1/DTD/xhtml1-transitional.dtd">
<html xmlns="http://www.w3.org/1999/xhtml" xml:lang="en" lang="en">
 <head>
  <title>
</title>
<meta http-equiv="Content-Type" content="text/html;charset=utf-8" />
  <meta name='ocr-system' content='tesseract 3.04.00' />
  <meta name='ocr-capabilities' content='ocr_page ocr_carea ocr_par ocr_line ocrx_word'/>
</head>
<body>
  <div class='ocr_page' id='page_1' title='image "./democritiabderi00mullgoog_0083.png"; bbox 0 0 2956 4860; ppageno 0'>
   <div class='ocr_carea' id='block_1_1' title="bbox 268 289 1051 362">
    <p class='ocr_par' dir='ltr' id='par_1_1' title="bbox 268 289 1051 362">
     <span class='ocr_line' id='line_1_1' title="bbox 268 289 1051 362; baseline -0.009 -11"><span class='ocrx_word' id='word_1_1' title='bbox 268 297 312 362; x_wconf 76' lang='lat'><strong>62</strong></span> <span class='ocrx_word' id='word_1_2' title='bbox 602 292 798 356; x_wconf 68' lang='lat' dir='ltr'><strong>Quaestionum</strong></span> <span class='ocrx_word' id='word_1_3' title='bbox 818 289 1051 345; x_wconf 79' lang='lat' dir='ltr'><strong>liemccritraranr</strong></span> 
     </span>
    </p>
   </div>
   <div class='ocr_carea' id='block_1_2' title="bbox 269 455 1392 3898">
    <p class='ocr_par' dir='ltr' id='par_1_2' title="bbox 269 455 1392 3898">
     <span class='ocr_line' id='line_1_2' title="bbox 269 455 1392 550; baseline -0.007 -22"><span class='ocrx_word' id='word_1_4' title='bbox 269 485 331 550; x_wconf 89' lang='lat' dir='ltr'><strong>quo</strong></span> <span class='ocrx_word' id='word_1_5' title='bbox 354 463 467 538; x_wconf 88' lang='lat' dir='ltr'><strong>eiieoit,</strong></span> <span class='ocrx_word' id='word_1_6' title='bbox 495 467 530 526; x_wconf 90' lang='lat' dir='ltr'><strong>ut</strong></span> <span class='ocrx_word' id='word_1_7' title='bbox 554 457 681 523; x_wconf 75' lang='lat' dir='ltr'><strong>Athenis</strong></span> <span class='ocrx_word' id='word_1_8' title='bbox 705 476 724 519; x_wconf 86' lang='lat' dir='ltr'><strong>a</strong></span> <span class='ocrx_word' id='word_1_9' title='bbox 751 455 870 520; x_wconf 87' lang='lat' dir='ltr'><strong>nemine</strong></span> <span class='ocrx_word' id='word_1_10' title='bbox 898 464 1122 538; x_wconf 77' lang='lat' dir='ltr'><strong>agnosceretur.</strong></span> <span class='ocrx_word' id='word_1_11' title='bbox 1169 457 1262 540; x_wconf 82' lang='lat' dir='ltr'><strong>Quod</strong></span> <span class='ocrx_word' id='word_1_12' title='bbox 1283 464 1392 520; x_wconf 82' lang='lat' dir='ltr'><strong>autem</strong></span> 
     </span>
     <span class='ocr_line' id='line_1_3' title="bbox 269 564 1391 655; baseline -0.006 -20"><span class='ocrx_word' id='word_1_13' title='bbox 269 572 388 655; x_wconf 83' lang='lat' dir='ltr'><strong>physici</strong></span> <span class='ocrx_word' id='word_1_14' title='bbox 410 591 490 634; x_wconf 88' lang='lat' dir='ltr'><strong>nnnc</strong></span> <span class='ocrx_word' id='word_1_15' title='bbox 516 585 639 652; x_wconf 86' lang='lat' dir='ltr'><strong>quoque</strong></span> <span class='ocrx_word' id='word_1_16' title='bbox 667 567 768 628; x_wconf 87' lang='lat' dir='ltr'><strong>lacere</strong></span> <span class='ocrx_word' id='word_1_17' title='bbox 790 564 898 642; x_wconf 87' lang='lat' dir='ltr'><strong>solent,</strong></span> <span class='ocrx_word' id='word_1_18' title='bbox 920 572 954 627; x_wconf 94' lang='lat' dir='ltr'><strong>ut</strong></span> <span class='ocrx_word' id='word_1_19' title='bbox 975 565 1104 642; x_wconf 79' lang='lat' dir='ltr'><strong>easdem¹</strong></span> <span class='ocrx_word' id='word_1_20' title='bbox 1122 585 1171 628; x_wconf 89' lang='lat' dir='ltr'><strong>res</strong></span> <span class='ocrx_word' id='word_1_21' title='bbox 1192 565 1284 628; x_wconf 86' lang='lat' dir='ltr'><strong>variis</strong></span> <span class='ocrx_word' id='word_1_22' title='bbox 1307 565 1391 628; x_wconf 89' lang='lat' dir='ltr'><strong>locis</strong></span> 
     </span>
     <span class='ocr_line' id='line_1_4' title="bbox 270 671 1392 760; baseline -0.006 -17"><span class='ocrx_word' id='word_1_23' title='bbox 270 681 449 756; x_wconf 79' lang='lat' dir='ltr'><strong>intueantur,</strong></span> <span class='ocrx_word' id='word_1_24' title='bbox 470 676 566 739; x_wconf 89' lang='lat' dir='ltr'><strong>visuri</strong></span> <span class='ocrx_word' id='word_1_25' title='bbox 586 671 858 760; x_wconf 81' lang='lat' dir='ltr'><strong>quaediserimina</strong></span> <span class='ocrx_word' id='word_1_26' title='bbox 886 673 949 736; x_wconf 89' lang='lat' dir='ltr'><strong>loci</strong></span> <span class='ocrx_word' id='word_1_27' title='bbox 969 674 1065 754; x_wconf 79' lang='lat' dir='ltr'><strong>magis</strong></span> <span class='ocrx_word' id='word_1_28' title='bbox 1085 672 1221 736; x_wconf 77' lang='lat' dir='ltr'><strong>mitiusve</strong></span> <span class='ocrx_word' id='word_1_29' title='bbox 1239 679 1293 736; x_wconf 88' lang='lat' dir='ltr'><strong>aut</strong></span> <span class='ocrx_word' id='word_1_30' title='bbox 1311 673 1392 736; x_wconf 87' lang='lat' dir='ltr'><strong>clari</strong></span> 
     </span>
     <span class='ocr_line' id='line_1_5' title="bbox 270 781 1392 864; baseline -0.01 -11"><span class='ocrx_word' id='word_1_31' title='bbox 270 794 322 852; x_wconf 90' lang='lat' dir='ltr'><strong>aut</strong></span> <span class='ocrx_word' id='word_1_32' title='bbox 343 785 467 850; x_wconf 84' lang='lat' dir='ltr'><strong>obscuri</strong></span> <span class='ocrx_word' id='word_1_33' title='bbox 496 783 642 860; x_wconf 83' lang='lat' dir='ltr'><strong>alliciant,</strong></span> <span class='ocrx_word' id='word_1_34' title='bbox 670 789 700 844; x_wconf 89' lang='lat' dir='ltr'><strong>et</strong></span> <span class='ocrx_word' id='word_1_35' title='bbox 729 781 884 864; x_wconf 90' lang='lat' dir='ltr'><strong>quomodo</strong></span> <span class='ocrx_word' id='word_1_36' title='bbox 905 802 963 862; x_wconf 92' lang='lat' dir='ltr'><strong>pro</strong></span> <span class='ocrx_word' id='word_1_37' title='bbox 986 781 1126 846; x_wconf 87' lang='lat' dir='ltr'><strong>locorum</strong></span> <span class='ocrx_word' id='word_1_38' title='bbox 1147 787 1254 844; x_wconf 87' lang='lat' dir='ltr'><strong>natura</strong></span> <span class='ocrx_word' id='word_1_39' title='bbox 1275 782 1392 862; x_wconf 87' lang='lat' dir='ltr'><strong>partim</strong></span> 
     </span>
     <span class='ocr_line' id='line_1_6' title="bbox 271 889 1392 973; baseline -0.006 -14"><span class='ocrx_word' id='word_1_40' title='bbox 271 894 414 960; x_wconf 89' lang='lat' dir='ltr'><strong>cernendi</strong></span> <span class='ocrx_word' id='word_1_41' title='bbox 439 893 518 956; x_wconf 90' lang='lat' dir='ltr'><strong>actio</strong></span> <span class='ocrx_word' id='word_1_42' title='bbox 550 892 644 973; x_wconf 79' lang='lat' dir='ltr'><strong>magis</strong></span> <span class='ocrx_word' id='word_1_43' title='bbox 670 889 807 952; x_wconf 87' lang='lat' dir='ltr'><strong>minusve</strong></span> <span class='ocrx_word' id='word_1_44' title='bbox 825 890 951 968; x_wconf 76' lang='lat' dir='ltr'><strong>Juvctur</strong></span> <span class='ocrx_word' id='word_1_45' title='bbox 973 889 1023 952; x_wconf 87' lang='lat' dir='ltr'><strong>vel</strong></span> <span class='ocrx_word' id='word_1_46' title='bbox 1053 889 1246 970; x_wconf 76' lang='lat' dir='ltr'><strong>impediatur,</strong></span> <span class='ocrx_word' id='word_1_47' title='bbox 1276 891 1392 970; x_wconf 86' lang='lat' dir='ltr'><strong>partim</strong></span> 
     </span>
     <span class='ocr_line' id='line_1_7' title="bbox 270 997 1391 1087; baseline -0.004 -21"><span class='ocrx_word' id='word_1_48' title='bbox 270 1005 355 1087; x_wconf 88' lang='lat' dir='ltr'><strong>ipsae</strong></span> <span class='ocrx_word' id='word_1_49' title='bbox 375 1021 424 1065; x_wconf 88' lang='lat' dir='ltr'><strong>res</strong></span> <span class='ocrx_word' id='word_1_50' title='bbox 444 1001 534 1065; x_wconf 86' lang='lat' dir='ltr'><strong>aliam</strong></span> <span class='ocrx_word' id='word_1_51' title='bbox 555 1007 646 1084; x_wconf 86' lang='lat' dir='ltr'><strong>atque</strong></span> <span class='ocrx_word' id='word_1_52' title='bbox 664 998 754 1061; x_wconf 82' lang='lat' dir='ltr'><strong>allam</strong></span> <span class='ocrx_word' id='word_1_53' title='bbox 774 997 909 1078; x_wconf 85' lang='lat' dir='ltr'><strong>speciem</strong></span> <span class='ocrx_word' id='word_1_54' title='bbox 928 1019 1003 1080; x_wconf 90' lang='lat' dir='ltr'><strong>prae</strong></span> <span class='ocrx_word' id='word_1_55' title='bbox 1025 1017 1059 1061; x_wconf 90' lang='lat' dir='ltr'><strong>se</strong></span> <span class='ocrx_word' id='word_1_56' title='bbox 1084 999 1194 1062; x_wconf 88' lang='lat' dir='ltr'><strong>lerant:</strong></span> <span class='ocrx_word' id='word_1_57' title='bbox 1223 999 1304 1062; x_wconf 89' lang='lat' dir='ltr'><strong>idem</strong></span> <span class='ocrx_word' id='word_1_58' title='bbox 1326 1001 1391 1061; x_wconf 88' lang='lat' dir='ltr'><strong>De·</strong></span> 
     </span>
     <span class='ocr_line' id='line_1_8' title="bbox 271 1106 1391 1189; baseline -0.005 -13"><span class='ocrx_word' id='word_1_59' title='bbox 271 1111 417 1176; x_wconf 90' lang='lat' dir='ltr'><strong>mocritus</strong></span> <span class='ocrx_word' id='word_1_60' title='bbox 455 1109 564 1174; x_wconf 84' lang='lat' dir='ltr'><strong>iecisse</strong></span> <span class='ocrx_word' id='word_1_61' title='bbox 597 1106 748 1188; x_wconf 89' lang='lat' dir='ltr'><strong>putandus</strong></span> <span class='ocrx_word' id='word_1_62' title='bbox 780 1111 834 1168; x_wconf 84' lang='lat' dir='ltr'><strong>est.</strong></span> <span class='ocrx_word' id='word_1_63' title='bbox 893 1110 1089 1189; x_wconf 78' lang='lat' dir='ltr'><strong>Quapropter</strong></span> <span class='ocrx_word' id='word_1_64' title='bbox 1126 1107 1219 1170; x_wconf 90' lang='lat' dir='ltr'><strong>modo</strong></span> <span class='ocrx_word' id='word_1_65' title='bbox 1248 1107 1391 1188; x_wconf 83' lang='lat' dir='ltr'><strong>imaginis</strong></span> 
     </span>
     <span class='ocr_line' id='line_1_9' title="bbox 271 1213 1390 1299; baseline -0.004 -16"><span class='ocrx_word' id='word_1_66' title='bbox 271 1220 372 1284; x_wconf 87' lang='lat' dir='ltr'><strong>animo</strong></span> <span class='ocrx_word' id='word_1_67' title='bbox 395 1223 562 1299; x_wconf 88' lang='lat' dir='ltr'><strong>conceptae</strong></span> <span class='ocrx_word' id='word_1_68' title='bbox 587 1235 606 1278; x_wconf 87' lang='lat' dir='ltr'><strong>a</strong></span> <span class='ocrx_word' id='word_1_69' title='bbox 627 1235 669 1293; x_wconf 88' lang='lat' dir='ltr'><strong>re,</strong></span> <span class='ocrx_word' id='word_1_70' title='bbox 686 1216 767 1277; x_wconf 90' lang='lat' dir='ltr'><strong>unde</strong></span> <span class='ocrx_word' id='word_1_71' title='bbox 788 1213 838 1276; x_wconf 87' lang='lat' dir='ltr'><strong>illa</strong></span> <span class='ocrx_word' id='word_1_72' title='bbox 860 1221 927 1276; x_wconf 90' lang='lat' dir='ltr'><strong>orta</strong></span> <span class='ocrx_word' id='word_1_73' title='bbox 950 1222 1038 1293; x_wconf 88' lang='lat' dir='ltr'><strong>esset,</strong></span> <span class='ocrx_word' id='word_1_74' title='bbox 1059 1215 1270 1294; x_wconf 72' lang='lat' dir='ltr'><strong>diversitatem,</strong></span> <span class='ocrx_word' id='word_1_75' title='bbox 1292 1217 1390 1278; x_wconf 88' lang='lat' dir='ltr'><strong>modo</strong></span> 
     </span>
     <span class='ocr_line' id='line_1_10' title="bbox 272 1323 1391 1410; baseline -0.004 -20"><span class='ocrx_word' id='word_1_76' title='bbox 272 1329 369 1410; x_wconf 91' lang='lat' dir='ltr'><strong>ipsius</strong></span> <span class='ocrx_word' id='word_1_77' title='bbox 391 1327 436 1389; x_wconf 87' lang='lat' dir='ltr'><strong>rei</strong></span> <span class='ocrx_word' id='word_1_78' title='bbox 458 1325 629 1388; x_wconf 88' lang='lat' dir='ltr'><strong>discrimina</strong></span> <span class='ocrx_word' id='word_1_79' title='bbox 649 1324 790 1387; x_wconf 87' lang='lat' dir='ltr'><strong>locorum</strong></span> <span class='ocrx_word' id='word_1_80' title='bbox 812 1323 956 1386; x_wconf 85' lang='lat' dir='ltr'><strong>varietate</strong></span> <span class='ocrx_word' id='word_1_81' title='bbox 974 1324 1199 1406; x_wconf 85' lang='lat' dir='ltr'><strong>spatiorumque</strong></span> <span class='ocrx_word' id='word_1_82' title='bbox 1222 1323 1391 1386; x_wconf 79' lang='lat' dir='ltr'><strong>intervallis</strong></span> 
     </span>
     <span class='ocr_line' id='line_1_11' title="bbox 272 1430 1390 1516; baseline -0.005 -18"><span class='ocrx_word' id='word_1_83' title='bbox 272 1433 467 1516; x_wconf 78' lang='lat' dir='ltr'><strong>aspectabilis</strong></span> <span class='ocrx_word' id='word_1_84' title='bbox 485 1432 704 1496; x_wconf 85' lang='lat' dir='ltr'><strong>considerabat</strong></span> <span class='ocrx_word' id='word_1_85' title='bbox 736 1434 896 1494; x_wconf 89' lang='lat' dir='ltr'><strong>Praeterea</strong></span> <span class='ocrx_word' id='word_1_86' title='bbox 918 1430 1059 1512; x_wconf 90' lang='lat' dir='ltr'><strong>quoniam</strong></span> <span class='ocrx_word' id='word_1_87' title='bbox 1079 1431 1151 1494; x_wconf 72' lang='lat' dir='ltr'><strong>nuru</strong></span> <span class='ocrx_word' id='word_1_88' title='bbox 1172 1433 1301 1495; x_wconf 68' lang='lat' dir='ltr'><strong>sonasse</strong></span> <span class='ocrx_word' id='word_1_89' title='bbox 1318 1431 1390 1492; x_wconf 85' lang='lat' dir='ltr'><strong>viro</strong></span> 
     </span>
     <span class='ocr_line' id='line_1_12' title="bbox 272 1539 1389 1622; baseline -0.004 -18"><span class='ocrx_word' id='word_1_90' title='bbox 272 1540 431 1604; x_wconf 85' lang='lat' dir='ltr'><strong>insatiabili</strong></span> <span class='ocrx_word' id='word_1_91' title='bbox 463 1541 631 1604; x_wconf 87' lang='lat' dir='ltr'><strong>litterarum</strong></span> <span class='ocrx_word' id='word_1_92' title='bbox 670 1541 834 1621; x_wconf 85' lang='lat' dir='ltr'><strong>cupiditate</strong></span> <span class='ocrx_word' id='word_1_93' title='bbox 871 1539 986 1602; x_wconf 84' lang='lat' dir='ltr'><strong>ardenti</strong></span> <span class='ocrx_word' id='word_1_94' title='bbox 1020 1541 1182 1622; x_wconf 86' lang='lat' dir='ltr'><strong>optabilius</strong></span> <span class='ocrx_word' id='word_1_95' title='bbox 1219 1540 1389 1615; x_wconf 87' lang='lat' dir='ltr'><strong>videbatur,</strong></span> 
     </span>
     <span class='ocr_line' id='line_1_13' title="bbox 272 1647 1389 1731; baseline -0.003 -19"><span class='ocrx_word' id='word_1_96' title='bbox 272 1669 361 1731; x_wconf 88' lang='lat' dir='ltr'><strong>quarn</strong></span> <span class='ocrx_word' id='word_1_97' title='bbox 383 1668 523 1714; x_wconf 86' lang='lat' dir='ltr'><strong>secessus</strong></span> <span class='ocrx_word' id='word_1_98' title='bbox 544 1657 573 1712; x_wconf 86' lang='lat' dir='ltr'><strong>et</strong></span> <span class='ocrx_word' id='word_1_99' title='bbox 594 1649 738 1726; x_wconf 90' lang='lat' dir='ltr'><strong>solitudo,</strong></span> <span class='ocrx_word' id='word_1_100' title='bbox 751 1667 848 1731; x_wconf 87' lang='lat' dir='ltr'><strong>neque</strong></span> <span class='ocrx_word' id='word_1_101' title='bbox 870 1665 944 1710; x_wconf 84' lang='lat' dir='ltr'><strong>vero</strong></span> <span class='ocrx_word' id='word_1_102' title='bbox 966 1647 1004 1708; x_wconf 90' lang='lat' dir='ltr'><strong>ad</strong></span> <span class='ocrx_word' id='word_1_103' title='bbox 1022 1648 1224 1711; x_wconf 83' lang='lat' dir='ltr'><strong>valetudinem</strong></span> <span class='ocrx_word' id='word_1_104' title='bbox 1244 1649 1389 1711; x_wconf 76' lang='lat' dir='ltr'><strong>brendam</strong></span> 
     </span>
     <span class='ocr_line' id='line_1_14' title="bbox 272 1756 1389 1839; baseline -0.002 -19"><span class='ocrx_word' id='word_1_105' title='bbox 272 1763 422 1839; x_wconf 89' lang='lat' dir='ltr'><strong>perpetuo</strong></span> <span class='ocrx_word' id='word_1_106' title='bbox 452 1757 534 1820; x_wconf 90' lang='lat' dir='ltr'><strong>domi</strong></span> <span class='ocrx_word' id='word_1_107' title='bbox 563 1775 630 1819; x_wconf 89' lang='lat' dir='ltr'><strong>esse</strong></span> <span class='ocrx_word' id='word_1_108' title='bbox 657 1756 785 1835; x_wconf 85' lang='lat' dir='ltr'><strong>licebat,</strong></span> <span class='ocrx_word' id='word_1_109' title='bbox 814 1756 971 1838; x_wconf 85' lang='lat' dir='ltr'><strong>probabile</strong></span> <span class='ocrx_word' id='word_1_110' title='bbox 996 1763 1042 1818; x_wconf 89' lang='lat' dir='ltr'><strong>est</strong></span> <span class='ocrx_word' id='word_1_111' title='bbox 1061 1776 1130 1820; x_wconf 89' lang='lat' dir='ltr'><strong>eum</strong></span> <span class='ocrx_word' id='word_1_112' title='bbox 1150 1757 1389 1838; x_wconf 76' lang='lat' dir='ltr'><strong>cogitabundum</strong></span> 
     </span>
     <span class='ocr_line' id='line_1_15' title="bbox 271 1862 1388 1948; baseline -0.003 -19"><span class='ocrx_word' id='word_1_113' title='bbox 271 1873 302 1929; x_wconf 91' lang='lat' dir='ltr'><strong>et</strong></span> <span class='ocrx_word' id='word_1_114' title='bbox 323 1865 490 1944; x_wconf 79' lang='lat' dir='ltr'><strong>solivagum</strong></span> <span class='ocrx_word' id='word_1_115' title='bbox 511 1883 567 1944; x_wconf 89' lang='lat' dir='ltr'><strong>per</strong></span> <span class='ocrx_word' id='word_1_116' title='bbox 586 1862 655 1926; x_wconf 87' lang='lat' dir='ltr'><strong>loca</strong></span> <span class='ocrx_word' id='word_1_117' title='bbox 675 1865 795 1928; x_wconf 87' lang='lat' dir='ltr'><strong>deserta</strong></span> <span class='ocrx_word' id='word_1_118' title='bbox 810 1871 900 1948; x_wconf 87' lang='lat' dir='ltr'><strong>atque</strong></span> <span class='ocrx_word' id='word_1_119' title='bbox 920 1865 958 1926; x_wconf 87' lang='lat' dir='ltr'><strong>ab</strong></span> <span class='ocrx_word' id='word_1_120' title='bbox 977 1863 1059 1926; x_wconf 90' lang='lat' dir='ltr'><strong>omni</strong></span> <span class='ocrx_word' id='word_1_121' title='bbox 1081 1865 1235 1928; x_wconf 86' lang='lat' dir='ltr'><strong>hominum</strong></span> <span class='ocrx_word' id='word_1_122' title='bbox 1257 1865 1388 1947; x_wconf 88' lang='lat' dir='ltr'><strong>strepitu</strong></span> 
     </span>
     <span class='ocr_line' id='line_1_16' title="bbox 272 1974 1389 2058; baseline -0.002 -20"><span class='ocrx_word' id='word_1_123' title='bbox 272 1979 456 2054; x_wconf 86' lang='lat' dir='ltr'><strong>aspectuque</strong></span> <span class='ocrx_word' id='word_1_124' title='bbox 485 1978 602 2034; x_wconf 86' lang='lat' dir='ltr'><strong>remota</strong></span> <span class='ocrx_word' id='word_1_125' title='bbox 629 1991 845 2058; x_wconf 88' lang='lat' dir='ltr'><strong>nonnunquam</strong></span> <span class='ocrx_word' id='word_1_126' title='bbox 873 1991 999 2036; x_wconf 86' lang='lat' dir='ltr'><strong>errasse.</strong></span> <span class='ocrx_word' id='word_1_127' title='bbox 1049 1974 1117 2035; x_wconf 89' lang='lat' dir='ltr'><strong>lluo</strong></span> <span class='ocrx_word' id='word_1_128' title='bbox 1143 1974 1277 2051; x_wconf 89' lang='lat' dir='ltr'><strong>accedit,</strong></span> <span class='ocrx_word' id='word_1_129' title='bbox 1303 1974 1389 2056; x_wconf 91' lang='lat' dir='ltr'><strong>quod</strong></span> 
     </span>
     <span class='ocr_line' id='line_1_17' title="bbox 271 2075 1389 2160; baseline 0 -16"><span class='ocrx_word' id='word_1_130' title='bbox 271 2075 487 2160; x_wconf 74' lang='lat' dir='ltr'><strong>Petr0n10¹⁹)</strong></span> <span class='ocrx_word' id='word_1_131' title='bbox 516 2084 592 2142; x_wconf 87' lang='lat' dir='ltr'><strong>teste</strong></span> <span class='ocrx_word' id='word_1_132' title='bbox 618 2079 812 2144; x_wconf 86' lang='lat' dir='ltr'><strong>Democritus</strong></span> <span class='ocrx_word' id='word_1_133' title='bbox 847 2082 980 2145; x_wconf 87' lang='lat' dir='ltr'><strong>omnium</strong></span> <span class='ocrx_word' id='word_1_134' title='bbox 1008 2081 1168 2144; x_wconf 87' lang='lat' dir='ltr'><strong>herbarum</strong></span> <span class='ocrx_word' id='word_1_135' title='bbox 1198 2101 1309 2146; x_wconf 84' lang='lat' dir='ltr'><strong>succos</strong></span> <span class='ocrx_word' id='word_1_136' title='bbox 1335 2102 1389 2144; x_wconf 86' lang='lat' dir='ltr'><strong>ex-</strong></span> 
     </span>
     <span class='ocr_line' id='line_1_18' title="bbox 275 2186 1389 2273; baseline 0.002 -23"><span class='ocrx_word' id='word_1_137' title='bbox 275 2187 394 2270; x_wconf 84' lang='lat' dir='ltr'><strong>pressit,</strong></span> <span class='ocrx_word' id='word_1_138' title='bbox 416 2193 447 2249; x_wconf 89' lang='lat' dir='ltr'><strong>et</strong></span> <span class='ocrx_word' id='word_1_139' title='bbox 468 2206 506 2250; x_wconf 91' lang='lat' dir='ltr'><strong>ne</strong></span> <span class='ocrx_word' id='word_1_140' title='bbox 524 2186 659 2268; x_wconf 85' lang='lat' dir='ltr'><strong>lapidum</strong></span> <span class='ocrx_word' id='word_1_141' title='bbox 679 2188 939 2273; x_wconf 84' lang='lat' dir='ltr'><strong>virgultorumque</strong></span> <span class='ocrx_word' id='word_1_142' title='bbox 961 2190 1006 2252; x_wconf 89' lang='lat' dir='ltr'><strong>vis</strong></span> <span class='ocrx_word' id='word_1_143' title='bbox 1027 2189 1141 2267; x_wconf 86' lang='lat' dir='ltr'><strong>lateret,</strong></span> <span class='ocrx_word' id='word_1_144' title='bbox 1161 2197 1288 2254; x_wconf 68' lang='lat' dir='ltr'><strong>aetaoem</strong></span> <span class='ocrx_word' id='word_1_145' title='bbox 1309 2189 1389 2252; x_wconf 87' lang='lat' dir='ltr'><strong>inter</strong></span> 
     </span>
     <span class='ocr_line' id='line_1_19' title="bbox 272 2296 1388 2380; baseline 0.001 -20"><span class='ocrx_word' id='word_1_146' title='bbox 272 2296 477 2376; x_wconf 87' lang='lat' dir='ltr'><strong>experimenta</strong></span> <span class='ocrx_word' id='word_1_147' title='bbox 506 2297 701 2378; x_wconf 88' lang='lat' dir='ltr'><strong>consumpsit.</strong></span> <span class='ocrx_word' id='word_1_148' title='bbox 745 2299 849 2380; x_wconf 84' lang='lat' dir='ltr'><strong>ltaque</strong></span> <span class='ocrx_word' id='word_1_149' title='bbox 878 2298 928 2360; x_wconf 85' lang='lat' dir='ltr'><strong>vel</strong></span> <span class='ocrx_word' id='word_1_150' title='bbox 953 2300 1029 2361; x_wconf 90' lang='lat' dir='ltr'><strong>hanc</strong></span> <span class='ocrx_word' id='word_1_151' title='bbox 1051 2297 1091 2360; x_wconf 92' lang='lat' dir='ltr'><strong>ob</strong></span> <span class='ocrx_word' id='word_1_152' title='bbox 1113 2319 1235 2361; x_wconf 90' lang='lat' dir='ltr'><strong>causam</strong></span> <span class='ocrx_word' id='word_1_153' title='bbox 1255 2319 1317 2361; x_wconf 89' lang='lat' dir='ltr'><strong>non</strong></span> <span class='ocrx_word' id='word_1_154' title='bbox 1340 2307 1388 2362; x_wconf 90' lang='lat' dir='ltr'><strong>est</strong></span> 
     </span>
     <span class='ocr_line' id='line_1_20' title="bbox 271 2404 1387 2491; baseline 0.002 -22"><span class='ocrx_word' id='word_1_155' title='bbox 271 2405 389 2482; x_wconf 89' lang='lat' dir='ltr'><strong>mirum,</strong></span> <span class='ocrx_word' id='word_1_156' title='bbox 416 2423 484 2467; x_wconf 89' lang='lat' dir='ltr'><strong>eum</strong></span> <span class='ocrx_word' id='word_1_157' title='bbox 512 2404 661 2468; x_wconf 89' lang='lat' dir='ltr'><strong>interdum</strong></span> <span class='ocrx_word' id='word_1_158' title='bbox 686 2405 757 2468; x_wconf 90' lang='lat' dir='ltr'><strong>loca</strong></span> <span class='ocrx_word' id='word_1_159' title='bbox 785 2406 822 2467; x_wconf 91' lang='lat' dir='ltr'><strong>ab</strong></span> <span class='ocrx_word' id='word_1_160' title='bbox 843 2407 963 2470; x_wconf 89' lang='lat' dir='ltr'><strong>arbitris</strong></span> <span class='ocrx_word' id='word_1_161' title='bbox 982 2412 1098 2470; x_wconf 90' lang='lat' dir='ltr'><strong>remota</strong></span> <span class='ocrx_word' id='word_1_162' title='bbox 1116 2405 1235 2470; x_wconf 85' lang='lat' dir='ltr'><strong>adiisse.</strong></span> <span class='ocrx_word' id='word_1_163' title='bbox 1277 2407 1387 2491; x_wconf 84' lang='lat' dir='ltr'><strong>Neque</strong></span> 
     </span>
     <span class='ocr_line' id='line_1_21' title="bbox 271 2512 1387 2597; baseline 0.001 -20"><span class='ocrx_word' id='word_1_164' title='bbox 271 2514 350 2577; x_wconf 90' lang='lat' dir='ltr'><strong>enirn</strong></span> <span class='ocrx_word' id='word_1_165' title='bbox 372 2513 410 2575; x_wconf 89' lang='lat' dir='ltr'><strong>ad</strong></span> <span class='ocrx_word' id='word_1_166' title='bbox 432 2512 539 2575; x_wconf 87' lang='lat' dir='ltr'><strong>lrcrbas</strong></span> <span class='ocrx_word' id='word_1_167' title='bbox 560 2512 709 2594; x_wconf 88' lang='lat' dir='ltr'><strong>quaslibet</strong></span> <span class='ocrx_word' id='word_1_168' title='bbox 737 2513 922 2594; x_wconf 82' lang='lat' dir='ltr'><strong>colligendas</strong></span> <span class='ocrx_word' id='word_1_169' title='bbox 944 2514 1041 2578; x_wconf 87' lang='lat' dir='ltr'><strong>aliena</strong></span> <span class='ocrx_word' id='word_1_170' title='bbox 1069 2533 1163 2595; x_wconf 91' lang='lat' dir='ltr'><strong>opera</strong></span> <span class='ocrx_word' id='word_1_171' title='bbox 1191 2515 1234 2577; x_wconf 89' lang='lat' dir='ltr'><strong>uti</strong></span> <span class='ocrx_word' id='word_1_172' title='bbox 1255 2523 1387 2597; x_wconf 86' lang='lat' dir='ltr'><strong>poterat,</strong></span> 
     </span>
     <span class='ocr_line' id='line_1_22' title="bbox 272 2620 1387 2706; baseline 0.001 -20"><span class='ocrx_word' id='word_1_173' title='bbox 272 2623 326 2686; x_wconf 87' lang='lat' dir='ltr'><strong>sed</strong></span> <span class='ocrx_word' id='word_1_174' title='bbox 357 2622 458 2703; x_wconf 88' lang='lat' dir='ltr'><strong>ipsum</strong></span> <span class='ocrx_word' id='word_1_175' title='bbox 482 2621 541 2684; x_wconf 86' lang='lat' dir='ltr'><strong>hoc</strong></span> <span class='ocrx_word' id='word_1_176' title='bbox 565 2620 709 2702; x_wconf 90' lang='lat' dir='ltr'><strong>quidquid</strong></span> <span class='ocrx_word' id='word_1_177' title='bbox 728 2629 775 2685; x_wconf 88' lang='lat' dir='ltr'><strong>est</strong></span> <span class='ocrx_word' id='word_1_178' title='bbox 800 2622 913 2703; x_wconf 77' lang='lat' dir='ltr'><strong>negotii</strong></span> <span class='ocrx_word' id='word_1_179' title='bbox 935 2624 1090 2706; x_wconf 89' lang='lat' dir='ltr'><strong>suscipere</strong></span> <span class='ocrx_word' id='word_1_180' title='bbox 1112 2622 1281 2704; x_wconf 88' lang='lat' dir='ltr'><strong>oportebat.</strong></span> <span class='ocrx_word' id='word_1_181' title='bbox 1326 2627 1387 2687; x_wconf 88' lang='lat' dir='ltr'><strong>Ve-</strong></span> 
     </span>
     <span class='ocr_line' id='line_1_23' title="bbox 271 2728 1386 2814; baseline 0.001 -20"><span class='ocrx_word' id='word_1_182' title='bbox 271 2751 337 2794; x_wconf 86' lang='lat' dir='ltr'><strong>rum</strong></span> <span class='ocrx_word' id='word_1_183' title='bbox 359 2731 443 2814; x_wconf 92' lang='lat' dir='ltr'><strong>quod</strong></span> <span class='ocrx_word' id='word_1_184' title='bbox 470 2729 509 2792; x_wconf 88' lang='lat' dir='ltr'><strong>ad</strong></span> <span class='ocrx_word' id='word_1_185' title='bbox 536 2728 677 2808; x_wconf 86' lang='lat' dir='ltr'><strong>sepulcra</strong></span> <span class='ocrx_word' id='word_1_186' title='bbox 703 2731 823 2808; x_wconf 89' lang='lat' dir='ltr'><strong>attinet,</strong></span> <span class='ocrx_word' id='word_1_187' title='bbox 851 2731 880 2792; x_wconf 88' lang='lat' dir='ltr'><strong>in</strong></span> <span class='ocrx_word' id='word_1_188' title='bbox 902 2733 1011 2812; x_wconf 89' lang='lat' dir='ltr'><strong>quibus</strong></span> <span class='ocrx_word' id='word_1_189' title='bbox 1033 2739 1154 2813; x_wconf 87' lang='lat' dir='ltr'><strong>praeter</strong></span> <span class='ocrx_word' id='word_1_190' title='bbox 1177 2731 1386 2794; x_wconf 74' lang='lat' dir='ltr'><strong>Arrdstlrencru</strong></span> 
     </span>
     <span class='ocr_line' id='line_1_24' title="bbox 271 2837 1387 2920; baseline 0 -18"><span class='ocrx_word' id='word_1_191' title='bbox 271 2839 421 2902; x_wconf 87' lang='lat' dir='ltr'><strong>Lucienus</strong></span> <span class='ocrx_word' id='word_1_192' title='bbox 444 2837 533 2900; x_wconf 86' lang='lat' dir='ltr'><strong>etiam</strong></span> <span class='ocrx_word' id='word_1_193' title='bbox 553 2837 766 2920; x_wconf 89' lang='lat' dir='ltr'><strong>philosophum</strong></span> <span class='ocrx_word' id='word_1_194' title='bbox 786 2839 1003 2902; x_wconf 78' lang='lat' dir='ltr'><strong>Abderitanum</strong></span> <span class='ocrx_word' id='word_1_195' title='bbox 1023 2849 1176 2904; x_wconf 86' lang='lat' dir='ltr'><strong>versatum</strong></span> <span class='ocrx_word' id='word_1_196' title='bbox 1198 2859 1266 2902; x_wconf 85' lang='lat' dir='ltr'><strong>essa</strong></span> <span class='ocrx_word' id='word_1_197' title='bbox 1286 2841 1387 2920; x_wconf 85' lang='lat' dir='ltr'><strong>perbi-</strong></span> 
     </span>
     <span class='ocr_line' id='line_1_25' title="bbox 273 2945 1387 3031; baseline 0.004 -23"><span class='ocrx_word' id='word_1_198' title='bbox 273 2947 333 3023; x_wconf 92' lang='lat' dir='ltr'><strong>bet,</strong></span> <span class='ocrx_word' id='word_1_199' title='bbox 356 2945 408 3010; x_wconf 87' lang='lat' dir='ltr'><strong>illa</strong></span> <span class='ocrx_word' id='word_1_200' title='bbox 428 2947 590 3010; x_wconf 89' lang='lat' dir='ltr'><strong>doctorum</strong></span> <span class='ocrx_word' id='word_1_201' title='bbox 611 2947 788 3009; x_wconf 82' lang='lat' dir='ltr'><strong>recentioris</strong></span> <span class='ocrx_word' id='word_1_202' title='bbox 817 2947 922 3010; x_wconf 88' lang='lat' dir='ltr'><strong>aetatis</strong></span> <span class='ocrx_word' id='word_1_203' title='bbox 943 2948 1077 3010; x_wconf 90' lang='lat' dir='ltr'><strong>virorum</strong></span> <span class='ocrx_word' id='word_1_204' title='bbox 1099 2949 1254 3031; x_wconf 85' lang='lat' dir='ltr'><strong>plerisque</strong></span> <span class='ocrx_word' id='word_1_205' title='bbox 1268 2947 1320 3030; x_wconf 81' lang='lat'><strong>²⁰)</strong></span> <span class='ocrx_word' id='word_1_206' title='bbox 1341 2950 1387 3012; x_wconf 83' lang='lat' dir='ltr'><strong>sic</strong></span> 
     </span>
     <span class='ocr_line' id='line_1_26' title="bbox 272 3053 1386 3140; baseline 0.007 -26"><span class='ocrx_word' id='word_1_207' title='bbox 272 3053 500 3135; x_wconf 91' lang='lat' dir='ltr'><strong>displicuerunt,</strong></span> <span class='ocrx_word' id='word_1_208' title='bbox 519 3061 553 3118; x_wconf 89' lang='lat' dir='ltr'><strong>ut</strong></span> <span class='ocrx_word' id='word_1_209' title='bbox 571 3053 666 3116; x_wconf 87' lang='lat' dir='ltr'><strong>malae</strong></span> <span class='ocrx_word' id='word_1_210' title='bbox 680 3054 751 3117; x_wconf 88' lang='lat' dir='ltr'><strong>fidei</strong></span> <span class='ocrx_word' id='word_1_211' title='bbox 769 3055 907 3118; x_wconf 85' lang='lat' dir='ltr'><strong>homines</strong></span> <span class='ocrx_word' id='word_1_212' title='bbox 927 3075 991 3118; x_wconf 88' lang='lat' dir='ltr'><strong>rem</strong></span> <span class='ocrx_word' id='word_1_213' title='bbox 1011 3077 1087 3140; x_wconf 85' lang='lat' dir='ltr'><strong>quaa</strong></span> <span class='ocrx_word' id='word_1_214' title='bbox 1107 3057 1172 3120; x_wconf 81' lang='lat' dir='ltr'><strong>ficri</strong></span> <span class='ocrx_word' id='word_1_215' title='bbox 1189 3055 1275 3120; x_wconf 92' lang='lat' dir='ltr'><strong>nullo</strong></span> <span class='ocrx_word' id='word_1_216' title='bbox 1294 3066 1386 3137; x_wconf 86' lang='lat' dir='ltr'><strong>pecto</strong></span> 
     </span>
     <span class='ocr_line' id='line_1_27' title="bbox 271 3165 1386 3248; baseline 0.003 -22"><span class='ocrx_word' id='word_1_217' title='bbox 271 3168 377 3242; x_wconf 88' lang='lat' dir='ltr'><strong>posset</strong></span> <span class='ocrx_word' id='word_1_218' title='bbox 400 3167 587 3226; x_wconf 89' lang='lat' dir='ltr'><strong>commentos</strong></span> <span class='ocrx_word' id='word_1_219' title='bbox 611 3181 678 3226; x_wconf 89' lang='lat' dir='ltr'><strong>esse</strong></span> <span class='ocrx_word' id='word_1_220' title='bbox 700 3169 848 3244; x_wconf 86' lang='lat' dir='ltr'><strong>putarent.</strong></span> <span class='ocrx_word' id='word_1_221' title='bbox 897 3165 1006 3248; x_wconf 84' lang='lat' dir='ltr'><strong>Neque</strong></span> <span class='ocrx_word' id='word_1_222' title='bbox 1028 3185 1085 3246; x_wconf 85' lang='lat' dir='ltr'><strong>ego</strong></span> <span class='ocrx_word' id='word_1_223' title='bbox 1107 3165 1251 3242; x_wconf 85' lang='lat' dir='ltr'><strong>eruditos,</strong></span> <span class='ocrx_word' id='word_1_224' title='bbox 1275 3167 1386 3248; x_wconf 88' lang='lat' dir='ltr'><strong>quibus</strong></span> 
     </span>
     <span class='ocr_line' id='line_1_28' title="bbox 271 3270 1387 3357; baseline 0.004 -26"><span class='ocrx_word' id='word_1_225' title='bbox 271 3270 441 3348; x_wconf 85' lang='lat' dir='ltr'><strong>hujusmodi</strong></span> <span class='ocrx_word' id='word_1_226' title='bbox 462 3271 532 3334; x_wconf 90' lang='lat' dir='ltr'><strong>loca</strong></span> <span class='ocrx_word' id='word_1_227' title='bbox 551 3277 586 3334; x_wconf 84' lang='lat' dir='ltr'><strong>ut</strong></span> <span class='ocrx_word' id='word_1_228' title='bbox 600 3271 697 3334; x_wconf 89' lang='lat' dir='ltr'><strong>Musis</strong></span> <span class='ocrx_word' id='word_1_229' title='bbox 719 3291 882 3354; x_wconf 78' lang='lat' dir='ltr'><strong>canumque</strong></span> <span class='ocrx_word' id='word_1_230' title='bbox 904 3273 1072 3337; x_wconf 88' lang='lat' dir='ltr'><strong>cultoribus</strong></span> <span class='ocrx_word' id='word_1_231' title='bbox 1094 3275 1209 3357; x_wconf 80' lang='lat' dir='ltr'><strong>ingrata</strong></span> <span class='ocrx_word' id='word_1_232' title='bbox 1230 3293 1292 3335; x_wconf 89' lang='lat' dir='ltr'><strong>non</strong></span> <span class='ocrx_word' id='word_1_233' title='bbox 1314 3294 1387 3356; x_wconf 89' lang='lat' dir='ltr'><strong>pro·</strong></span> 
     </span>
     <span class='ocr_line' id='line_1_29' title="bbox 270 3376 1385 3462; baseline 0.005 -22"><span class='ocrx_word' id='word_1_234' title='bbox 270 3376 429 3454; x_wconf 87' lang='lat' dir='ltr'><strong>bebautur,</strong></span> <span class='ocrx_word' id='word_1_235' title='bbox 456 3377 545 3440; x_wconf 86' lang='lat' dir='ltr'><strong>valde</strong></span> <span class='ocrx_word' id='word_1_236' title='bbox 575 3380 779 3459; x_wconf 86' lang='lat' dir='ltr'><strong>reprebendo,</strong></span> <span class='ocrx_word' id='word_1_237' title='bbox 809 3380 865 3444; x_wconf 86' lang='lat' dir='ltr'><strong>etsi</strong></span> <span class='ocrx_word' id='word_1_238' title='bbox 892 3381 958 3444; x_wconf 91' lang='lat' dir='ltr'><strong>scio</strong></span> <span class='ocrx_word' id='word_1_239' title='bbox 985 3384 1154 3445; x_wconf 86' lang='lat' dir='ltr'><strong>etiamnunc</strong></span> <span class='ocrx_word' id='word_1_240' title='bbox 1188 3383 1219 3444; x_wconf 87' lang='lat' dir='ltr'><strong>in</strong></span> <span class='ocrx_word' id='word_1_241' title='bbox 1246 3383 1385 3462; x_wconf 87' lang='lat' dir='ltr'><strong>Graecia,</strong></span> 
     </span>
     <span class='ocr_line' id='line_1_30' title="bbox 269 3485 1385 3571; baseline 0.004 -23"><span class='ocrx_word' id='word_1_242' title='bbox 269 3485 343 3548; x_wconf 82' lang='lat' dir='ltr'><strong>Asia</strong></span> <span class='ocrx_word' id='word_1_243' title='bbox 366 3485 491 3563; x_wconf 89' lang='lat' dir='ltr'><strong>minore,</strong></span> <span class='ocrx_word' id='word_1_244' title='bbox 515 3485 613 3566; x_wconf 86' lang='lat' dir='ltr'><strong>Syria,</strong></span> <span class='ocrx_word' id='word_1_245' title='bbox 630 3487 771 3570; x_wconf 79' lang='lat' dir='ltr'><strong>Aegypto</strong></span> <span class='ocrx_word' id='word_1_246' title='bbox 792 3489 940 3570; x_wconf 84' lang='lat' dir='ltr'><strong>permulta</strong></span> <span class='ocrx_word' id='word_1_247' title='bbox 961 3491 1102 3571; x_wconf 90' lang='lat' dir='ltr'><strong>sepulcra</strong></span> <span class='ocrx_word' id='word_1_248' title='bbox 1121 3491 1170 3553; x_wconf 85' lang='lat' dir='ltr'><strong>vel</strong></span> <span class='ocrx_word' id='word_1_249' title='bbox 1191 3499 1385 3555; x_wconf 87' lang='lat' dir='ltr'><strong>monumenta</strong></span> 
     </span>
     <span class='ocr_line' id='line_1_31' title="bbox 270 3593 1385 3678; baseline 0.007 -22"><span class='ocrx_word' id='word_1_250' title='bbox 270 3593 451 3674; x_wconf 85' lang='lat' dir='ltr'><strong>sepulcralia</strong></span> <span class='ocrx_word' id='word_1_251' title='bbox 481 3612 543 3654; x_wconf 89' lang='lat' dir='ltr'><strong>non</strong></span> <span class='ocrx_word' id='word_1_252' title='bbox 571 3595 638 3672; x_wconf 90' lang='lat' dir='ltr'><strong>uui,</strong></span> <span class='ocrx_word' id='word_1_253' title='bbox 670 3598 724 3658; x_wconf 89' lang='lat' dir='ltr'><strong>sed</strong></span> <span class='ocrx_word' id='word_1_254' title='bbox 753 3597 891 3678; x_wconf 89' lang='lat' dir='ltr'><strong>pluribus</strong></span> <span class='ocrx_word' id='word_1_255' title='bbox 921 3599 1077 3662; x_wconf 85' lang='lat' dir='ltr'><strong>humandis</strong></span> <span class='ocrx_word' id='word_1_256' title='bbox 1099 3600 1244 3664; x_wconf 83' lang='lat' dir='ltr'><strong>destinata</strong></span> <span class='ocrx_word' id='word_1_257' title='bbox 1266 3621 1283 3664; x_wconf 87' lang='lat' dir='ltr'><strong>e</strong></span> <span class='ocrx_word' id='word_1_258' title='bbox 1304 3603 1385 3664; x_wconf 73' lang='lat' dir='ltr'><strong>sanis</strong></span> 
     </span>
     <span class='ocr_line' id='line_1_32' title="bbox 269 3701 1383 3791; baseline 0.006 -27"><span class='ocrx_word' id='word_1_259' title='bbox 269 3701 421 3785; x_wconf 89' lang='lat' dir='ltr'><strong>quadratis</strong></span> <span class='ocrx_word' id='word_1_260' title='bbox 449 3701 480 3762; x_wconf 90' lang='lat' dir='ltr'><strong>in</strong></span> <span class='ocrx_word' id='word_1_261' title='bbox 512 3702 604 3782; x_wconf 90' lang='lat' dir='ltr'><strong>ampli</strong></span> <span class='ocrx_word' id='word_1_262' title='bbox 632 3703 784 3767; x_wconf 87' lang='lat' dir='ltr'><strong>conclavis</strong></span> <span class='ocrx_word' id='word_1_263' title='bbox 812 3706 938 3767; x_wconf 86' lang='lat' dir='ltr'><strong>lcrmam</strong></span> <span class='ocrx_word' id='word_1_264' title='bbox 960 3714 1111 3770; x_wconf 84' lang='lat' dir='ltr'><strong>exstructa</strong></span> <span class='ocrx_word' id='word_1_265' title='bbox 1140 3728 1223 3784; x_wconf 90' lang='lat' dir='ltr'><strong>esse,</strong></span> <span class='ocrx_word' id='word_1_266' title='bbox 1247 3709 1279 3770; x_wconf 91' lang='lat' dir='ltr'><strong>iu</strong></span> <span class='ocrx_word' id='word_1_267' title='bbox 1307 3730 1383 3791; x_wconf 92' lang='lat' dir='ltr'><strong>quae</strong></span> 
     </span>
     <span class='ocr_line' id='line_1_33' title="bbox 269 3809 1384 3898; baseline 0.007 -26"><span class='ocrx_word' id='word_1_268' title='bbox 269 3809 373 3890; x_wconf 88' lang='lat' dir='ltr'><strong>plures</strong></span> <span class='ocrx_word' id='word_1_269' title='bbox 398 3810 546 3872; x_wconf 88' lang='lat' dir='ltr'><strong>fenestrae</strong></span> <span class='ocrx_word' id='word_1_270' title='bbox 572 3810 672 3872; x_wconf 86' lang='lat' dir='ltr'><strong>lucem</strong></span> <span class='ocrx_word' id='word_1_271' title='bbox 702 3811 931 3896; x_wconf 78' lang='lat' dir='ltr'><strong>admittant²¹),</strong></span> <span class='ocrx_word' id='word_1_272' title='bbox 962 3815 1039 3880; x_wconf 87' lang='lat' dir='ltr'><strong>adeo</strong></span> <span class='ocrx_word' id='word_1_273' title='bbox 1078 3824 1110 3879; x_wconf 89' lang='lat' dir='ltr'><strong>ut</strong></span> <span class='ocrx_word' id='word_1_274' title='bbox 1140 3817 1165 3879; x_wconf 91' lang='lat' dir='ltr'><strong>si</strong></span> <span class='ocrx_word' id='word_1_275' title='bbox 1202 3816 1269 3898; x_wconf 88' lang='lat' dir='ltr'><strong>quis</strong></span> <span class='ocrx_word' id='word_1_276' title='bbox 1303 3817 1384 3897; x_wconf 87' lang='lat' dir='ltr'><strong>velit,</strong></span> 
     </span>
    </p>
   </div>
   <div class='ocr_carea' id='block_1_3' title="bbox 320 4007 1167 4167">
    <p class='ocr_par' dir='ltr' id='par_1_3' title="bbox 320 4007 1167 4167">
     <span class='ocr_line' id='line_1_34' title="bbox 320 4007 797 4075; baseline 0.006 -16"><span class='ocrx_word' id='word_1_277' title='bbox 320 4007 379 4072; x_wconf 52' lang='lat'><strong>⁴⁹)</strong></span> <span class='ocrx_word' id='word_1_278' title='bbox 398 4009 503 4060; x_wconf 85' lang='lat' dir='ltr'><strong>Patron.</strong></span> <span class='ocrx_word' id='word_1_279' title='bbox 521 4009 583 4061; x_wconf 78' lang='lat' dir='ltr'><strong>Arb.</strong></span> <span class='ocrx_word' id='word_1_280' title='bbox 603 4011 656 4062; x_wconf 87' lang='lat' dir='ltr'><strong>Sei.</strong></span> <span class='ocrx_word' id='word_1_281' title='bbox 677 4025 736 4075; x_wconf 86' lang='lat' dir='ltr'><strong>pag.</strong></span> <span class='ocrx_word' id='word_1_282' title='bbox 757 4008 797 4062; x_wconf 66' lang='grc' dir='ltr'><strong>Ἡ.</strong></span> 
     </span>
     <span class='ocr_line' id='line_1_35' title="bbox 340 4099 1167 4167; baseline 0.004 -16"><span class='ocrx_word' id='word_1_283' title='bbox 340 4101 378 4164; x_wconf 72' lang='lat'><strong>³⁰)</strong></span> <span class='ocrx_word' id='word_1_284' title='bbox 398 4103 436 4152; x_wconf 89' lang='lat' dir='ltr'><strong>Ci.</strong></span> <span class='ocrx_word' id='word_1_285' title='bbox 456 4103 625 4154; x_wconf 76' lang='lat' dir='ltr'><strong>liedemann.</strong></span> <span class='ocrx_word' id='word_1_286' title='bbox 646 4103 740 4154; x_wconf 86' lang='lat' dir='ltr'><strong>Gesch.</strong></span> <span class='ocrx_word' id='word_1_287' title='bbox 759 4104 784 4155; x_wconf 89' lang='lat' dir='ltr'><strong>d.</strong></span> <span class='ocrx_word' id='word_1_288' title='bbox 803 4103 904 4166; x_wconf 85' lang='lat' dir='ltr'><strong>specul.</strong></span> <span class='ocrx_word' id='word_1_289' title='bbox 923 4105 1017 4156; x_wconf 86' lang='lat' dir='ltr'><strong>Philas.</strong></span> <span class='ocrx_word' id='word_1_290' title='bbox 1034 4099 1043 4155; x_wconf 94' lang='lat' dir='ltr'><strong>l</strong></span> <span class='ocrx_word' id='word_1_291' title='bbox 1062 4117 1087 4167; x_wconf 90' lang='lat' dir='ltr'><strong>p.</strong></span> <span class='ocrx_word' id='word_1_292' title='bbox 1108 4100 1167 4155; x_wconf 71' lang='lat'><strong>265.</strong></span> 
     </span>
    </p>
   </div>
   <div class='ocr_carea' id='block_1_4' title="bbox 270 4194 1381 4341">
    <p class='ocr_par' dir='ltr' id='par_1_4' title="bbox 270 4194 1381 4341">
     <span class='ocr_line' id='line_1_36' title="bbox 340 4194 1381 4263; baseline 0.006 -19"><span class='ocrx_word' id='word_1_293' title='bbox 340 4195 379 4256; x_wconf 80' lang='lat'><strong>²¹)</strong></span> <span class='ocrx_word' id='word_1_294' title='bbox 400 4195 460 4246; x_wconf 85' lang='lat' dir='ltr'><strong>Tele</strong></span> <span class='ocrx_word' id='word_1_295' title='bbox 482 4195 531 4246; x_wconf 88' lang='lat' dir='ltr'><strong>luit</strong></span> <span class='ocrx_word' id='word_1_296' title='bbox 555 4196 647 4260; x_wconf 88' lang='lat' dir='ltr'><strong>procul</strong></span> <span class='ocrx_word' id='word_1_297' title='bbox 674 4194 756 4246; x_wconf 87' lang='lat' dir='ltr'><strong>dubio</strong></span> <span class='ocrx_word' id='word_1_298' title='bbox 774 4196 954 4248; x_wconf 87' lang='lat' dir='ltr'><strong>conditorium</strong></span> <span class='ocrx_word' id='word_1_299' title='bbox 976 4197 1039 4250; x_wconf 90' lang='lat' dir='ltr'><strong>iilud</strong></span> <span class='ocrx_word' id='word_1_300' title='bbox 1062 4197 1205 4262; x_wconf 85' lang='lat' dir='ltr'><strong>Ephesium</strong></span> <span class='ocrx_word' id='word_1_301' title='bbox 1232 4198 1310 4263; x_wconf 84' lang='lat' dir='ltr'><strong>cujus</strong></span> <span class='ocrx_word' id='word_1_302' title='bbox 1327 4199 1381 4249; x_wconf 85' lang='lat' dir='ltr'><strong>Pe-</strong></span> 
     </span>
     <span class='ocr_line' id='line_1_37' title="bbox 270 4273 778 4341; baseline 0.008 -17"><span class='ocrx_word' id='word_1_303' title='bbox 270 4275 372 4328; x_wconf 88' lang='lat' dir='ltr'><strong>tronius</strong></span> <span class='ocrx_word' id='word_1_304' title='bbox 389 4276 507 4328; x_wconf 87' lang='lat' dir='ltr'><strong>meminit</strong></span> <span class='ocrx_word' id='word_1_305' title='bbox 526 4291 550 4341; x_wconf 91' lang='lat' dir='ltr'><strong>p.</strong></span> <span class='ocrx_word' id='word_1_306' title='bbox 569 4273 604 4328; x_wconf 80' lang='lat'><strong>80</strong></span> <span class='ocrx_word' id='word_1_307' title='bbox 624 4275 664 4328; x_wconf 87' lang='lat' dir='ltr'><strong>ed.</strong></span> <span class='ocrx_word' id='word_1_308' title='bbox 683 4275 778 4328; x_wconf 81' lang='lat' dir='ltr'><strong>Nodot.</strong></span> 
     </span>
    </p>
   </div>
   <div class='ocr_carea' id='block_1_5' title="bbox 0 0 1482 4860">
    <p class='ocr_par' dir='ltr' id='par_1_5' title="bbox 0 0 1482 4860">
     <span class='ocr_line' id='line_1_38' title="bbox 0 0 1482 4860; baseline 0 0"><span class='ocrx_word' id='word_1_309' title='bbox 0 0 1482 4860; x_wconf 95' lang='lat' dir='ltr'><strong> </strong></span> 
     </span>
    </p>
   </div>
  </div>
 </body>
</html>
