2932 4862
351 305 434 360 Lihcr
452 305 498 364 tv.
535 305 579 362 De
597 305 748 362 Democriti
769 307 888 379 placitis.
1115 311 1179 377 403

66 493 129 538 rem
149 491 298 538 conversa
319 475 365 536 sit.
409 473 508 536 Porro
530 493 622 555 quum
646 473 742 554 plura,
765 475 868 557 inquit,
891 475 999 538 eodem
1021 476 1090 541 loco
1113 499 1178 543 cer-

65 589 187 658 nuntur,
205 581 361 664 quomodo
388 583 418 644 in
443 581 551 644 eodem
580 586 651 646 aire
680 581 784 664 plures
809 601 911 645 rernm
938 583 1053 647 iormae
1072 589 1177 652 erunt?

64 691 166 773 Atque
195 708 256 772 quo
280 695 370 770 pecto
399 689 476 754 alter
497 690 624 752 alterum
644 689 749 751 videre
770 695 880 770 potest,
906 711 999 772 quum
1020 694 1177 776 utriusque

64 798 221 880 imaginem
246 815 430 862 concurrere
453 815 579 859 necessa
607 797 666 860 sit?
716 796 832 858 Deinde
860 817 917 860 eur
942 800 1003 880 ipsi
1030 821 1175 864 noanon

64 907 232 970 cernimus?
274 906 362 970 Sicut
384 905 462 968 enirn
483 904 534 966 aiii
554 905 690 966 homines
714 909 849 966 nostrum
869 905 1037 987 imaginem,
1058 909 1099 972 ita
1117 924 1174 974 nos

64 1014 121 1094 ipsi
141 1033 208 1076 eam
233 1013 389 1076 videamus
416 1017 555 1092 oportet,
580 1011 759 1092 praesertim
788 1029 881 1092 quum
901 1014 940 1075 ad
961 1034 1018 1078 nos
1037 1018 1174 1100 imaginis

64 1139 212 1184 conversa
232 1119 433 1183 conformatio
459 1119 507 1196 sit,
537 1117 788 1201 quemadmodum
806 1118 941 1202 loquenti
962 1141 1069 1186 vocem
1090 1145 1174 1190 reso-

61 1247 133 1292 nare
155 1229 230 1292 dixit
248 1227 451 1293 Democritus.

146 1335 278 1400 Omnino
310 1335 389 1398 airis
418 1334 560 1398 formatio
586 1335 677 1397 statui
704 1333 822 1416 nequit,
849 1355 940 1415 quum
968 1338 1024 1401 hac
1044 1340 1173 1419 proheta

62 1443 144 1505 credi
172 1463 228 1524 par
255 1447 338 1506 esset
366 1443 499 1505 omnium
528 1461 629 1505 rerum
655 1441 799 1521 imagines
827 1442 858 1503 in
887 1447 957 1506 aire
982 1445 1062 1527 tingi.
1103 1449 1171 1512 Huc

60 1551 179 1614 aceedit
201 1551 284 1634 quod
313 1552 339 1614 si
371 1550 512 1630 imagines
539 1549 668 1612 fluerent
696 1550 818 1630 acrique
843 1550 1092 1633 imprimerentur,
1121 1575 1171 1618 res

60 1666 89 1720 et
108 1661 255 1722 obscuras
273 1665 303 1721 et
326 1665 456 1721 remotas
477 1657 657 1734 rideremus,
678 1656 705 1718 si
724 1673 785 1718 non
807 1665 907 1734 nocht,
930 1658 1059 1725 interdiu
1080 1669 1169 1727 certe.

60 1767 154 1850 Atqui
174 1775 277 1844 noctu,
305 1767 389 1849 quod
412 1771 502 1847 negat
524 1764 734 1839 Democritus,
762 1765 822 1826 hoe
845 1783 882 1825 eo
905 1763 1013 1829 melius
1034 1769 1098 1832 lieri
1120 1771 1158 1832 de

59 1873 158 1955 hebet,
180 1896 242 1960 quo
260 1871 502 1952 animatior¹¹²)
533 1880 598 1936 tum
623 1875 677 1934 air
698 1877 753 1934 est.
795 1873 857 1936 Sed
881 1871 1011 1936 sortasse
1033 1876 1170 1958 imaginis

61 1982 199 2064 illapsum
222 1983 271 2047 sol
298 1981 399 2057 etheit,
427 1981 525 2043 lucem
548 1979 635 2063 quasi
657 1978 749 2041 oculo
767 1979 903 2058 aderens,
923 1987 957 2043 ut
975 1983 1169 2048 Democritus

59 2089 178 2154 videtur
205 2092 306 2154 dicere
331 2089 475 2165 voluisse,
502 2108 605 2170 quum,
635 2085 719 2169 quod
748 2085 797 2163 ait,
820 2088 916 2150 solem
938 2089 1170 2169 repellentema

59 2215 125 2260 sese
145 2197 316 2276 eilingeudo
336 2197 462 2257 densare
480 2199 580 2256 adrem
600 2192 763 2255 absurdum
782 2193 835 2267 sit;
863 2213 899 2256 ea
926 2196 1006 2258 enim
1025 2196 1099 2260 solis
1118 2217 1169 2258 na-

59 2311 124 2366 tura
146 2309 200 2378 est,
226 2309 260 2364 nt
280 2306 379 2363 adrem
407 2300 509 2380 potins
538 2299 697 2362 discernat.
748 2299 866 2362 Deinde
888 2300 1038 2382 vituperat
1056 2304 1167 2365 Demo

58 2412 166 2472 critum
185 2407 420 2488 Theophrastus,
440 2407 523 2489 quod
543 2413 639 2470 totum
661 2426 775 2488 corpus
789 2409 872 2471 visus
891 2409 1045 2489 particeps
1063 2410 1169 2472 iecerit

58 2523 87 2579 et
105 2517 190 2600 quod
219 2513 327 2578 similia
355 2512 501 2576 similibus
530 2512 720 2594 potissimum
748 2515 832 2577 cerni
862 2515 983 2592 dixerit,
1017 2516 1058 2578 ita
1086 2522 1121 2580 ut
1140 2518 1168 2581 oi

59 2623 177 2687 diversa
204 2627 414 2698 cernerentur,
442 2625 541 2683 umen
572 2621 610 2683 de
636 2639 741 2683 eorum
769 2621 961 2684 similitudine
982 2621 1167 2705 loqueretur.

59 2729 89 2790 ln
108 2733 169 2795 hoc
195 2749 316 2815 quoque
342 2728 534 2810 reprehendit
558 2728 775 2806 Democritum,
807 2729 890 2809 quod
917 2730 1075 2809 putaverit,
1096 2732 1166 2796 ideo

59 2838 181 2901 ecirlnm
200 2857 329 2900 vacuum
353 2842 384 2898 et
408 2837 562 2900 humidum
582 2855 659 2912 esse,
685 2841 719 2896 ut
740 2835 831 2916 plura
848 2835 976 2916 accipiat
996 2849 1027 2899 et
1047 2838 1166 2922 reliquo

60 2946 182 3024 corpori
217 2946 324 3009 tradat.
374 2945 532 3007 Postremo
569 2941 787 3022 magnitudines
823 2962 926 3006 rerum
951 2951 982 3006 et
1011 2945 1167 3010 intervalla

61 3052 280 3132 opponit¹¹³).
330 3053 387 3115 llic
415 3051 621 3114 tantummodo
643 3049 825 3112 monendum
856 3059 911 3127 est,
935 3057 1031 3115 totum
1052 3073 1165 3134 corpus

60 3175 76 3215 a
95 3161 272 3224 Democrito
302 3160 384 3223 visus
405 3159 559 3241 particeps
580 3158 683 3232 reddi,
709 3164 856 3239 quatenus
879 3159 1006 3222 animam
1025 3179 1081 3240 per
1098 3181 1166 3223 cor-

61 3283 114 3340 pus
142 3269 309 3350 dispersam
341 3267 503 3347 significet,
534 3267 572 3329 ad
599 3285 688 3348 quam
722 3285 841 3328 omnem
869 3263 1009 3349 αἴσθησιν
1040 3269 1164 3332 referat:

62 3372 164 3436 oculos
186 3381 285 3437 autem
307 3381 338 3435 ct
361 3393 449 3436 aures
476 3373 562 3454 quasi
591 3373 786 3435 instmmenta
814 3391 889 3449 esse,
915 3373 1025 3454 quibus
1046 3375 1166 3441 simula-

62 3493 108 3537 cra
129 3499 282 3564 vocesque
303 3481 419 3544 animae
440 3482 602 3544 tradantur.
644 3477 963 3560 Theophrastum¹¹⁶)
985 3491 1092 3546 contra
1113 3481 1166 3552 τὰς

62 3633 257 3657 Ἢ

128 3751 182 3818 ¹¹¹)
202 3749 255 3824 ὅσῳ
273 3750 451 3825 lupeghem<
474 3750 488 3804 d
511 3751 570 3823 ἀήρ,
591 3753 722 3816 Tireophr.
742 3753 776 3804 de
799 3765 881 3803 seusu
900 3753 922 3818 s.
942 3748 983 3802 53.
1020 3753 1091 3805 tinec
1112 3767 1165 3805 er·

64 3823 187 3885 liicautur
214 3833 364 3886 hristoteiis
392 3836 466 3896 ioco,
496 3846 576 3898 quiem
602 3847 684 3896 supra
710 3833 779 3894 (adn.
800 3831 843 3896 97)
868 3833 1050 3884 erliihutmus:
1072 3831 1098 3884 iv
1116 3831 1165 3904 γὰρ

64 3915 96 4031 gp
113 3907 171 4036 pipi
198 3913 279 3968 πολὺν
306 3911 416 3987 ἀριθμὸν
448 3911 513 3965 alum
538 3915 591 3963 τῶν
617 3910 744 3965 corciram
770 3910 786 3964 d
811 3909 887 3964 autu
912 3911 1010 3970 laetior
1034 3915 1095 3965 νοῦν
1120 3913 1165 3964 καὶ

72 3999 153 4058 xpp.

130 4083 184 4150 ¹¹³]
206 4089 242 4138 ct.
265 4088 439 4150 Theophrast.
460 4087 493 4137 de
511 4097 593 4137 sensu
612 4087 635 4150 5.
654 4081 777 4134 dd-ht.

130 4171 183 4240 ¹¹⁴)
204 4179 335 4242 Theophr.
357 4177 419 4230 ibid
441 4173 524 4242 ghi:
543 4173 639 4226 ἄτοπον
658 4173 685 4226 ii
705 4175 750 4226 eal
768 4171 797 4226 τὸ
819 4171 951 4245 μὴμόνον
971 4175 1025 4231 τοῖς
1042 4169 1166 4242 ὄμμασιν,

69 4236 127 4296 dih
145 4256 189 4308 zai
209 4259 249 4330 rugi
265 4255 338 4328 ἄλλῳ
359 4255 460 4324 σώματι
479 4252 644 4324 pacatulam
660 4257 706 4326 τῆς
727 4251 880 4326 αἰσθήσεως.
918 4259 940 4322 g.
960 4251 1001 4304 57.
1033 4281 1059 4293 -
1080 4250 1166 4324 ὥσπερ

880 4347 963 4410 ⁸26*
