2938 4864
333 327 398 392 3oe
661 325 859 388 Quaestione·
879 325 1114 382 nanoertteamn

327 495 448 578 ferant
464 492 601 575 juda'cio.
649 491 730 554 It'am
758 513 795 553 aa
820 513 899 572 quae
927 513 1014 554 nano
1034 499 1080 552 eat
1097 489 1259 554 leimarum
1278 493 1408 552 ciuitatum

338 603 515 665 constitutio
543 602 630 662 maddi
655 601 716 661 nla't'
742 602 791 660 rei
813 602 924 664 n'mt'lis
951 609 994 662 est
1021 600 1083 681 (vel
1110 601 1191 661 nitu
1212 600 1298 662 aliud
1315 601 1409 676 raigr'ti.

339 729 429 791 quam
456 715 491 771 ut
521 709 663 790 princeps
690 707 798 788 populi
826 708 872 768 vel
895 709 990 786 Judex
1025 715 1098 788 post
1124 709 1193 769 anni
1215 708 1307 770 vicem
1334 723 1409 765 rursu

340 817 474 898 privatus
504 817 555 878 liat
581 815 768 897 aliorumque
798 815 938 895 potestati
966 815 1125 878 obnoxius
1175 814 1265 897 Atqui
1284 812 1411 895 oportebat

340 945 389 986 res
411 925 453 984 ita
474 923 627 999 constitui,
646 929 679 983 ut
700 923 801 1000 judex,
824 923 876 1004 qui
892 923 1037 1000 justitiam
1057 943 1118 983 non
1134 922 1263 998 violarit,
1285 922 1348 982 lieet
1363 937 1411 998 poe-

340 1053 395 1094 nas
415 1031 614 1111 gravissimas,
627 1049 701 1111 quas
722 1028 772 1088 lex
788 1029 931 1108 postulat,
948 1030 1083 1110 exegerit
1102 1049 1121 1091 a
1138 1028 1283 1106 sontdms,
1294 1043 1411 1106 nunquan

340 1159 446 1202 eorum
468 1137 609 1217 potestati
630 1133 784 1213 subjectns
811 1137 905 1211 tieret,
926 1139 980 1198 sed
1001 1138 1064 1200 sive
1083 1138 1198 1217 scripta
1218 1136 1267 1198 lex
1284 1136 1340 1196 sive
1358 1129 1411 1194 atiud

341 1245 483 1328 quiddam
505 1245 603 1324 ipsum
632 1243 807 1305 detenderet
830 1243 869 1305 ab
894 1244 1013 1307 illorum
1041 1245 1155 1322 injuria.
1200 1243 1363 1322 Unmiiglieh
1379 1239 1411 1297 isa

342 1355 417 1416 uach
444 1353 498 1414 der
513 1354 591 1430 jetzt
611 1338 815 1412 bostetn'enden
839 1352 996 1432 Ordnung,
1025 1353 1089 1414 dass
1112 1352 1160 1413 die
1185 1350 1365 1431 Obrigkeiten
1383 1345 1412 1405 nie

341 1461 506 1540 ungerncltt
534 1459 678 1534 trandelu,
712 1479 800 1519 weun
832 1459 876 1520 sie
912 1461 989 1521 auoit
1018 1479 1093 1540 ganz
1123 1459 1333 1520 reehtsoltaiien
1359 1453 1411 1512 sind:

343 1569 421 1629 deun
444 1568 491 1628 die
511 1587 604 1647 ganne
630 1567 778 1645 Oninuug
806 1565 915 1644 gleielrt
943 1567 1041 1628 uiclds
1071 1567 1196 1628 anderm
1222 1566 1310 1644 (oder
1328 1577 1412 1632 verinae

342 1677 440 1736 niolrts
459 1674 582 1756 arideus)
614 1673 658 1736 als
688 1675 753 1734 dass
779 1673 834 1734 der
861 1674 1009 1735 nindiohe
1029 1674 1104 1735 dalrr
1125 1694 1178 1734 um
1200 1675 1272 1734 dahr
1292 1673 1319 1732 iu
1337 1667 1412 1729 andrei

343 1781 494 1842 tt'illkiihr
515 1782 601 1844 steht.
652 1779 754 1842 Allein
779 1783 856 1842 auch
887 1781 951 1844 dies
976 1780 1065 1843 sollte
1091 1801 1127 1843 so
1150 1782 1299 1861 geordnet
1318 1775 1412 1837 uuerden

343 1891 408 1951 dass
427 1889 482 1950 der
508 1888 596 1950 keine
615 1889 875 1969 Ungereohtigkeit
903 1887 1035 1964 libendo,
1064 1909 1151 1950 wenn
1172 1909 1209 1952 er
1228 1891 1302 1950 auch
1322 1887 1362 1946 dir
1378 1883 1412 1940 t'u-

343 1998 502 2078 gerecltten
527 1997 605 2058 noch
634 2016 670 2058 so
700 2003 820 2076 strenge
846 2015 903 2056 vor
928 1996 1052 2058 Gericiit
1079 2017 1217 2076 gezogen
1248 1998 1331 2070 tritta,
1355 1989 1412 2070 (md

343 2105 476 2168 Verfluss
495 2103 594 2164 seium
613 2103 735 2184 deleres)
764 2103 848 2165 nieht
870 2111 959 2164 unter
976 2106 1049 2182 jene
1074 2125 1113 2166 zu
1139 2107 1247 2167 slehen
1273 2105 1357 2176 liure,
1371 2115 1413 2158 sou

345 2215 419 2275 dern
442 2211 508 2273 eine
530 2213 664 2291 Satzung
692 2210 768 2272 oder
797 2217 889 2272 etwas
918 2211 1027 2274 andros
1057 2211 1134 2288 dent,
1160 2213 1218 2274 der
1246 2211 1358 2292 gerecht
1373 2223 1413 2264 ur·

344 2321 420 2394 inlu,
445 2319 533 2380 liiidie
553 2317 755 2398 getriilrrte.””
796 2319 879 2380 Vidit
895 2319 1097 2396 Burcltardus‚
1113 2340 1204 2402 quarn
1226 2315 1348 2382 absurda
1363 2325 1412 2374 essu

343 2429 417 2489 llaec
440 2427 655 2507 interpretandi
676 2427 752 2488 ratio
780 2427 985 2509 imprimisque
1007 2427 1132 2489 miratus
1153 2437 1202 2491 est
1219 2428 1368 2491 verborum
1384 2415 1412 2476 tl·

271 2591 274 2598 .
345 2535 407 2597 davi
429 2535 486 2620 γὰρ
508 2533 593 2618 ἄλλῳ
615 2531 697 2596 ἔοικε
719 2533 945 2614 explanationes
964 2535 1047 2595 nt'leil
1063 2535 1155 2595 alaied
1166 2539 1268 2617 exegit
1279 2541 1308 2596 et
1325 2543 1413 2600 acorna

342 2643 444 2705 m'clets
471 2643 591 2719 attulere,
623 2641 732 2723 quibus
763 2641 838 2704 nihil
869 2641 940 2722 tingi
974 2647 1075 2721 potest
1103 2621 1245 2722 ineptius,
1297 2643 1366 2703 lden
1388 2633 1414 2692 111

344 2751 452 2812 doetus
473 2751 675 2811 illustraturus
697 2749 874 2828 particulam
901 2747 983 2816 ὅκως
1012 2748 1127 2828 (ὅπως)
1158 2750 1305 2812 infinitivo
1317 2749 1414 2826 junctu

343 2857 476 2918 laudavit
503 2857 670 2919 Bernhardi
692 2859 816 2936 Syntax.
845 2877 874 2936 p.
897 2857 972 2928 3693
1005 2857 1060 2918 sed
1093 2858 1158 2937 ipse
1189 2858 1305 2944 locumz
1328 2855 1359 2914 de
1377 2863 1414 2930 qut

343 2963 392 3024 lrio
414 2963 578 3044 quaeritur,
604 2983 665 3026 non
694 2964 844 3043 exposuit.
887 2964 1006 3046 Quodsi
1026 2983 1130 3026 rerum
1156 2975 1248 3042 esset,
1270 2963 1344 3047 quod
1361 2957 1415 3019 initu

343 3071 544 3133 adnotationis
563 3072 611 3145 ait,
631 3072 689 3132 hoc
710 3071 909 3150 fragmentum
934 3071 974 3134 ita
997 3091 1064 3134 esse
1086 3081 1275 3151 corruptum,
1288 3079 1318 3132 nt
1334 3061 1414 3144 singu

342 3177 427 3238 nullo
451 3178 574 3240 rationis
595 3199 675 3241 nexu
696 3179 775 3240 inter
795 3198 828 3240 se
851 3178 993 3258 copulata
1013 3179 1080 3254 sint,
1110 3178 1193 3239 omni
1211 3176 1370 3260 explicandi
1385 3187 1414 3230 111

341 3291 412 3346 natu
432 3286 640 3346 abstinendum
663 3288 750 3348 foret.
795 3287 858 3347 Sed
881 3287 1043 3360 videamus,
1071 3305 1140 3348 rium
1160 3287 1220 3366 ipsi
1241 3287 1340 3348 melius
1356 3295 1413 3362 quau

341 3389 392 3451 alii
412 3411 476 3452 rem
498 3393 657 3472 egerimus.
708 3392 793 3454 Nihil
821 3392 849 3452 iu
873 3392 931 3453 lroo
951 3393 1119 3473 fragmento
1140 3401 1316 3476 cornrptum
1334 3393 1375 3450 aut
1390 3383 1414 3442 iu-

340 3499 521 3578 terpolatum
541 3519 608 3561 esse
637 3500 777 3575 arbitror,
807 3499 864 3562 nisi
892 3501 974 3582 quod
1001 3521 1110 3562 vocum
1135 3502 1252 3564 formae
1279 3499 1380 3562 ionicae
1398 3499 1413 3546 11

340 3607 457 3680 atticae,
481 3615 515 3669 ut
542 3627 641 3686 saepe,
671 3606 863 3669 librariorum
895 3609 1011 3671 incuria
1030 3609 1175 3670 confusae
1196 3617 1274 3671 sunt.
1315 3607 1343 3668 ln
1361 3609 1413 3662 111111

340 3714 524 3790 cedentibus,
556 3735 633 3796 quae
661 3715 825 3793 perierunt,
855 3716 1050 3778 Democritus
1081 3717 1155 3776 haec
1177 3716 1298 3778 videtur
1322 3711 1412 3775 dixisse

338 3824 425 3900 „Qui
442 3824 477 3882 in
500 3820 603 3883 ltdm'a
626 3823 776 3883 Graeciae
799 3823 976 3886 civilatibus
1003 3825 1210 3884 inueniuntur
1229 3822 1358 3904 supremi
1371 3831 1412 3876 utt-

335 3931 495 4009 patratus,
514 3931 583 3991 illos
605 3949 708 3990 omnes
727 3951 833 3991 rerum
853 3934 1113 4012 negotiorumque,
1125 3952 1204 4010 quae
1212 3931 1344 4012 gerenda
1357 3925 1412 3984 emt

336 4058 400 4098 non
421 4039 510 4098 aalide
527 4039 643 4116 peritos
664 4059 724 4099 erse
741 4060 855 4100 necesse
873 4047 924 4102 cst.
973 4040 1056 4100 nana
1077 4059 1172 4118 quum
1191 4037 1349 4119 qawtanm's
1366 4021 1414 4088 aod

334 4149 536 4225 arragritratns
554 4145 674 4206 soleant
694 4149 803 4222 crema]
837 4154 970 4227 ternpus,
996 4165 1056 4224 quo
1084 4149 1206 4227 singuli
1222 4163 1343 4206 inuuere
1353 4135 1412 4218 sid·

329 4261 461 4331 guantur,
481 4253 533 4314 uia
552 4251 677 4335 sufficit
694 4255 739 4318 ad
754 4257 947 4336 negatorum
967 4255 1120 4318 maioma
1134 4257 1262 4338 penitus
1275 4245 1412 4333 percipit*
