2938 4864
343 301 428 359 Liber
445 301 495 361 ill.
531 301 601 362 Ado.
618 302 655 358 ad
671 301 750 360 Deru.
768 317 812 374 op.
828 301 924 374 dogm.
1126 302 1189 368 301

81 476 250 554 fragmento
278 467 478 552 explicatione
508 467 628 534 videtur
656 487 746 550 egere
776 475 898 550 praeter
918 469 1077 534 termulam
1100 468 1188 554 drep-

81 579 203 642 δέδοικε
217 577 316 664 ’μέχρι
338 579 474 661 σμικρῆς,
495 597 584 659 quam
605 595 667 640 non
689 576 857 658 brtelligens
870 578 1025 642 Gesnerus
1044 577 1191 660 interpre-

81 694 161 750 tatus
182 694 244 750 est:
274 693 305 748 et
328 688 364 746 σἰι
389 685 528 746 οιίνιίοιίσ
555 703 672 766 qnoque
696 685 760 766 ονἀσ
783 704 893 748 curam
916 688 1009 767 gerit.
1057 688 1104 748 De
1132 687 1189 748 hae

81 794 238 858 locutione
269 794 451 857 Scbaelerus
476 791 495 854 λ
524 812 550 856 ο.
580 793 655 854 boec
687 799 905 856 commentatus
934 801 994 858 est:
1033 793 1190 871 „Subaudi

80 900 201 984 ἡλικίας
233 909 264 965 et
297 918 442 980 compare
470 899 614 980 Xenopb.
647 899 774 962 Memor.
803 901 892 964 Soer.
913 902 954 964 111
989 921 1054 982 cap.
1079 902 1118 978 V,
1138 902 1188 965 27.

80 1009 173 1072 Pleue
192 1008 303 1074 Suidas
322 1011 358 1070 Τ.
381 1010 395 1070 l
414 1026 444 1087 p.
467 1009 543 1070 704:
560 1001 618 1068 Ἐκ
636 1010 749 1069 τυννῶν
769 1006 828 1088 (sie
847 1009 931 1072 eninr
948 1007 1109 1090 legendum
1129 1027 1189 1088 pro

80 1113 136 1179 Ἐκ
155 1121 291 1180 τιτυνῶν.
335 1118 417 1179 Port
435 1109 492 1178 Ἐκ
509 1113 643 1195 rotilde)
666 1150 704 1162 -
727 1111 761 1176 ἐκ
781 1117 888 1199 μικρᾶς
906 1115 1034 1198 ἡλικίας.
1077 1116 1191 1196 Negle-

81 1230 192 1288 xenmt
206 1225 286 1286 baec
309 1223 359 1306 qui
379 1224 512 1286 Graecas
531 1221 662 1302 Ellipses
681 1239 744 1284 uno
765 1241 897 1302 corpore
921 1223 1072 1304 complexi
1092 1221 1189 1286 sunt’'

83 1331 299 1414 Xenophontis
319 1331 416 1409 locus,
445 1349 535 1413 quem
555 1328 659 1392 laudat
684 1329 732 1393 vir
755 1329 955 1408 doctissimus,
976 1331 1048 1394 nibil
1071 1332 1189 1412 probat

82 1441 162 1503 Nam
183 1440 225 1502 ibi
243 1439 354 1520 legitur
379 1435 470 1522 μέχρι
501 1439 555 1519 τῆς
582 1433 719 1519 ἐλαφρᾶς
743 1435 872 1518 ἡλικίας,
896 1457 971 1518 ergo
989 1437 1109 1521 ἡλικίας
1127 1457 1190 1502 uon

83 1549 228 1612 oririssuur
248 1553 294 1610 est
317 1567 335 1608 a
357 1547 523 1626 scriptore,
547 1545 603 1607 sed
628 1544 749 1608 dictum.
793 1544 904 1607 Suidae
923 1545 1006 1608 nulla
1025 1551 1072 1608 est
1092 1545 1123 1608 in
1144 1547 1190 1608 bis

83 1657 176 1720 rebus
202 1654 375 1718 auctoritas.
428 1651 565 1734 Denique
592 1652 645 1734 qni
671 1650 709 1714 de
733 1651 832 1734 ellipsi
861 1653 892 1714 in
920 1672 1031 1733 graeco
1049 1671 1190 1717 sermone

83 1763 216 1845 amplum
243 1761 385 1824 volumen
416 1762 612 1823 conlecenmt
636 1759 747 1822 Rosius
773 1760 898 1842 ejusque
931 1760 1124 1842 interpretes,
1152 1761 1190 1824 de

83 1869 348 1953 praetermissione
388 1867 528 1930 vocabuli
565 1866 670 1949 ἡλικία
713 1866 847 1931 seribere
887 1887 951 1931 non
985 1869 1189 1949 neglexerunt

84 1977 230 2060 Quamvis
250 1984 350 2040 autem
371 1975 516 2057 pleraque
537 1974 645 2050 omnia,
675 1994 751 2056 quae
779 1975 817 2036 ab
837 1975 896 2038 illis
913 1976 1082 2040 ellenrntur
1102 1978 1190 2055 buJus

83 2085 203 2168 generis
224 2082 362 2165 exempla
379 2083 455 2144 ialsa
473 2088 552 2160 sunt,
570 2101 663 2144 uuum
684 2089 792 2158 tannen,
811 2084 898 2162 eujus
919 2084 1030 2146 Rosius
1050 2084 1191 2162 meminit,

84 2192 255 2274 exemplum
283 2196 367 2254 reete
394 2209 428 2253 se
451 2189 548 2252 babet
591 2189 672 2252 citat
699 2189 751 2252 ille
774 2191 875 2253 tritum
896 2190 986 2254 illud:
1002 2187 1131 2275 Ἀρετὴν
1157 2190 1192 2255 έκ

84 2297 157 2367 νέας
171 2297 266 2375 ἄσκει,
287 2300 434 2362 uirtutem
452 2295 490 2358 ab
510 2299 838 2374 incantamentum,
859 2298 942 2379 quod
964 2298 1015 2360 vix
1034 2297 1122 2361 aliter
1142 2319 1193 2361 ex-

85 2407 200 2488 planari
221 2406 301 2482 licet,
324 2425 413 2488 qnam
430 2411 465 2467 ut
482 2405 645 2485 genitivum
666 2403 784 2485 ἡλικίας
795 2423 993 2485 suppressrun
1014 2425 1081 2468 esse
1101 2407 1192 2470 dicas.

85 2517 129 2576 lta
149 2513 358 2576 Democritum
380 2531 502 2596 quoqne
524 2510 614 2595 μέχρι
635 2513 761 2594 σμικρῆς
786 2511 918 2591 elliptiee
936 2532 993 2593 pro
1015 2511 1106 2596 μέχρι
1128 2534 1191 2595 σμι-

85 2623 160 2705 κρῆς
178 2619 295 2702 ἡλικίης
316 2639 480 2701 usurpasse
502 2626 639 2699 apparet
690 2619 884 2682 Burebnrdus
904 2618 1004 2682 minus
1021 2639 1194 2683 aocomrno

85 2730 153 2792 date
173 2727 308 2809 suppleri
327 2727 394 2790 vult
414 2725 505 2810 ὥρας.

170 2839 240 2900 185.
283 2835 443 2898 Posuimus
466 2831 567 2896 δοκέει
588 2853 646 2914 pro
670 2833 771 2908 δοκεῐ;
796 2830 911 2916 ἐνορέω
934 2833 1081 2897 Herodoti
1094 2854 1181 2897 exem

84 2945 137 3026 plo
158 2963 216 3024 pro
240 2941 353 3026 ἐνορῶ;
375 2941 473 3025 κτήσιι
493 2960 552 3022 pro
566 2941 686 3023 κτήσεις
709 2939 895 3022 edbertum
916 2962 932 3004 e
952 2941 1080 3004 Gesneri
1095 2961 1195 3004 emen-

86 3053 206 3116 datione
227 3069 285 3132 pro
309 3047 508 3131 εὐδηλέοντα,
529 3069 619 3132 quam
640 3048 878 3112 emendationem
892 3048 1193 3126 contraJaoobsiurn‚

86 3161 187 3244 quiin
215 3156 362 3220 ouimadtt
390 3155 429 3217 ad
457 3157 560 3237 Eurip.
585 3164 616 3220 et
641 3156 726 3220 Stob.
757 3177 824 3238 pog.
848 3159 908 3220 277
938 3155 969 3218 in
996 3156 1060 3235 ejus
1091 3155 1195 3220 locum

85 3267 271 3330 substituere
292 3263 413 3326 volebat
432 3261 470 3324 τὰ
493 3261 685 3348 ὠφελέονται,
708 3271 789 3326 recte
810 3263 942 3326 defendit
961 3263 1142 3326 Sebaelerus
1163 3265 1194 3326 iu

84 3375 187 3437 Melet.
207 3372 272 3434 crit
293 3390 362 3451 pag.
384 3372 423 3433 69
448 3371 582 3434 excitans
608 3371 711 3435 Sobel.
733 3370 771 3432 od
792 3371 946 3450 Aristopln
967 3371 1045 3435 Plnt
1067 3391 1094 3436 ν.
1115 3375 1193 3435 969ι

85 3481 115 3544 οἱ
134 3479 192 3564 γὰρ
216 3475 417 3559 εὐθηνούντες
435 3477 485 3540 καὶ
504 3475 648 3540 πλούσιοί
668 3477 752 3540 εἰσιν.
796 3480 857 3542 Pro
870 3477 965 3541 λεπτά
978 3499 1011 3539 τε
1033 3481 1083 3542 καὶ
1103 3479 1194 3544 clotte-

84 3587 140 3650 νέα
163 3585 245 3667 apud
267 3585 415 3648 Orelliuru
447 3593 493 3648 est
521 3583 615 3647 λεπτὰ
646 3585 697 3648 καὶ
720 3585 916 3649 ἀσδενέοντα.
956 3589 1121 3670 Utrumque
1144 3587 1195 3650 de-

84 3695 168 3758 lendi
188 3701 299 3775 potest.

172 3805 240 3864 ise.
285 3799 441 3862 Edidinrns
464 3797 565 3862 δοκέει
587 3821 644 3881 pro
667 3799 798 3864 δοκεῖτέ
818 3801 911 3885 δοκέῃ
935 3823 993 3884 pro
1009 3803 1096 3884 δοκῇ.
1128 3804 1194 3866 llu-

84 3909 212 3972 taviurns
233 3907 335 3970 ἕποιτο
359 3908 390 3968 in
416 3907 535 3988 ἕπηται,
558 3908 811 3989 quemadmodum
833 3911 966 3974 Orellius
989 3910 1117 3990 scripsit,
1142 3910 1194 3991 qni

85 4026 186 4080 tomen
209 4015 318 4098 ἕληται
340 4015 432 4078 scribi
449 4021 593 4096 oportere
612 4015 753 4094 opinatus
778 4025 832 4080 est.
875 4017 1120 4100 insequentibus
1142 4019 1194 4080 λα-

85 4121 167 4209 βέειν
190 4123 376 4186 exaravimus
398 4141 455 4202 pro
470 4121 586 4206 λαβεῖν,
602 4123 754 4202 etfragru.
780 4126 848 4186 rot.
891 4127 989 4188 Porro
1011 4124 1195 4188 restituimus

81 4235 144 4296 τῶν
168 4229 205 4294 ἂν
229 4229 285 4315 δέῃ
308 4251 365 4312 pro
387 4231 430 4294 ὧν
450 4225 486 4294 ἂν
510 4229 568 4306 δεῖ,
587 4230 671 4314 quod
689 4229 822 4294 Orellius
842 4232 919 4296 orale
932 4232 1034 4298 vertit:
1050 4231 1101 4315 (ἐκ
1122 4233 1194 4296 πολ-
