2892 4872
373 325 509 383 biberit.
540 325 584 380 Do
604 325 755 382 Democriti
773 329 892 399 scriptio.
1127 329 1189 396 133

5 507 6 518 ’
85 497 267 576 perspicuum
285 496 344 572 fiet,
366 492 540 556 Aristotelis
558 493 660 557 iocum
680 493 827 574 allegabo,
851 496 902 576 qui
923 497 1091 577 metaphys.
1108 497 1158 560 lib.
1173 501 1187 561 l

5 611 6 674 ἶ
84 625 142 684 cop.
161 606 179 666 4
201 603 255 664 ait:
279 600 451 670 Λεύκιππος
473 601 508 663 δὲ
529 601 580 663 καί
601 601 618 663 ὁ
640 601 761 685 ἑταῖρος
782 599 876 664 αὐτοῦ
897 601 1086 687 Δημόκριτος
1109 627 1184 667 στοι-

5 693 6 704 ,
82 717 147 796 χεῖα
166 711 221 795 μὲν
241 710 276 772 τὸ
300 706 421 792 [lippet
443 708 546 771 καὶτὸ
569 703 667 771 Κενὸν
689 707 770 770 εἶναί
787 730 871 794 φασι,
894 709 1033 792 λέγοντες
1055 713 1129 792 οἷον,
1150 715 1183 776 τὸ

83 819 131 902 μὲν
152 817 194 897 ύν,
220 819 254 880 τὸ
285 816 380 900 δὲμὴ
409 815 453 880 ὄν.
496 811 621 878 Τούτων
651 815 686 879 δὲ
712 817 745 878 τὸ
775 817 890 900 πλῆρες
917 818 969 880 καὶ
989 820 1123 905 στερεόν,
1149 823 1183 885 τὸ

82 925 125 989 ύν·
143 927 177 989 το
201 907 236 988 δὲ
255 920 343 988 κενόν
371 924 479 1006 γεκαὶ
500 921 605 1008 μανόν,
631 924 666 985 τὸ
691 924 731 1007 μὴ
761 921 805 986 ὄν.
845 923 902 986 Διὸ
922 925 974 987 καὶ
994 925 1087 990 eum
1111 932 1183 1011 μᾶλ-

5 1015 6 1060 ³
81 1036 128 1096 λον
147 1035 180 1096 τὸ
208 1031 241 1095 ὃν
271 1033 326 1094 τού
359 1031 399 1113 μὴ
422 1028 508 1100 ὄντος
537 1029 619 1094 εἶναί
645 1039 751 1114 φασιν,
783 1030 829 1093 ὅτι
855 1030 929 1096 osne
953 1035 988 1096 τὸ
1015 1037 1101 1098 κενὸν
1130 1042 1183 1100 τοῦ

82 1143 223 1224 σώματος.
267 1138 356 1204 Αίτια
378 1138 413 1202 δὲ
441 1143 502 1202 τῶν
532 1137 626 1202 ὄντων
657 1144 763 1216 ταῦτα,
786 1141 830 1206 ὥς
849 1137 917 1222 unp.
961 1137 1023 1203 Καὶ
1042 1143 1182 1228 καθάπερ

80 1248 105 1309 οἱ
124 1248 154 1312 ἓν
175 1252 335 1316 ποιοῦντες
364 1247 417 1330 τὴν
440 1245 640 1331 ὑποκειμένην
674 1246 790 1324 οὐσίαν,
812 1244 849 1308 τὰ
872 1245 953 1310 ἀλλὰ
972 1251 1035 1316 τοῖς
1055 1249 1182 1314 ποίθεσιν

5 1419 6 1432 ,
79 1357 164 1442 αὐτῆς
185 1358 334 1440 γεννῶσι,
365 1352 399 1415 τύ
433 1355 528 1438 μανὸν
554 1355 606 1418 καὶ
631 1356 666 1418 τὸ
690 1355 803 1418 πυκνὸν
830 1333 929 1439 ἀρχοίτ
951 1355 1104 1440 τιθέμενοι
1123 1363 1182 1422 τῶν

5 1445 6 1472 ¹
78 1465 280 1550 παθημάτων·
306 1461 358 1523 τὸν
387 1461 478 1526 αὐτὸν
507 1461 618 1548 τρόπον
649 1463 702 1525 καὶ
727 1459 812 1524 οὗτοι
840 1461 894 1530 τὰς
916 1462 1066 1547 διαφορὰς
1089 1466 1185 1536 αἰτίας

5 1549 6 1560 ¹
77 1577 129 1634 τῖον
153 1571 261 1635 ἄλλων
290 1567 372 1631 εἶναί
401 1590 486 1654 φασι.
542 1567 663 1639 Ταύτας
697 1569 799 1654 μέντοι
828 1576 908 1654 τρεῖς
940 1571 1018 1634 εἶναι
1050 1572 1183 1655 λέγουσι,

80 1679 221 1764 σμῆμιίτε
242 1677 294 1742 καί
311 1677 391 1747 τάξιν
410 1679 462 1741 καί
481 1678 581 1741 θέσιν·
604 1677 760 1764 διαφέρειν
775 1679 832 1761 γάρ
855 1701 931 1762 φασι
954 1681 987 1742 τὸ
1010 1678 1053 1758 ὅν,
1076 1681 1184 1766 ῥυσμῷ

78 1788 122 1850 καὶ
142 1785 347 1870 ὃιαθηγῇ“)
374 1785 426 1848 καὶ
449 1791 550 1871 τροπῇ
582 1785 685 1869 μύνον.
730 1781 854 1849 Τούτων
884 1786 919 1850 δὲ
946 1786 963 1849 t
994 1789 1048 1871 μὲν
1069 1790 1184 1874 ῥυσμὸς

78 1896 173 1980 τμῆμά
194 1894 278 1965 ἐςιν·
297 1915 316 1975 η
339 1892 375 1954 δὲ
397 1893 539 1978 διαθηρή,
559 1895 657 1964 τοίξις·
679 1893 698 1976 ἠ
728 1893 762 1956 δὲ
783 1896 890 1978 τροπή,
914 1894 1007 1964 θέσις.
1035 1895 1183 1980 Διαφέρει

76 2005 124 2089 γὰρ
145 2007 177 2068 τὸ
203 2003 262 2087 μὲν
286 2000 314 2065 Α
336 2005 390 2064 τού
416 1998 606 2086 Νσχήματι,
636 2004 669 2064 τὸ
695 2001 729 2064 δὲ
750 1999 806 2064 AN
830 2007 883 2066 τοῦ
903 1999 959 2066 ΝΑ
981 2003 1072 2082 τάξει,
1090 2005 1123 2066 τὸ
1148 2005 1182 2066 δὲ

77 2108 164 2176 Ζτού
183 2109 211 2176 Ν
235 2109 332 2172 θέσει
377 2109 423 2170 Ex
444 2111 504 2173 hoc
524 2110 685 2191 Stegiritne
702 2110 775 2173 loco
797 2130 882 2173 suern
904 2113 1182 2192 interpretationem

77 2221 269 2302 descripsisse
289 2217 424 2294 Suidnm,
451 2237 513 2280 non
538 2224 584 2280 est
605 2219 689 2301 qnod
709 2217 846 2299 probem.
889 2227 990 2302 Quum
1009 2221 1101 2301 igitur
1123 2222 1183 2282 siu-
1273 2227 1284 2254 s

76 2329 202 2408 ριιίοιιιια
234 2333 406 2390 atomorum
437 2325 603 2388 differentia
633 2327 664 2389 in
680 2328 760 2408 solo
788 2326 896 2412 ῥυσμῷ
927 2337 1074 2405 versetur,
1095 2332 1183 2408 juvet

77 2435 272 2518 Theophrasti
293 2434 397 2496 locum
417 2435 537 2512 addere,
558 2433 610 2496 ubi
635 2436 673 2496 de
688 2433 852 2498 multorum
872 2441 1041 2499 atomorum
1058 2458 1182 2516 compo·

76 2542 173 2607 sitione
201 2561 307 2606 sermo
335 2547 390 2605 est
441 2543 670 2623 Theophrastus
699 2545 736 2605 de
764 2563 843 2606 sens.
869 2540 897 2626 §.
922 2545 963 2607 73
997 2583 1065 2594 --
1087 2543 1125 2606 τὰ
1148 2544 1182 2605 δὲ

77 2650 191 2735 ψαθυρὰ
223 2651 276 2713 καὶ
299 2649 455 2734 εὔθρυπτα
477 2631 551 2732 (τῶν
581 2651 715 2736 λευκῶν)
738 2649 773 2714 ἐκ
793 2654 968 2735 περιφερῶν
1001 2649 1065 2733 μέν,
1084 2650 1180 2719 λοξῶν

76 2757 107 2820 δὲ
124 2762 161 2844 τῇ
181 2757 274 2822 θέσει
300 2757 377 2842 πρὸς
399 2755 521 2839 ἄλληλα
544 2758 761 2841 (συγκεῖσθαι),
787 2760 839 2822 καὶ
866 2757 919 2826 τὰς
942 2757 997 2820 δύο
1022 2757 1181 2836 συζεύξεις,

77 2867 122 2950 τήν
143 2867 175 2931 θ’
209 2866 286 2950 ὅλην
311 2866 392 2935 τάξιν
421 2863 503 2951 ἔχειν
532 2863 578 2929 ὅτι
604 2866 734 2949 μάλιστα
758 2867 878 2951 ὁμοίαν.
918 2867 990 2945 Sed,
1021 2868 1105 2949 quod
1132 2867 1181 2928 vel

77 2995 118 3036 me
136 2983 256 3041 tecente
284 2975 472 3056 intelligitur,
500 2993 573 3036 suae
602 2975 733 3038 orationi
762 2996 825 3038 non
856 2977 982 3040 inseruit
1002 2973 1181 3036 Aristoteles

76 3105 173 3150 rocem
196 3081 323 3170 ῥυσμύς,
349 3083 408 3146 nisi
432 3082 484 3146 ubi
513 3084 551 3145 de
578 3083 758 3145 Democrito
787 3085 835 3146 vel
861 3085 1019 3166 Leucippo
1052 3083 1180 3145 disserit

78 3195 165 3258 Unum
187 3192 354 3278 protulisse
383 3191 554 3272 exemplum
581 3191 720 3256 sufficiet.
761 3194 808 3254 De
826 3193 914 3256 enim
936 3195 959 3271 l,
981 3195 1017 3253 2:
1044 3187 1183 3272 Ὁμοίως

80 3303 118 3382 δέ,
137 3305 243 3388 inquit,
271 3299 323 3364 καὶ
345 3298 527 3367 Λεύκιππος.
569 3296 694 3363 Τούτων
721 3299 755 3362 δὲ
779 3299 816 3362 τὰ
837 3299 1029 3384 σφαιροειδῆ,
1050 3302 1109 3383 πῦρ
1131 3300 1183 3361 καὶ

79 3412 178 3496 ψυχήν,
198 3409 251 3474 διὰ
270 3409 305 3471 τύ
327 3408 457 3491 μάλιστα
479 3406 530 3470 διὰ
549 3407 661 3474 παντὸς
678 3405 828 3470 δύνασθαι
843 3407 992 3470 διαδύνειν
1005 3405 1181 3473 τούςτοιού-

80 3537 141 3586 τους
160 3514 305 3602 ρυσμούς,
337 3516 387 3579 καὶ
415 3519 506 3578 κινεῖν
532 3514 569 3578 τὰ
597 3515 703 3591 λοιποί,
733 3513 897 3596 κινούμενα
924 3515 976 3578 καὶ
998 3512 1084 3591 αύταί,
1112 3514 1182 3585 ὑπο,

80 3625 277 3710 λαμβάνοντες
294 3625 348 3707 ripe
372 3623 472 3709 ψυχὴν
488 3622 567 3687 εἶναι
587 3624 621 3686 τὸ
635 3622 772 3708 παρέχον
791 3627 854 3690 τοῖς
877 3625 968 3694 ζώοις
985 3622 1038 3704 τὴν
1060 3621 1182 3704 κίνησιν.

79 3731 179 3818 Neque
204 3753 280 3798 vero
304 3733 429 3797 ineolis
452 3733 703 3814 philosophorum
727 3729 813 3792 libris
845 3731 962 3795 delituit
984 3734 1043 3794 hoc
1063 3751 1182 3807 nomen,

80 3843 167 3904 seua
192 3842 294 3906 multis
322 3847 382 3904 tnm
411 3841 520 3921 ligaue
549 3861 639 3925 qnam
659 3839 779 3902 solutae
805 3841 951 3904 orationis
981 3839 1181 3920 scriptoribus

81 3957 250 4030 usurpatum
272 3955 327 4012 est.
369 3949 535 4029 Dionysius
556 3951 594 4013 de
617 3949 684 4012 Situ
704 3947 802 4010 orbis:

84 4147 276 4164 u

151 4292 189 4356 ¹¹)
205 4293 282 4354 (corr.
304 4289 424 4366 διαθιγῇ).
444 4281 447 4288 ’
