2938 4864
245 305 249 314 ·
307 289 370 358 334
640 293 837 358 Quantiom
852 293 1087 352 nummisma-

308 461 347 526 ad
366 463 573 544 Damagetum,
595 462 712 546 deque
729 461 810 526 libro
829 463 930 544 primo
960 482 1027 544 pag.
1050 463 1090 528 78
1105 483 1188 548 seqrp
1210 463 1386 537 disseruimus,

308 577 449 649 sumtum,
470 571 721 636 exd1.Neaudri
743 573 847 652 Opere
861 589 964 648 aureo,
986 571 1040 634 ubi
1056 591 1124 654 pag.
1148 573 1209 638 362
1235 570 1291 651 (ed
1309 569 1386 652 Lips)

315 679 435 760 iegitur,
455 679 558 762 inepte
578 679 739 762 exscripsit
756 679 899 743 Oreiiius.

394 789 444 852 44.
489 785 512 852 Γ
514 787 643 872 νομέων
674 809 731 871 pao
759 787 856 850 τῶνδε
884 785 918 849 ai
934 809 977 856 τις
1001 785 1105 852 doctior
1131 787 1181 857 ξῦν
1209 785 1284 872 νόῳ,
1308 785 1388 848 sotii

309 896 364 981 piu
400 893 480 980 ἔρξιι
514 893 625 980 ἀνδρὸς
656 894 776 978 ἀγαθοῦ
806 893 886 972 ἄξια,
916 892 1018 958 πολλὰ
1049 895 1085 958 δὲ
1119 898 1225 982 φαῦλα
1255 891 1311 979 οὐχ
1335 891 1389 961 ἕξει.

308 1005 618 1070 Pseudodemocrates
638 1025 687 1086 ap.
701 1003 795 1068 Oreli.
815 1023 845 1067 n.
863 1006 891 1068 1.
933 1004 1059 1069 donicae
1076 1004 1199 1068 disiecti
1218 1005 1291 1067 ratio
1309 1007 1391 1082 postu

306 1113 350 1180 lat
373 1110 430 1177 oda
451 1111 528 1188 ἕξεις
557 1113 690 1177 Oreiiius
716 1111 830 1194 corrigi
852 1112 917 1176 vult
941 1111 997 1176 οῦιι
1016 1109 1105 1197 ἔρξει.
1148 1113 1214 1178 Sed
1230 1112 1392 1174 manifestum

308 1228 363 1299 est,
396 1221 473 1285 hanc
499 1223 677 1286 sententiam
705 1221 743 1283 ab
770 1241 809 1284 eo
837 1219 890 1304 qui
914 1222 1083 1284 Democriti
1105 1228 1270 1303 praecepta
1290 1217 1393 1281 moralia

306 1329 438 1412 collegit,
457 1329 724 1394 commendationis
735 1327 807 1392 loco
823 1329 951 1393 caeteris
965 1330 1121 1393 sententiis
1134 1351 1205 1394 esse
1216 1327 1392 1412 praemisum

391 1439 442 1502 dd.
485 1435 645 1522 Μακάριος
664 1435 699 1507 ὃς
719 1434 825 1499 οὐσίαν
847 1435 899 1500 xci
919 1439 990 1501 νοῦν
1014 1435 1095 1522 ἔχει·
1121 1440 1234 1522 χρῆται
1253 1435 1307 1520 γὰρ
1327 1429 1393 1500 end

306 1544 357 1608 dei
393 1546 506 1614 καλῶς.
562 1546 875 1609 Pseudodemoorates
909 1565 958 1626 ap.
991 1545 1084 1609 Oreii.
1115 1566 1145 1610 ιι.
1168 1549 1220 1609 48.
1273 1541 1393 1622 corrupti

275 1721 279 1730 ,
305 1659 376 1716 sunt
401 1673 509 1716 uersus
539 1652 684 1732 iambici,
714 1673 793 1738 quos
823 1654 959 1736 integros
985 1655 1126 1717 exhibent
1156 1655 1305 1719 Stobneus
1328 1651 1392 1713 Flor.

305 1760 418 1836 cxlv,
442 1763 460 1823 7
483 1766 514 1823 et
531 1761 651 1824 niaxim.
673 1781 740 1842 pag.
763 1762 833 1839 759,
854 1761 1013 1824 Memnon
1034 1781 1101 1824 esse
1119 1763 1264 1828 dicentes.
1295 1759 1334 1822 ibi
1353 1777 1393 1820 ιιι-

304 1875 364 1930 tem
385 1869 416 1930 in
437 1869 517 1932 iruuo
544 1869 667 1932 modum
687 1869 876 1933 scribuntur:

484 1973 644 2060 Μακάριος
666 1975 748 2045 ὅστις
769 1975 875 2039 οῦσίαν
898 1975 950 2039 xoi
968 1978 1039 2039 νοῦν
1062 1973 1138 2061 ἔχει,

484 2079 605 2166 Χρῆιαι
626 2081 683 2168 γὰρ
706 2081 806 2159 οὗτος,
829 2083 872 2152 εἰς
894 2083 914 2147 ἃ
937 2085 994 2161 δεῖ,
1019 2082 1114 2168 ταύτῃ
1137 2087 1253 2153 καλῶς.

385 2192 436 2256 dd.
481 2188 542 2274 Γῆς
565 2187 679 2276 ἐπέβην
697 2190 820 2272 γυμνός,
841 2189 954 2275 γυμνός
974 2188 1009 2254 u’
1032 2192 1091 2256 ὑπὸ
1113 2197 1206 2275 γαῖαν
1228 2193 1338 2275 ἄπειμι·

482 2294 542 2362 Καὶ
565 2299 594 2362 τί
613 2299 708 2381 μάτην
731 2299 852 2384 propitii,
874 2301 986 2384 γυμνὸν
1010 2301 1091 2384 ὁρῶν
1114 2300 1148 2364 τὸ
1170 2300 1276 2374 τέλος;

301 2411 336 2474 ln
370 2410 446 2473 God.
478 2407 571 2469 Parui
599 2407 812 2471 sententiarum
843 2407 1238 2474 Pseudodemocrotioarum
1261 2411 1316 2472 iroo
1344 2405 1391 2485 epi-

301 2539 435 2601 gramma
457 2529 529 2598 post
548 2521 674 2577 sentent
688 2515 729 2578 83
751 2515 902 2593 inseritur,
922 2524 956 2580 ut
976 2523 1103 2580 testatur
1122 2519 1260 2582 Orellius
1280 2511 1390 2597 apusol

299 2648 329 2708 p.
338 2629 409 2690 50⁴.
442 2623 483 2687 Aa
495 2623 574 2685 idern
592 2619 740 2685 distichon
760 2623 900 2686 Palladae
919 2625 1084 2706 ascriptum
1106 2634 1204 2690 exstat
1227 2628 1257 2689 iu
1269 2619 1390 2689 Bruuckii

298 2735 434 2800 Analect
453 2734 538 2796 Torn.
558 2733 593 2794 11.
616 2753 645 2812 p.
666 2733 738 2794 dne.

378 2843 429 2906 44.
467 2836 507 2903 ‘0
526 2837 642 2920 κόσμος
663 2837 837 2918 ἀλλοίωσις,
865 2841 882 2904 d
904 2839 969 2925 βίος
986 2839 1137 2926 ὑπόληψις
1167 2845 1334 2906 Democrat.
1352 2856 1389 2914 cp·

300 2947 395 3010 Oreli.
425 2967 454 3010 n.
479 2950 529 3012 85.
578 2949 683 3010 Exstat
718 2948 793 3010 haec
822 2949 969 3012 sententia
1000 2951 1176 3013 Democrati
1202 2949 1329 3030 ascripta
1351 2963 1387 3021 up·

296 3057 433 3120 Marcum
454 3055 638 3120 Antoninum
656 3055 707 3118 lib.
729 3052 773 3118 iV
794 3053 822 3140 §.
846 3058 865 3121 3
888 3059 937 3119 fin.
959 3055 1013 3120 ubi
1034 3057 1094 3121 vid
1116 3059 1258 3122 Gataker.
1299 3055 1323 3116 F
1325 3051 1388 3115 uisse

296 3182 362 3226 eam
384 3163 414 3225 in
436 3164 551 3226 Codice
567 3163 735 3226 Barberino
754 3165 969 3228 sententiarum
985 3167 1267 3230 Democraticarum
1282 3183 1317 3226 er
1329 3157 1387 3222 liol-

296 3270 393 3347 steuii,
416 3271 468 3352 qui
489 3269 574 3334 iilum
593 3272 729 3334 codicem
751 3271 887 3350 contulit,
911 3273 1030 3336 silentio
1052 3275 1204 3355 conjicere
1224 3274 1301 3336 licet.
1338 3261 1386 3330 Sed

296 3397 387 3459 quum
410 3395 477 3438 earn
501 3377 532 3439 in
559 3379 636 3442 God.
659 3378 811 3457 Palatino,
837 3380 888 3463 qui
918 3381 1018 3462 magni
1046 3383 1190 3462 ponderis
1216 3391 1270 3459 est,
1289 3373 1384 3440 deside

294 3484 355 3548 rari
376 3489 503 3548 testetur
530 3487 675 3566 Orellius,
697 3487 881 3572 omninoque
909 3508 972 3551 non
1000 3489 1137 3552 videntur
1165 3489 1231 3552 tieri
1249 3505 1342 3570 posse,
1361 3483 1385 3540 ui

293 3592 501 3671 Democritus,
525 3593 598 3658 iicet
628 3596 773 3658 muudum
798 3596 995 3677 appellaverit
1022 3599 1229 3673 mutationem,
1250 3595 1385 3658 vitante

293 3721 362 3764 men
380 3701 455 3764 nihil
477 3701 536 3766 nisi
554 3703 727 3784 opinionem
750 3723 817 3768 esse
839 3705 958 3781 dixerit,
978 3707 1038 3769 hoo
1058 3705 1172 3768 dictum
1193 3706 1272 3768 iuter
1290 3705 1384 3765 Demo

293 3809 386 3872 critea
406 3827 468 3870 uon
495 3811 673 3892 recepimus
722 3813 877 3894 Siquidem
904 3812 963 3894 ipsi
989 3813 1144 3876 Antonino
1170 3813 1271 3894 potius
1292 3822 1383 3873 conut-

291 3915 336 3978 nit
356 3916 414 3980 hoc
434 3916 562 3996 enatum,
591 3919 640 3981 cui
667 3919 779 3998 passim
807 3921 836 3982 in
866 3939 920 3983 ore
942 3919 1033 3984 suerit
1059 3921 1217 3984 illudaris
1240 3917 1380 3996 ὑπόληψις.

291 4031 342 4086 eut
360 4023 411 4086 alii
431 4024 653 4089 attribuendum
684 4034 730 4090 est
751 4028 927 4091 Democrati
948 4049 1040 4111 quem
1060 4028 1112 4107 ilii,
1136 4047 1226 4112 quem
1245 4017 1380 4090 Democri-

289 4137 352 4194 tum
373 4151 440 4194 esse
461 4131 610 4196 volumus.

371 4240 422 4299 45.
467 4235 538 4321 Θεῷ
566 4237 673 4321 ὅμοιον
704 4238 770 4324 ἔχει
800 4241 1002 4324 ὁᾶνθρωπος
1027 4243 1060 4306 τῦ
1083 4239 1118 4306 εὖ
1138 4247 1248 4318 ποιεῖν,
1268 4239 1331 4304 ὅταν
1350 4227 1375 4292 τὸ
