2892 4872
393 341 478 396 nnn
495 342 515 397 r.
552 341 849 402 nonannoeane.
1140 349 1181 416 73
1291 345 1299 363 “

80 508 108 568 ln
126 513 233 570 tantam
252 509 325 572 tides
343 509 408 572 istis
423 509 528 592 fasque
548 527 638 573 omne
660 511 754 590 deest,
775 511 853 576 adeo
874 519 909 576 ut
930 514 960 591 ii,
984 516 1038 596 qui
1061 523 1180 579 caetera

79 613 189 678 inviro
219 614 272 678 illo
301 619 448 698 probant,
477 617 552 680 haee
580 619 646 697 eJus
679 637 747 682 esse
774 639 869 700 opera
893 622 1072 685 inficientur.
1114 625 1178 687 Sed

78 723 184 786 frustra
232 725 316 788 Hanc
347 727 426 788 enim
452 726 580 788 maxime
606 728 737 791 affixisse
765 729 871 792 animis
900 749 965 792 eam
988 731 1177 794 dulcedinem

78 838 191 894 constat
236 833 423 917 Plenumque
456 834 593 897 miraculi
623 843 654 898 et
683 837 756 914 hoc,
789 837 903 918 pariter
931 845 1073 921 utrasque
1096 847 1177 904 artes

79 937 253 1019 effloruisse,
285 941 463 1004 medicinam
491 941 562 1005 dico
591 943 805 1027 magicenqne‚
837 945 943 1008 eadem
973 951 1069 1009 aetate
1097 947 1179 1009 illam

77 1045 260 1128 Hippocrate,
287 1051 366 1112 banc
390 1051 568 1113 Democrito
595 1050 824 1130 illustrantibus,
846 1054 927 1116 cirea
946 1053 1183 1146 Peloponnesia3

78 1175 137 1217 cnm
158 1157 304 1220 Graeciae¹
332 1157 464 1234 bellum,
495 1157 578 1239 qnod
602 1157 719 1240 gestum
746 1165 793 1222 est
812 1181 831 1222 a
851 1161 931 1225 CCC
953 1163 1037 1225 urbis
1058 1171 1179 1226 nostrae

75 1265 176 1329 aano.''
228 1267 315 1328 Nihil
337 1285 468 1348 unquam
495 1267 594 1328 minus
621 1285 694 1330 vere
722 1287 812 1349 quam
844 1269 919 1332 baec
950 1272 1042 1334 verbo
1064 1272 1179 1334 Plinius

74 1371 191 1452 scripsit
228 1373 339 1457 Neque
371 1375 451 1436 enim
473 1375 681 1438 Democritum
709 1373 818 1453 solum,
840 1376 895 1439 sed
917 1376 1073 1442 Platonem
1105 1400 1180 1463 quo-

74 1495 139 1560 que,
165 1481 404 1562 Empedoclem,
436 1485 637 1565 Pythagoram
669 1483 748 1546 inter
774 1503 880 1564 magos
908 1487 1084 1550 numeravit
1133 1489 1179 1549 Ao

74 1595 198 1653 caeteros
219 1590 343 1673 quidem
363 1591 394 1652 in
415 1610 559 1672 praesens
588 1591 768 1668 omittamus,
788 1593 997 1657 Democritum
1020 1600 1120 1657 antem
1141 1595 1178 1657 ab

73 1697 144 1758 omni
164 1697 391 1778 superstitione,
415 1700 498 1762 omni
519 1700 590 1763 fuco
615 1700 814 1782 omnibusque
836 1701 962 1764 fallaciis
975 1702 1178 1780 abhorruisse,

73 1804 146 1868 testis
165 1809 231 1886 ejus
252 1807 448 1888 philosophia
471 1815 528 1885 est,
558 1809 642 1872 testis
672 1809 761 1872 etiam
780 1808 832 1870 illa
853 1809 1088 1889 fragmentorum
1109 1811 1177 1872 coh-

73 1909 147 1996 λογῇ,
164 1936 252 1999 quam
273 1916 343 1978 huic
362 1916 449 1996 operi
470 1916 661 1980 inseruimus.
700 1915 819 1998 Quodsi
843 1916 909 1998 quis
932 1925 978 1980 est
998 1919 1178 1982 interGrae-

73 2038 167 2084 corum
188 2024 392 2104 philosophos
425 2024 477 2106 qui
509 2023 583 2087 odio
606 2025 745 2088 habuerit
766 2024 887 2087 fallaces
906 2045 1063 2106 magorum
1084 2027 1179 2089 caeri-

72 2130 175 2194 monias
196 2152 366 2214 eorumque
387 2131 576 2212 glaucomata
596 2139 626 2194 et
647 2133 833 2214 praestigiae,
852 2133 933 2195 hunc
952 2135 1098 2215 imprimis
1118 2139 1178 2196 De

72 2240 219 2302 mocritum
250 2239 348 2302 fuisse
380 2241 526 2303 existimo.
576 2240 639 2303 Sed
661 2261 753 2323 quum
775 2241 846 2303 inde
869 2262 887 2303 o
910 2241 1028 2304 Claudii
1047 2245 1178 2323 impera-

73 2345 137 2408 toris
154 2353 295 2430 tempore
319 2349 418 2429 magio
447 2367 503 2430 per
528 2348 688 2428 imperium
715 2351 886 2412 Romanum
911 2369 1017 2430 rrragna
1043 2352 1177 2433 quotidie

73 2448 242 2520 incrementa
269 2456 463 2538 eaperet²⁴),
492 2477 555 2519 non
586 2457 761 2521 dubitabant
786 2459 920 2538 magicae
941 2459 1054 2522 fraudis
1075 2460 1177 2520 defen-

72 2577 147 2625 sores
174 2566 212 2628 ad
233 2565 448 2629 auctoritatem
473 2566 501 2627 ei
525 2585 614 2648 quam
635 2567 855 2647 profitebantur
877 2565 1054 2645 disciplinae
1076 2567 1178 2629 conci-

73 2665 191 2734 liandam
215 2673 351 2756 antiquis
378 2674 590 2754 philosophiae
617 2675 794 2737 auctoribus
825 2693 919 2754 opera
950 2673 1067 2754 magica
1086 2673 1179 2751 subji-

74 2795 143 2842 cere.
186 2788 294 2865 Quare
327 2779 416 2844 Plinii
445 2788 542 2845 aetate
567 2781 717 2846 subditiva
751 2781 925 2844 ferebantur
958 2780 1105 2861 opuscula
1140 2781 1179 2842 ad

72 2885 271 2954 Democritum
297 2896 455 2953 auctorem
485 2911 503 2953 a
533 2891 758 2972 subjectoribus
784 2890 896 2964 relata,
927 2909 1005 2971 quae
1029 2905 1179 2951 unacum

73 2991 130 3055 diis
147 2997 203 3059 sub
223 2998 297 3061 libri
325 2999 451 3061 secundi
478 3001 568 3062 finem
597 2999 831 3062 recensebimus.
882 2997 929 3059 Ex
954 2997 1000 3060 his
1020 2995 1178 3078 opusculis

73 3098 175 3167 Plinius
202 3107 296 3169 variis
313 3107 467 3170 ‘historiae
500 3108 645 3170 naturalis
674 3106 751 3170 locis
777 3107 869 3184 mira,
891 3105 1087 3182 incredibilia,
1108 3123 1179 3184 por-

73 3213 178 3274 tentosa
198 3215 228 3276 in
252 3216 384 3278 modium
407 3217 531 3296 profert,
558 3236 634 3297 qnae
658 3216 871 3277 aDemocrito
894 3215 1007 3295 scripta
1028 3231 1094 3276 esse
1114 3214 1179 3290 jam

72 3331 151 3382 uerno
179 3321 359 3402 credet²⁵).
407 3325 523 3387 florum
551 3325 691 3386 locorum
720 3322 887 3386 nonnullos
921 3343 991 3385 cum
1020 3319 1110 3383 Gellii
1140 3319 1178 3380 de

73 3423 112 3486 his
142 3431 231 3494 rebus
253 3431 371 3508 judicio
406 3433 580 3494 memorabo
611 3431 661 3494 lib.
682 3433 710 3493 ll
743 3432 774 3494 in
805 3431 988 3512 explicando
1022 3428 1111 3492 titulo
1137 3429 1174 3490 31

74 3529 161 3599 hirini
179 3539 249 3624 cepi
273 3540 379 3614 ζώωνς
400 3541 510 3603 caeteri
530 3541 612 3622 apud
633 3540 733 3620 ipsum
754 3540 882 3602 Plinium
902 3540 1049 3620 legantur.
1084 3537 1175 3596 Proe-

74 3641 145 3707 ciare
165 3667 239 3711 vero
256 3647 374 3712 Gellius
395 3648 549 3727 intellexit,
573 3648 731 3729 deceptum
753 3648 846 3710 fnisse
868 3646 1013 3710 naturalis
1034 3643 1178 3707 historiae

77 3753 253 3818 conditorem
281 3757 392 3818 libellis
418 3757 634 3838 supposititiis3
668 3777 762 3839 quare
788 3757 824 3818 iis
851 3776 928 3838 quae
950 3776 987 3818 ex
1007 3751 1106 3816 Plinio
1129 3771 1180 3813 ex-

76 3863 177 3938 cerpsit
196 3866 269 3928 haec
291 3865 424 3948 adjungit
447 3866 555 3928 verbo:
583 3866 694 3942 „multa
717 3871 816 3927 autem
834 3863 974 3927 videntur
996 3863 1034 3926 ab
1053 3860 1179 3923 homini-

79 3989 269 4010 u-—n—-n

137 4061 173 4124 ¹⁴)
194 4063 249 4114 vid.
269 4063 439 4114 Tiedcmann.
459 4064 558 4128 disput.
577 4066 611 4117 da
638 4066 736 4116 artium
753 4065 916 4129 magicarum
942 4063 1043 4126 origine
1063 4063 1090 4112 et
1108 4071 1178 4124 pro-

78 4145 216 4202 negatione.
251 4143 386 4208 hfnrburgi
407 4142 481 4206 1787,
501 4143 518 4195 t
536 4161 595 4212 pag.
614 4143 649 4198 65
658 4161 732 4212 seqq.

140 4233 179 4298 ¹²)
197 4237 313 4287 Credidit
331 4237 394 4286 oiim
415 4239 560 4291 Salmasius
581 4241 693 4292 Exercit.
713 4239 775 4288 Ptin.
796 4239 822 4287 in
849 4238 902 4300 Caj.
923 4236 971 4286 lul.
996 4233 1077 4286 Solini
1096 4231 1181 4295 Poly-

77 4307 129 4362 ''Pb
146 4313 211 4378 ΤΗΙ·
230 4319 264 4368 nd
285 4317 329 4368 nh.
348 4315 417 4372 1689
436 4333 494 4382 pag.
513 4316 553 4371 69.
