2892 4872
255 331 296 396 76
581 330 777 394 Quaestionum
808 329 1040 387 Democriteamor

255 501 326 564 tiam
347 501 468 580 scripta.
515 496 761 578 Amelesagoram
782 497 824 560 ait
845 497 981 560 medicus
1003 499 1109 562 codic
1131 500 1287 581 appulisse
1308 521 1378 582 quio

255 612 332 672 leste
361 629 417 690 per
444 613 537 670 totam
565 608 702 668 Goorum
732 606 858 668 insulam
888 605 1046 669 celebritas
1067 615 1156 686 esset,
1181 629 1276 689 quum
1297 628 1377 668 voro

255 738 293 780 ex
313 716 415 778 verbis
442 715 507 793 ejus
534 715 678 797 mdtuque
704 713 893 794 brielligeret,
927 714 1078 776 bominem
1099 716 1307 797 gravissimum
1333 715 1377 776 ob

255 827 409 906 negotium
436 822 569 900 venisse,
600 823 682 905 quod
714 821 929 901 procrastinari
958 841 1020 884 nou
1048 831 1162 902 posset,
1194 825 1305 904 legisse
1341 844 1377 888 sc

256 935 354 996 statim
376 930 485 1013 populi
510 930 686 993 Abderitaui
715 928 882 1009 epistolam.
927 931 960 991 br
981 950 1018 992 ea
1037 931 1095 992 sibi
1116 931 1253 993 mirabile
1272 931 1376 993 visum

256 1061 323 1104 esse
346 1043 447 1117 refert,
475 1040 559 1123 quod
585 1039 623 1101 dc
649 1037 738 1100 unius
760 1035 890 1098 hominis
913 1037 1009 1100 saletto
1030 1047 1095 1101 tota
1116 1039 1221 1101 civitas
1241 1039 1376 1101 sollicita

256 1150 305 1225 sit,
324 1148 409 1230 qnasi
428 1167 518 1210 neruo
540 1155 660 1228 praeter
678 1146 757 1206 bunc
787 1146 817 1206 in
839 1164 875 1206 ea
896 1146 1066 1228 reperiatur
1088 1148 1249 1228 laudatque
1271 1146 1376 1208 Abde-

255 1259 379 1320 ritarum
409 1257 439 1317 in
458 1253 665 1318 Democritum
694 1252 934 1316 benevolentiam
964 1261 1053 1337 atque
1083 1275 1138 1318 eos
1157 1257 1265 1318 beatos
1287 1275 1375 1336 pirae

256 1366 350 1440 dicut,
381 1365 450 1447 qnia
477 1383 540 1426 nou
568 1371 684 1438 turres,
711 1382 772 1424 uon
801 1361 928 1438 moenia,
949 1363 1004 1424 sed
1025 1365 1219 1445 prudentium
1234 1364 1375 1424 virorum

256 1471 383 1534 consilia
403 1471 522 1534 urbium
545 1489 613 1532 esse
633 1469 862 1551 propugnacula
886 1470 992 1533 sciant.
1038 1469 1080 1532 At
1099 1491 1174 1534 vero
1193 1479 1274 1532 artes
1299 1471 1375 1531 deo

256 1599 324 1642 rum
350 1597 418 1640 csse
438 1599 564 1641 nrunora
592 1577 729 1652 credens,
757 1577 893 1640 homiues
923 1585 1023 1641 autem
1054 1585 1180 1642 uratrnae
1207 1599 1311 1660 opera,
1335 1581 1373 1639 ab

255 1687 323 1768 ipsa
339 1693 446 1750 natura
466 1687 505 1750 ad
528 1686 767 1750 conservandum
789 1687 847 1748 boc
871 1687 935 1764 ejus
957 1707 1045 1767 apua,
1071 1707 1134 1750 non
1160 1687 1197 1748 ab
1218 1685 1374 1748 Abderitis

255 1815 290 1858 sa
311 1796 416 1857 vocari
437 1796 640 1877 Hippocrates
669 1794 826 1856 existimat„
877 1792 971 1856 Addit
991 1803 1148 1876 praeterea
1170 1796 1264 1876 gratis
1287 1797 1373 1857 iaeti-

255 1904 376 1967 taudmu
403 1924 471 1967 esse
499 1905 677 1968 medicinam
698 1902 849 1983 longaque
871 1901 1072 1982 disputatione
1094 1905 1236 1966 Abderae
1255 1904 1372 1966 ciuibus

256 2013 389 2094 exponit,
413 2012 498 2076 nullo
519 2019 609 2093 pacto
629 2011 814 2073 commoveri
839 2029 872 2072 se
892 2029 994 2090 posse,
1023 2016 1056 2072 ut
1081 2019 1207 2092 accepta
1229 2013 1372 2074 mercede

256 2142 294 2184 ex
316 2123 483 2184 amicorum
504 2119 619 2181 morbis
640 2119 774 2181 ditescat
813 2117 932 2201 Quodsi
955 2118 1022 2180 sola
1041 2119 1211 2182 divitiarum
1230 2141 1373 2182 accerum-

254 2231 413 2292 landarum
437 2228 601 2309 cupiditate
624 2227 753 2301 arderet,
774 2227 863 2306 btrjurs
886 2228 1051 2308 explendae
1071 2229 1263 2292 occasionem
1289 2230 1372 2308 apud

257 2340 364 2402 Persas
384 2357 417 2400 se
440 2335 609 2398 habiturum
631 2335 733 2412 luisse,
758 2335 797 2396 ad
817 2354 894 2416 qnos
916 2335 1039 2398 salutari
1058 2341 1122 2398 arte
1135 2337 1288 2415 juvandos
1311 2359 1373 2399 nra-

256 2447 343 2510 nimis
365 2444 506 2526 praemiis
525 2443 690 2522 propositis
719 2444 757 2504 ab
777 2445 944 2505 Artaxerxe
968 2444 1108 2508 invitatus
1129 2451 1217 2506 esset.
1262 2447 1372 2508 Utcun-

256 2573 315 2637 que
337 2553 429 2634 igitur
447 2573 497 2614 res
518 2573 551 2614 se
573 2551 697 2628 babeat,
725 2571 759 2614 ae
787 2551 824 2613 ad
856 2551 1062 2614 Democritum
1085 2552 1148 2614 sive
1165 2561 1370 2633 aegrotantem

256 2663 330 2740 sive,
351 2661 433 2744 quod
462 2667 546 2741 optet
576 2679 638 2722 non
662 2665 868 2739 aegrotantem
887 2660 968 2736 (beri
990 2661 1068 2721 enim
1089 2681 1190 2741 posse,
1214 2671 1249 2723 nt
1271 2663 1373 2724 Abde-

257 2772 330 2833 ritae
351 2770 505 2850 lallantur)
526 2768 594 2830 vela
618 2787 685 2830 esse
706 2770 854 2830 daturum.
896 2767 1028 2830 Tertiam
1053 2767 1112 2850 ³⁰),
1142 2773 1231 2849 cujus
1254 2772 1301 2833 bic
1322 2773 1372 2833 ba-

256 2877 355 2940 beuda
375 2877 526 2958 estpatio,
548 2875 707 2956 epistolam
731 2877 932 2957 llippocrates
954 2877 1074 2940 dedisse
1096 2879 1225 2940 traditur
1244 2880 1282 2942 ad
1303 2882 1373 2942 Poi-

255 2987 467 3070 lopoemenem
499 2983 690 3062 Abderitam,
721 3005 852 3067 quocum
881 2990 967 3046 veturs
995 2984 1022 3046 ei
1052 2985 1216 3066 hospitium
1246 2989 1374 3050 biterne-

257 3097 351 3158 deret.
397 3095 493 3173 liujus
517 3091 663 3173 epistolae
685 3092 770 3155 initio
790 3092 896 3172 paucis
918 3093 1018 3156 verbis
1037 3096 1134 3157 amico
1157 3094 1315 3174 signifieat,
1339 3117 1373 3158 se

256 3224 275 3266 a
293 3204 400 3282 legatis
420 3203 458 3264 ad
479 3200 648 3264 reddendas
666 3201 878 3264 Abderitarum
898 3201 1083 3282 reipublicae
1107 3202 1221 3264 litteras
1241 3204 1270 3265 in
1290 3207 1373 3266 Coo-

257 3331 324 3371 rum
349 3309 477 3373 bustulam
507 3309 651 3389 proiectis
683 3311 777 3392 ipsius
805 3333 926 3396 sputoque
949 3311 1106 3393 epistolam
1126 3311 1291 3391 accepisse,
1315 3333 1374 3394 qua

257 3419 296 3480 ob
319 3417 501 3498 promissum
529 3416 692 3496 hospitium
721 3427 917 3504 caeterasque
940 3439 988 3482 res
1010 3419 1050 3481 ad
1072 3420 1163 3482 vitam
1186 3423 1373 3482 necessarius

256 3525 344 3587 valde
371 3525 499 3586 laetatus
529 3522 575 3584 sit
626 3526 743 3588 lleinde
769 3548 831 3591 non
861 3527 1030 3590 dissimulat
1064 3529 1268 3608 suspicionem
1295 3551 1373 3611 quac

258 3631 401 3715 perlectis
428 3629 641 3692 Abderitarum
671 3633 778 3697 litteris
807 3636 865 3716 ipsi
886 3635 995 3715 inJecta
1017 3643 1106 3713 esset,
1128 3636 1240 3698 nullam
1260 3639 1291 3699 in
1314 3639 1375 3700 De-

258 3741 389 3804 mocrito
423 3756 490 3800 esse
523 3738 681 3816 insaniam,
715 3743 770 3803 sed
804 3743 944 3806 eximium
969 3745 1122 3826 quoddam
1148 3745 1239 3807 animi
1270 3748 1376 3824 robur,

258 3850 371 3932 quippe
392 3847 445 3931 qui
473 3865 572 3927 noque
600 3847 765 3912 liberorum
790 3871 889 3932 neque
921 3853 1026 3914 uxoris
1053 3871 1151 3936 neque
1174 3863 1375 3935 cognatorum

258 3978 356 4040 neque
387 3955 431 4018 rei
458 3955 612 4018 familiaris
638 3977 738 4040 neque
768 3960 943 4041 cujusquam
972 3961 1096 4023 ounrtino
1127 3983 1230 4024 curam
1257 3967 1376 4042 babeat,

258 4066 312 4128 sod
333 4064 397 4126 dies
426 4071 591 4146 noctesque
616 4065 702 4128 solus
725 4067 755 4127 in
785 4067 878 4129 antris
897 4068 1075 4152 plerumque
1098 4091 1133 4132 ac
1161 4070 1376 4138 solitudinibus

331 4300 370 4364 ³⁰)
390 4313 448 4364 pag.
471 4297 536 4352 tato
556 4301 629 4352 Tom.
649 4295 671 4352 11
692 4301 732 4352 ed.
752 4302 826 4354 Pecs.
844 4303 910 4368 (pag.
934 4302 982 4356 781
1006 4307 1079 4360 Toni.
1099 4301 1133 4360 lll
1152 4309 1193 4360 ed.
1212 4309 1308 4373 Koba.)
