2938 4864
346 309 431 366 Liber
451 309 506 405 lll.⁸
538 309 609 366 Ado.
625 309 661 366 ad
681 308 760 366 um.
779 327 823 383 op.
843 311 937 385 hagor.
1135 313 1200 379 337

81 500 149 561 cap.
175 479 216 543 δδ
236 475 404 540 Democriti
421 475 596 538 sententiam
620 475 665 538 his
686 476 788 538 verbis
809 476 942 557 attingit:
963 477 1024 556 „lit
1041 481 1199 544 mehercu-

80 588 137 665 les,
159 587 186 648 si
207 587 266 649 hoc
280 585 350 648 totis
370 584 511 646 membris
528 603 743 664 premeremus,
765 583 791 647 si
809 585 840 646 iu
862 585 921 648 hoc
933 587 1077 664 juventus
1096 589 1199 652 sobria

80 693 278 770 incumberet,
291 695 351 756 hoc
375 693 504 770 majores
527 692 681 766 docerent,
702 691 760 753 hoc
775 691 907 754 inhaeres
928 693 1129 770 addiscerent,
1144 698 1198 758 υνὶτ

79 803 126 864 ad
135 802 284 884 fundum
307 802 476 875 tenuetur,
506 802 541 860 ι’νν
571 818 629 880 quo
658 799 774 860 ueritas
797 802 904 879 positu
931 808 982 877 est,
1005 821 1093 883 quarn
1116 821 1197 866 nunc

79 911 113 972 in
132 929 249 973 sumum
268 915 347 971 terra
368 915 398 970 et
417 908 476 970 levi
498 927 587 968 nimiu
610 904 808 990 quaerimus.’'

166 1019 195 1080 6.
240 1017 344 1098 Vulgo
374 1017 422 1078 hic
449 1015 561 1096 legitur
589 1015 651 1077 dciv
675 1011 735 1076 άπδ
765 1013 878 1081 παντὸς
906 1023 963 1078 etc.
997 1017 1056 1079 hoc
1089 1037 1194 1082 scrrsu:

79 1123 276 1205 oporterent
302 1133 476 1187 atomorum
499 1123 662 1184 corianam
684 1122 884 1182 pneumate
905 1121 1028 1203 (mrrltm
1048 1126 1086 1187 ad
1110 1147 1195 1189 mirri-

79 1235 152 1294 dum
168 1232 386 1313 generandum)
409 1231 574 1311 segregari.
617 1229 680 1291 Sed
699 1229 943 1310 praeoptavimus
961 1232 1099 1314 vulgatae
1122 1236 1195 1296 sori-

80 1348 188 1422 pturae
213 1339 409 1403 lleimsoethii
442 1342 647 1418 conjecturam
681 1356 711 1416 p.
741 1338 781 1399 29
815 1336 1022 1417 propositam,
1055 1342 1106 1422 qui
1136 1363 1194 1422 pro

80 1448 144 1510 dciv
166 1447 319 1510 substituit
350 1447 429 1529 δίνῃ.
480 1446 538 1508 Cui
569 1443 858 1508 emendatiouinon
889 1443 988 1508 obstat
1008 1449 1091 1530 quod
1113 1451 1194 1532 apud

79 1556 270 1636 Simplicium
298 1556 488 1635 subjungitur
509 1557 576 1622 πῶς
598 1550 632 1614 δὲ
655 1549 706 1611 καὶ
729 1550 787 1613 ὑπὸ
808 1549 887 1616 τίνος
910 1551 1007 1619 αἰτίας
1030 1554 1070 1636 μὴ
1095 1555 1192 1638 λέγω

77 1664 227 1745 siquidem
245 1683 308 1725 non
336 1662 439 1724 mundi
463 1659 585 1736 conditi,
619 1659 674 1721 scd
701 1659 782 1720 illius
806 1657 995 1720 turbulentae
1022 1669 1192 1726 alcinonun

77 1770 290 1834 concursionis
318 1789 438 1832 causam
460 1767 633 1830 Aristotelis
659 1765 808 1846 interpres
831 1766 965 1848 requirit
1009 1770 1101 1849 Quod
1123 1771 1192 1832 reli-

75 1899 170 1962 quum
190 1865 244 1954 est,
264 1897 326 1939 non
354 1876 494 1957 improbo
524 1873 694 1951 lectionem,
719 1893 809 1956 quam
834 1874 1016 1955 exemplaris
1046 1878 1093 1940 sui
1115 1899 1192 1940 inar-

76 1986 139 2068 gini
160 1985 299 2066 ascripsit
312 1985 475 2061 Victorius,
498 1986 552 2044 τοῦ
574 1973 695 2049 acarde.
740 1982 900 2044 Praeterea
920 1980 1002 2050 εἶδος
1020 1990 1191 2048 atomorum

76 2113 187 2156 nomen
209 2113 226 2154 a
248 2093 351 2173 liguris
371 2099 502 2154 sumtum
522 2088 593 2152 alibi
615 2109 634 2150 a
654 2110 702 2151 uie
725 2089 895 2169 expositum
912 2099 966 2153 est.

163 2203 192 2262 7.
233 2199 268 2260 ln
291 2198 392 2260 verbis
415 2199 526 2280 δυνάμι
549 2204 579 2258 et
601 2196 737 2279 ἐνεμγείῃ
762 2197 921 2260 ionismum
948 2198 1116 2262 alibrariis
1137 2203 1190 2262 ch-

74 2309 227 2370 literatum
247 2305 373 2369 restitui.
417 2305 470 2367 Est
489 2311 587 2368 autem
609 2305 657 2366 hic
679 2302 766 2366 locus
785 2304 967 2381 testimonio,
991 2325 1091 2367 rernm
1113 2327 1190 2388 quac

74 2415 126 2478 vel
144 2414 272 2496 δυνάμει
295 2413 343 2474 vel
374 2411 511 2495 ἐνεργείᾳ
534 2419 605 2476 srurt
631 2411 800 2489 discrimen,
828 2413 915 2491 cujus
942 2431 1032 2493 saepe
1056 2413 1190 2476 meminit

74 2521 265 2598 Aristoteles,
293 2542 312 2582 a
333 2519 509 2583 Democrito
532 2539 599 2582 esse
622 2519 784 2581 inventum.

160 2629 189 2692 8.
233 2628 399 2690 Democriti
426 2627 518 2689 verba
537 2648 556 2690 a
575 2625 736 2688 Plutarcho
753 2633 872 2689 servata
892 2627 1103 2708 interpretatur
1122 2625 1191 2690 Ari-

73 2735 200 2799 stoteles
217 2735 345 2816 metaph.
365 2735 416 2797 lib.
436 2737 458 2811 l,
481 2736 517 2796 d:
546 2734 592 2797 διδ
620 2732 671 2795 καὶ
699 2731 791 2795 οὐδὲν
815 2733 932 2815 μᾶλλον
958 2733 991 2794 rh
1016 2731 1049 2794 δν
1069 2736 1124 2795 rori
1146 2735 1186 2817 μὴ

74 2841 163 2910 ὄντος
186 2841 267 2905 εἶναί
295 2863 371 2927 φασι
398 2839 586 2923 (Λεύκιππος
611 2839 662 2902 καὶ
692 2837 850 2924 δὲταῖρυς
871 2837 964 2900 abaci
986 2837 1189 2924 Δημόκριτος)

74 2949 123 3012 ὅτι
147 2947 222 3012 οὐδὲ
243 2949 277 3012 rb
300 2949 387 3010 aevhv
411 2953 466 3011 τοῦ
496 2949 647 3030 σώματος.

160 3059 188 3119 9.
232 3057 288 3119 Ηίο
315 3056 400 3118 Sexti
430 3055 518 3118 locus
552 3055 613 3118 duo
651 3055 785 3118 continet
818 3054 985 3116 Democriti
1015 3056 1188 3134 fragmenta.

71 3167 172 3228 Unum
195 3170 241 3225 est
261 3164 335 3224 τάδε
359 3162 441 3246 λέγω
463 3162 533 3244 περὶ
555 3167 615 3224 τῶν
645 3161 834 3245 ξυμπάντων,
866 3181 943 3243 quae
965 3162 1057 3224 verba
1078 3161 1188 3224 Cicero

71 3271 159 3334 acad
178 3271 212 3348 D,
235 3272 275 3333 23
304 3271 394 3334 vertit
419 3270 495 3332 haec
515 3271 623 3350 loquor
651 3270 688 3332 dc
715 3269 874 3332 uniamus.
917 3269 961 3331 lta
981 3269 1189 3332 Democritum

71 3399 179 3442 orsum
200 3379 293 3440 luisse
318 3397 460 3460 cingnum
483 3377 679 3440 Diacosmnm
707 3375 866 3457 probabile
892 3395 958 3438 esse
988 3377 1118 3440 diximus
1141 3397 1187 3440 sn-

71 3506 137 3568 pra,
161 3485 213 3548 ubi
235 3484 273 3546 de
296 3485 349 3548 illo
371 3503 465 3565 opere
489 3484 613 3565 egimus.
658 3483 822 3565 Quomodo
850 3503 868 3544 a
888 3482 962 3545 viris
985 3483 1082 3546 doctis
1105 3483 1190 3546 intcl·

70 3593 183 3673 ligatur
202 3590 278 3654 illud
305 3589 585 3674 παρειναζδμενυς,
600 3593 665 3672 jam
689 3591 860 3672 expositum
883 3595 929 3652 est
951 3591 982 3652 in
1001 3591 1189 3671 praelatione

69 3699 143 3760 libri
163 3699 289 3762 secundi
310 3699 378 3762 adn.
405 3701 432 3762 l.
475 3699 623 3779 Superest
645 3699 704 3760 alia
729 3697 907 3778 explanandi
924 3697 1012 3774 ratio,
1033 3717 1122 3780 quarn
1142 3699 1190 3760 hic

69 3807 212 3886 proferre
230 3825 293 3868 non
316 3806 373 3868 erit
400 3805 514 3868 inutile.
558 3810 658 3888 Quum
683 3809 793 3870 Sextus
820 3825 881 3868 una
904 3825 974 3866 cum
994 3803 1120 3866 caeteris
1139 3803 1190 3886 qni

70 3913 200 3975 eandem
228 3911 419 3994 disciplinam
448 3913 668 3993 profitebantur
697 3912 769 3973 nihil
796 3911 870 3974 certi
894 3929 961 3974 esse
981 3916 1126 3972 statueret
1149 3915 1191 3970 at·

69 4039 131 4100 que
161 4038 180 4080 a
207 4019 300 4082 rebus
330 4019 454 4082 incertis
484 4019 689 4082 assensionem
713 4018 876 4095 cohiberet,
899 4018 1017 4080 videtur
1036 4017 1096 4078 hoc
1120 4016 1191 4078 loco

69 4127 281 4188 Democritum
305 4133 436 4204 notasse,
460 4125 512 4208 qui
539 4127 577 4188 de
609 4146 709 4189 rerum
733 4125 938 4200 universitate,
960 4145 1050 4206 quam
1071 4131 1192 4204 praeter

66 4233 179 4296 Jovem
201 4235 305 4296 mnndi
327 4233 468 4314 opificem
496 4251 585 4296 nemo
617 4233 689 4296 satis
720 4237 833 4310 nosset,
859 4231 1013 4313 disputare
1039 4237 1120 4294 esset
1140 4251 1192 4294 au-

901 4343 942 4402 92
