2984 4876
254 287 321 354 248
581 289 778 352 Quaestionum
796 287 1028 344 Democriteum

257 456 309 518 καὶ
330 453 445 541 ὄρθρου
469 456 559 518 πάλιν
592 455 798 539 ἀπορήσαντα
818 455 872 540 τὴν
894 457 961 539 γῆν,
980 455 1032 519 καὶ
1050 459 1111 520 τῶν
1135 457 1272 542 βοτανῶν
1293 456 1372 542 ἀρε-

173 561 351 646 γ,45,λύντα
371 562 507 647 πραέως,
528 563 717 650 ἀναστρέψαι
737 564 772 627 τὸ
795 563 916 646 ἀγγεῖον
938 563 989 627 καὶ
1009 569 1180 628 κατανοεῖν.
1219 561 1293 629 Ἐὰν
1311 565 1365 648 γὰρ

261 670 319 734 ὦσι
336 670 442 754 πηγαί,
463 670 509 748 τό,
529 694 562 734 τε
580 671 661 756 ἔριον
684 671 824 756 εὑρήσεις
844 672 959 754 πλῆρες
981 671 1102 748 ύδατος,
1118 671 1169 734 καὶ
1188 671 1222 735 τύ
1247 670 1365 756 ἀγγεῖον

261 779 370 860 μεστὸν
392 777 619 862 πομφολύγων·
646 779 786 862 συνήσετε
817 779 853 842 δέ
874 779 925 841 καὶ
945 777 1035 841 ποῖόν
1059 802 1086 842 τι
1109 781 1144 843 τύ
1168 779 1251 864 ὕδωρ
1276 779 1366 862 tcap-

175 897 322 970 proper,
343 889 399 949 τοῦ
419 885 658 954 ἀποπιεσύέντος
687 885 721 949 ἐκ
741 891 795 950 τού
826 887 957 971 μαλλού“
976 887 1175 972 γευσάμενος.
1216 883 1367 972 ,Εύρήσιις

261 992 365 1078 μέντοι
383 993 418 1056 τύ
450 991 638 1056 ἀτοπιεσθὲν
669 993 703 1056 ἐκ
731 999 786 1058 τού
814 997 934 1077 μαλλού
969 993 1153 1078 γλυκύτερον
1177 999 1231 1078 τῆς
1259 997 1367 1079 πηγῇς,

175 1116 250 1187 μα
262 1101 313 1166 διὰ
334 1100 368 1165 τὸ
398 1099 677 1185 λεπτομερέστατον
708 1101 759 1164 καὶ
787 1100 996 1187 ἐλαφρότατον
1023 1101 1263 1184 ἅναύομιᾶαύαι.
1306 1098 1369 1165 Καὶ
1483 1101 1484 1106 ’

258 1210 328 1295 περὶ
368 1209 423 1293 μὲν
459 1209 682 1293 ύδροσκοπικῆς
714 1208 874 1294 αὐτάρκως
909 1209 1036 1295 εἴρηται.
1091 1211 1231 1292 Geopon.
1263 1212 1313 1276 lib,
1340 1212 1368 1273 ll

260 1338 326 1400 cap.
349 1319 399 1380 Vl

345 1429 373 1491 3.
414 1425 591 1510 Ἀγίγαρτον
615 1428 771 1512 σταφυλήν
794 1448 870 1494 τινες
891 1425 972 1489 ούτω
998 1429 1131 1490 ποιοῦσι.
1172 1423 1236 1490 Τοῦ
1254 1427 1370 1510 κλήμα·

259 1555 311 1603 τος
339 1533 504 1617 μέλλοντος
541 1533 729 1618 φυτεύεσθαι
758 1538 904 1598 τοσούτου
942 1533 1035 1616 μέρος
1063 1533 1135 1598 ὅσον
1166 1535 1209 1603 εἰς
1234 1534 1286 1617 τὴν
1312 1537 1371 1618 γῆν

262 1641 410 1726 μέλλουσι
445 1639 693 1725 καταχωννύναι,
733 1645 879 1704 τοσοῦτον
912 1640 1078 1726 ἠρέμαέξ
1117 1640 1184 1704 ἴσου
1213 1641 1373 1726 σχέσαντες
1483 1709 1484 1722 γ

261 1749 354 1825 adad,
382 1749 569 1833 ὠτογλυρίδι
595 1748 648 1830 τὴν
680 1748 858 1832 ἐντεριώνην
888 1748 1113 1834 λαμβάνουσιν,
1140 1747 1205 1812 εἶτα
1226 1750 1373 1835 παττυρίιρ

259 1857 342 1942 ὑγρῷ
363 1859 580 1942 περιδήσαντες
607 1857 826 1919 κατατίθενται.
877 1853 1011 1919 Κάλλιον
1043 1855 1088 1932 δέ,
1116 1856 1144 1918 εἰ
1167 1855 1239 1920 ὅλον
1260 1857 1294 1920 τὸ
1319 1855 1372 1940 μέ-

259 1985 313 2047 ρος
333 1967 387 2026 τού
415 1965 570 2050 κλήματος
595 1964 629 2027 τὸ
660 1963 708 2026 ἐπὶ
735 1968 788 2047 τῆς
812 1968 867 2046 γῆς
893 1963 1141 2046 κατατιθέμενον,
1169 1964 1292 2046 σκέλλιγς
1320 1962 1372 2046 έμ-

261 2069 427 2155 pluteum
461 2071 659 2154 κατατεύεέγ,
687 2072 764 2155 πρὸς
788 2071 847 2154 γὰρ
873 2075 912 2154 τῇ
942 2070 1032 2155 φύσει
1066 2073 1116 2134 καὶ
1145 2075 1185 2155 τῇ
1213 2072 1373 2155 ἑνώσειὴ

261 2177 369 2241 σκίλλα
400 2179 618 2264 συμβάλλεται.
660 2176 772 2242 'Altior
798 2179 833 2242 δὲ
863 2178 957 2247 αὐτὰς
978 2178 1032 2247 τὰς
1058 2177 1216 2262 ἀμπέλους
1235 2179 1288 2248 τὰς
1309 2177 1375 2263 ἤδη
1483 2193 1484 2218 l

258 2285 519 2372 καρποφορούσας
546 2285 689 2371 τέμνουσι
722 2285 773 2350 καὶ
802 2286 989 2372 ὠτογλυιρίδι
1018 2289 1073 2349 τού
1099 2289 1375 2372 καρποφορούντος

259 2505 399 2568 ciendum
420 2513 477 2582 est,
498 2525 582 2568 mane
602 2525 675 2568 vero
697 2523 803 2567 rursus
825 2513 907 2568 terra
920 2507 1074 2569 auferatur
1095 2512 1126 2568 et
1146 2506 1246 2568 herbis
1263 2505 1376 2567 leniter

259 2615 367 2678 amotis
390 2635 443 2676 vas
466 2613 631 2677 invertatur
650 2635 686 2676 ac
710 2615 928 2676 consideretur.
973 2615 1009 2676 Si
1031 2614 1110 2675 enirn
1128 2613 1241 2676 fuerint
1262 2614 1375 2693 fontes,
1483 2659 1484 2670 ,

258 2720 358 2784 lanam
386 2721 506 2801 plenam
535 2743 630 2803 aquae
650 2723 783 2803 reperies
810 2728 841 2782 et
866 2721 1023 2784 vesculum
1052 2721 1176 2802 plenum
1204 2720 1374 2786 bullarum:

259 2847 430 2909 cognosces
450 2836 550 2892 autem
573 2837 604 2891 et
625 2830 722 2912 qualis
745 2831 812 2911 ipsa
833 2850 911 2910 aqua
930 2831 980 2905 sit,
1000 2831 1026 2892 si
1048 2849 1086 2891 ex
1108 2828 1177 2890 lana
1197 2847 1375 2909 expressam

259 2938 435 3016 gustaveris.
478 2938 624 3021 Reperies
646 2945 747 3001 tamen
768 2957 942 3019 expressam
965 2956 1003 2998 ex
1024 2937 1093 2999 lana
1111 2936 1279 3000 dulciorem
1304 2937 1374 3017 ipso
1405 2986 1409 2993 .

260 3044 353 3122 fonte,
379 3053 544 3128 propterea
572 3046 656 3130 quod
688 3046 897 3110 tenuissimum
926 3052 956 3108 et
992 3044 1176 3108 levissimum
1208 3043 1374 3108 exhdauu.

260 3151 300 3212 Et
319 3153 357 3215 de
378 3173 474 3235 aquae
492 3155 613 3237 quidem
635 3154 863 3236 investigatione
884 3153 957 3216 satis
981 3152 1093 3218 dictum
1114 3157 1168 3215 est

345 3261 375 3323 3.
418 3262 513 3322 Uvam
543 3263 608 3324 sine
644 3262 778 3324 vinaceis
810 3261 931 3343 quidam
962 3261 1008 3322 sic
1048 3260 1168 3322 faciunt
1223 3259 1376 3331 Sarmenti

261 3368 345 3451 quod
374 3368 536 3447 plantaturi
565 3375 643 3447 sunt,
678 3377 789 3431 unum
823 3375 940 3449 partem
971 3373 1081 3451 quanta
1107 3375 1187 3429 terra
1217 3365 1377 3430 obruenda
1483 3379 1484 3398 ¹

262 3481 318 3552 est,
342 3474 451 3537 leniter
479 3495 517 3538 ex
544 3495 642 3560 aequo
660 3477 786 3556 *findunt
816 3483 847 3538 et
873 3475 1057 3557 auriscalpio
1076 3475 1237 3538 medullam
1255 3493 1378 3538 omnem

261 3583 409 3660 eximunt,
443 3583 551 3646 deinde
586 3603 704 3665 papyro
733 3585 854 3646 humida
883 3584 1047 3664 obligatum
1077 3591 1260 3646 sarmentum
1279 3583 1377 3663 depo-
1483 3609 1484 3632 ι

262 3698 345 3754 nunt.
390 3692 525 3754 Praestat
553 3697 653 3754 tamen
690 3699 782 3755 totam
810 3693 953 3754 sarmenti
980 3697 1114 3772 partem,
1135 3711 1212 3774 quae
1242 3691 1377 3753 interra

262 3800 435 3880 deponitur,
456 3797 542 3860 scilla
563 3799 673 3878 injecta
692 3801 858 3881 deponere:
880 3799 966 3861 scilla
987 3801 1066 3862 enim
1089 3807 1152 3862 tum
1171 3800 1209 3860 ad
1230 3816 1378 3878 generan-

262 3908 333 3970 dum
359 3915 421 3970 tum
441 3907 480 3969 ad
502 3901 747 3988 conjungendum
776 3909 863 3972 valet.
907 3907 966 3968 Alii
989 3907 1071 3988 ipsas
1091 3907 1168 3970 vites
1185 3908 1250 3986 jun
1271 3905 1378 3968 fructi-

263 4016 343 4079 feras
362 4017 498 4080 incidunt
520 4022 550 4078 et
579 4016 722 4078 sarmenti
748 4014 896 4079 fructiferi
924 4015 1086 4078 medullam
1111 4015 1294 4096 auriscalpio
1317 4014 1377 4076 tol-
1483 4071 1484 4090 ,

262 4121 336 4198 lunt,
369 4130 513 4205 quantum
534 4123 601 4184 fieri
622 4130 724 4204 potest
756 4143 822 4186 eam
852 4143 888 4184 ex
917 4123 980 4184 alto
1006 4124 1190 4201 eximentes,
1221 4127 1376 4186 sarmento
1483 4103 1484 4132 ¹

262 4229 427 4308 nortiam,
462 4239 496 4292 ut
523 4236 568 4292 est
601 4231 771 4308 indicatum,
807 4232 861 4294 sed
888 4231 1005 4310 integro
1038 4239 1184 4309 manente,
1218 4237 1246 4293 ct
1267 4229 1377 4291 laseris
