2938 4864
321 309 385 374 306
658 305 854 370 noanneane
881 304 1113 360 llemoerlteamn

323 479 463 550 necron,
497 469 606 560 ῥυσμῷ
639 491 697 555 pro
729 471 849 558 ῥυθμῷ.
897 471 945 535 Gt.
980 470 1199 534 adnotationem
1227 477 1349 534 nostram
1372 471 1401 532 al

324 586 429 664 lragm.
451 585 519 646 133.
563 584 672 664 Neque
692 581 772 644 enim
796 581 961 662 probamus
982 581 1149 643 Bnrclrardi
1170 581 1341 662 opinionem,
1364 579 1401 660 qui

324 694 374 755 bic
396 699 497 755 tuetur
510 689 628 775 ῥυθμῷ,
652 699 682 752 et
700 691 854 770 fragment
880 690 918 751 1⁶
941 689 1042 768 (Stob.
1058 690 1140 752 Flor.
1149 690 1260 769 1v‚73)
1279 689 1401 771 ῥυυμυῦν·

325 823 374 862 ται
397 800 589 862 scribendum
620 818 687 860 esse
716 797 880 860 contendit.
923 797 1045 879 Quippe
1066 798 1133 860 talis
1156 795 1342 859 inconstantia
1358 813 1403 855 non

325 917 384 972 tam
408 907 617 988 scriptoribus,
645 927 734 989 qnam
760 905 890 967 librariis
921 903 1095 984 imputanda
1123 912 1177 969 est.
1222 907 1307 987 Quod
1325 911 1402 966 auten

325 1017 413 1078 altert
435 1035 472 1076 ex
491 1015 693 1096 Aristophane
712 1011 825 1074 εἰκέναι
847 1019 876 1074 et
892 1011 1031 1090 ἐοικέναι,
1052 1013 1082 1074 id
1103 1015 1190 1076 metri
1210 1015 1403 1076 excusationem

326 1125 422 1186 babet.
469 1124 561 1206 Quod
591 1143 628 1186 ex
654 1120 808 1202 Aeschylo
839 1121 910 1182 citat
942 1119 1113 1204 ἀφράυμων
1141 1129 1172 1183 et
1199 1121 1366 1206 ἀφράδμων,
1385 1121 1403 1180 u

326 1234 371 1295 sic
392 1237 599 1312 comparatum
627 1237 682 1306 est,
708 1235 742 1290 nt
770 1229 914 1292 alterutra
942 1235 1055 1290 tantum
1085 1232 1184 1292 torma
1208 1239 1321 1310 poetam
1340 1249 1404 1292 usnn

327 1361 395 1404 esse
416 1340 487 1401 mibi
509 1357 683 1420 persuasum
704 1337 751 1399 sit.
792 1336 874 1398 ldem
902 1336 940 1398 de
963 1337 1164 1420 σχινδάλαμυι
1186 1347 1216 1400 et
1238 1339 1404 1420 υκυδάλαμυ

326 1451 408 1530 apud
429 1447 660 1526 Aristophanem
687 1445 879 1522 indicandum
908 1463 987 1506 reor.
1034 1444 1132 1508 Porro
1154 1447 1352 1510 substituimus
1372 1443 1403 1504 ἐτ’

327 1555 458 1640 ἑτέροισι
475 1553 612 1636 γίνεσθαι
631 1573 689 1633 pro
705 1549 756 1636 ἐφ’
779 1549 909 1634 ἑτέροισι
929 1551 1095 1633 γίγνεσθαι,
1118 1552 1184 1616 δέει
1203 1575 1259 1636 pro
1280 1553 1333 1624 bei,
1352 1551 1403 1614 ἐκεί-

327 1684 405 1726 νοισι
425 1683 483 1744 pro
504 1661 630 1727 ἐκείνοις
649 1661 697 1722 vel
722 1666 755 1722 nt
776 1659 826 1722 alii
847 1659 958 1722 babent
979 1657 1122 1728 ἐκείνους.
1163 1663 1345 1725 Servariruns
1362 1657 1403 1720 rul-

328 1782 425 1853 gatam
448 1771 529 1834 ἀλλά
556 1791 598 1838 τις
624 1768 657 1851 ἢ,
685 1771 772 1848 cnjus
802 1768 873 1830 loco
900 1768 1091 1831 Gaistordins
1119 1770 1213 1831 edidit
1238 1769 1315 1832 ἀλλά
1334 1789 1368 1834 τις
1383 1761 1403 1846 ᾖ.

328 1880 456 1961 denique
491 1875 678 1957 vulgavimus
706 1873 831 1957 ἀμυνέει
862 1875 881 1936 i.
906 1895 932 1938 e.
958 1875 1078 1958 ἀμυνεῖ,
1106 1895 1166 1956 pro
1198 1899 1259 1960 quo
1281 1877 1326 1940 alii
1351 1874 1404 1934 nale

328 1987 465 2048 scribunt
496 1983 613 2068 ἀμύνει.
670 1985 705 2045 ln
735 1983 794 2045 boc
822 1983 988 2064 fragmento
1013 1983 1106 2046 verba
1134 1984 1239 2048 adbeel
1266 1985 1319 2068 γὰρ
1344 1983 1405 2062 cillp

329 2093 453 2175 ἔοικεῆ
484 2088 594 2175 ἑωυτῷ
623 2092 673 2152 τδν
703 2089 794 2152 αὐτδν
824 2089 874 2152 ἐπ’
905 2089 1035 2173 ἑτέροισι
1060 2091 1200 2175 γίνεσθαι
1226 2095 1323 2156 nullus
1343 2094 1405 2153 iutu-

327 2209 446 2282 pretnm
470 2205 627 2262 assecutus
645 2205 699 2260 est.
743 2198 898 2261 Gesucrns
918 2199 1033 2261 initium
1051 2201 1096 2262 sic
1117 2201 1233 2264 reddit:
1262 2201 1344 2276 „Nou
1364 2193 1405 2256 tini

329 2317 437 2390 potest,
456 2317 490 2368 ut
517 2325 660 2386 praesens
689 2315 734 2368 est
760 2308 945 2388 reipublicae
975 2307 1061 2383 ratio,
1082 2309 1153 2388 quin
1178 2309 1326 2390 principes
1344 2305 1405 2366 etiau

329 2418 415 2479 trude
439 2415 512 2477 boui
542 2414 642 2496 iniqua
669 2415 786 2478 tacimrt.
836 2417 944 2496 Neque
967 2414 1046 2476 enim
1071 2415 1159 2477 aliter
1186 2438 1244 2497 par
1271 2421 1405 2492 estque

330 2525 406 2586 male
426 2521 600 2596 succedere,
632 2543 724 2604 quum
744 2544 780 2586 ea
805 2525 834 2585 in
859 2523 987 2584 nioman
1009 2530 1159 2602 potestate
1182 2533 1237 2588 est.
1271 2518 1405 2604 Oportebat

329 2643 427 2695 autem
450 2651 498 2694 res
521 2629 561 2690 ita
583 2629 696 2693 institui
718 2630 792 2693 etc.'’
837 2631 996 2694 conradus
1024 2636 1054 2693 et
1080 2631 1199 2710 Caspar
1223 2633 1326 2696 Orellii
1341 2625 1406 2690 multe

328 2739 478 2802 movendo
499 2737 572 2799 nibil
591 2743 780 2816 promovent
824 2737 927 2818 ltaque
957 2739 1084 2819 rogandi
1110 2740 1183 2801 milri
1209 2747 1279 2803 sunt
1299 2740 1405 2800 lectores.

329 2858 363 2910 ut
381 2854 540 2926 utrumqne
564 2846 712 2924 patienter
731 2844 869 2906 aridiant:
914 2849 1046 2924 „„Edidi
1065 2849 1267 2928 fragmentum
1293 2847 1344 2906 boc
1361 2856 1405 2900 cor·

328 2955 542 3036 ruptissimum,
565 2953 660 3036 inquit
682 2953 850 3028 Corradus,
872 2962 965 3033 prout
985 2955 1095 3035 legitur
1115 2955 1145 3016 in
1169 2955 1344 3020 editionibus
1360 2951 1406 3010 δυ

327 3064 395 3125 baei
416 3083 433 3124 a
453 3065 545 3124 Conr.
568 3062 706 3123 Gesnero
724 3061 844 3136 curatis,
868 3062 918 3143 qui
941 3063 969 3123 in
993 3063 1126 3142 margine
1145 3065 1304 3126 observat:
1333 3061 1405 3121 lnrn

328 3171 489 3236 liceatne
514 3168 658 3230 oberrante
684 3175 736 3229 est.
781 3169 855 3230 Post
876 3189 904 3231 v.
933 3167 1042 3254 ἑωυτῷ
1068 3171 1119 3232 τὸν
1148 3169 1257 3247 αὐτὸν,
1290 3179 1405 3250 proq11⁰

329 3280 381 3344 alii
402 3277 525 3340 codices
553 3277 662 3339 habeut
693 3273 803 3359 ἑωυτῷ
829 3281 889 3338 τῶν
914 3275 1014 3339 αὐτῶν
1044 3278 1224 3342 videbantur
1252 3279 1321 3342 mihi
1339 3271 1406 3338 verbs

276 3410 309 3441 a
329 3386 473 3468 quaedam
499 3385 646 3446 excidisse
674 3392 704 3444 et
724 3382 883 3461 legendum
914 3386 1106 3465 suspicabar:
1135 3383 1249 3449 Οὐδενὶ
1271 3386 1324 3468 γὰρ
1344 3381 1404 3456 tua

329 3489 484 3576 [μᾶλλυν]
505 3489 601 3554 ἔοικεν
621 3491 640 3574 ἢ
669 3487 779 3573 ἑωυτῷ
799 3489 850 3552 τδν
873 3489 963 3554 αὐτὸν
994 3491 1101 3576 [πᾶσιν
1127 3492 1276 3556 εἶναικαὶ
1297 3481 1403 3575 pidia

328 3599 458 3684 ἑτέροισι
479 3597 634 3681 γίγνεσθαι
654 3599 721 3680 (ie.
739 3599 805 3660 eliis
825 3599 991 3677 subjectum
1008 3621 1083 3678 esse,
1097 3602 1230 3682 pendere
1249 3604 1286 3665 ab
1307 3601 1404 3661 aliomu

328 3709 462 3772 arbitrio.
510 3707 588 3768 Vide
608 3709 741 3786 Lennep.
761 3707 798 3768 ad
819 3708 934 3770 Plnlar.
960 3709 1056 3789 Epist.
1084 3711 1143 3774 103
1163 3731 1232 3790 pag.
1255 3712 1313 3773 304
1334 3713 1359 3767 et
1372 3719 1405 3762 au

328 3823 420 3882 notat
441 3823 535 3878 nostr.
565 3815 604 3876 ad
633 3815 719 3893 epist.
747 3815 864 3877 Socrat.
888 3817 900 3876 l
928 3837 995 3896 pag.
1025 3817 1109 3898 139).
1155 3818 1316 3898 Sequentia
1340 3807 1404 3872 anda·

328 3927 403 3988 eiori
423 3925 544 4008 quidem
569 3923 744 3999 conjectura
763 3924 807 3986 sic
829 3924 1003 4004 retingenda
1023 3945 1212 3988 censueram:
1240 3926 1297 3987 Asi
1317 3919 1347 3983 δέ
1363 3929 1403 3976 κω

328 4035 409 4096 οὕτω
434 4031 486 4094 καὶ
513 4033 608 4092 ταῦτα
633 4029 841 4112 κοσμηθῆναι,
870 4030 951 4099 ὅκως
977 4032 994 4093 ὁ
1021 4033 1116 4114 μηδὲν
1146 4031 1294 4110 ἀδικέων,
1316 4029 1348 4110 ἣν
1369 4016 1402 4082 καὶ

326 4141 404 4201 πάνυ
428 4136 553 4218 εὐτελὴς
575 4131 596 4218 ᾖ
621 4135 698 4217 πρὸς
715 4135 786 4204 τοὺς
805 4135 983 4205 ἀδικέοντας
1000 4141 1072 4219 (pro
1094 4139 1186 4222 ἐτάζῃ
1207 4138 1279 4206 τοὺς
1298 4129 1401 4198 ἀδικέω-

325 4247 392 4327 τυτ)
414 4243 455 4327 μὴ
478 4240 530 4307 ὑπ’
554 4241 680 4310 ἐκείνοις
705 4241 858 4324 γενέσθαι,
884 4246 1142 4326 (Constructiouis
1163 4245 1324 4329 particulae
1342 4239 1401 4302 dant
