2956 4860
382 322 467 378 Liber
486 323 508 380 l.
546 324 589 380 De
609 323 762 384 Democriti
781 329 847 387 rito.
1128 335 1171 400 35

74 499 164 552 notum
183 510 244 554 oon
269 491 356 554 veriti
379 489 539 554 emendare
561 511 713 574 queamus.
763 497 850 574 Quae
871 495 909 559 de
928 498 1053 564 Timaeo
1075 523 1111 566 ao
1133 505 1171 569 de

73 597 186 678 Ephoro
207 601 285 682 apud
300 599 489 662 Clementem
501 601 681 680 produntur,
697 602 812 683 pariter
831 606 998 672 clarissimo
1012 612 1169 678 Boeokhto

73 713 203 787 corrupte
220 709 367 786 videntur,
387 708 413 772 si
433 707 620 771 Censorinus
642 717 724 772 recte
746 712 896 779 rettulerit
915 736 951 779 ac
970 719 1167 804 Diodoro⁵⁰)

72 815 137 878 fides
156 816 201 880 sit
231 817 293 880 Sed
315 816 346 879 in
367 819 424 880 hac
445 824 506 880 tam
529 817 619 880 dubio
638 838 671 880 re
689 818 783 880 nolim
804 842 873 884 eum
894 825 1051 891 Boeokhio
1071 831 1169 910 (quod

73 943 138 1001 pace
158 925 347 990 illustrissimi
374 924 684 1008 praestantissimique
713 926 770 988 viri
795 928 936 1012 dixerim)
968 932 1169 1000 Censorinum

72 1038 96 1092 et
114 1033 277 1097 Diodorum
308 1035 457 1096 Clementi
483 1035 655 1115 praeferre,
679 1035 857 1114 praesertim
874 1060 968 1120 quum
989 1041 1169 1122 nesciamus,

71 1149 158 1202 rnnrm
184 1144 300 1205 numeri
322 1144 373 1226 qui
399 1142 481 1223 apud
501 1142 700 1205 Censorinum
725 1148 756 1205 et
775 1143 946 1209 Diodorum
968 1151 1169 1230 reperiuntur,

71 1267 163 1311 ornnes
185 1251 301 1332 integri,
326 1272 364 1313 an
390 1252 419 1313 in
448 1251 494 1314 his
515 1270 636 1333 quoque
664 1251 785 1333 quidam
808 1255 946 1335 corrupti
964 1257 1033 1320 sint
1078 1260 1169 1321 Certe

70 1357 199 1436 Lydiatus
228 1379 291 1423 nou
321 1360 399 1423 male
433 1377 472 1421 ex
506 1358 608 1421 verbis
634 1359 831 1422 Varronianis
857 1362 997 1444 collegit,
1025 1385 1167 1430 numeros

69 1466 141 1544 apud
165 1469 364 1532 Censorinum
394 1473 558 1548 corruptos
585 1488 661 1531 esse.
710 1472 796 1550 Quae
825 1489 918 1551 quum
945 1472 985 1533 ita
1007 1473 1075 1550 sint,
1095 1475 1168 1537 nihil

70 1571 95 1632 iu
112 1563 386 1640 numeris'Timoeo
409 1583 439 1638 et
456 1576 582 1656 Ephoro
606 1596 622 1636 o
643 1575 799 1639 Clemente
819 1579 976 1659 assignatis
994 1583 1168 1645 mutandum

69 1701 177 1746 censeo.
219 1686 324 1767 ltaque
344 1705 437 1768 quum
464 1685 502 1746 de
527 1684 639 1746 Phania
664 1685 737 1747 nihil
759 1687 831 1748 alibi
853 1687 993 1750 traditum
1014 1690 1061 1766 sit,
1084 1691 1169 1773 quod

68 1807 251 1856 nnmeruma
280 1792 434 1856 Clemente
460 1793 489 1855 ei
515 1794 680 1874 ascriptum
708 1794 755 1856 vel
778 1795 936 1858 confirmet
956 1795 1005 1858 vel
1030 1795 1167 1875 infirmet,

70 1895 147 1960 ineo
165 1922 251 1983 quem
276 1901 416 1964 Clemens
445 1907 592 1964 memorat
620 1920 747 1964 numero
775 1903 985 1985 acquieverim,
1016 1910 1105 1992 atquc
1124 1906 1168 1967 id-

70 2005 143 2069 circo
162 2027 199 2072 ne
224 2011 365 2092 egregiae
398 2010 518 2092 quidem
548 2009 695 2072 Bocchhii
732 2013 924 2092 conjecturae
951 2033 1011 2095 que
1040 2014 1168 2078 Phanias

70 2133 128 2175 cnm
150 2117 381 2199 chronographo
409 2119 499 2181 Pario
521 2116 708 2195 conciliatur,
733 2120 923 2184 accesserim.
963 2121 1091 2185 Phanias
1115 2125 1169 2205 igi-

70 2227 120 2300 tur,
140 2225 163 2286 si
183 2227 309 2308 vulgare
337 2225 411 2289 illud
432 2227 588 2307 octoginta
609 2245 757 2289 minorum
779 2227 967 2292 intervallum
989 2231 1067 2292 inter
1089 2233 1168 2294 redi-

69 2335 123 2394 tum
140 2335 365 2398 lleraclirlarum
393 2339 424 2396 et
441 2335 488 2397 llii
510 2334 661 2397 excidium
680 2335 816 2415 sumpsit,
846 2357 884 2399 cx
905 2339 1007 2402 verbis
1029 2337 1169 2401 Clemen-

70 2439 102 2500 tis
121 2443 235 2521 Trojam
266 2445 352 2506 armis
382 2445 443 2506 stt
472 2450 541 2506 ante
571 2443 725 2524 Olymp.l
757 2443 776 2505 i.
797 2463 822 2506 e.
852 2446 934 2508 1130
955 2453 1024 2508 ante
1044 2446 1115 2508 Chr.
1138 2467 1167 2509 n.

71 2555 174 2628 captam
201 2571 267 2616 esse
298 2552 409 2616 statuit.
455 2554 502 2614 De
530 2550 576 2613 his
604 2553 686 2616 1¹30
715 2551 801 2613 annis
826 2551 853 2614 si
878 2555 941 2616 730
968 2556 1167 2633 deducuntur,

71 2655 166 2738 reliqui
195 2679 312 2722 summa
342 2661 405 2722 400
438 2680 586 2723 annorum
611 2665 665 2722 est
721 2660 841 2742 Quodsi
866 2661 1060 2725 Democritus
1087 2681 1167 2724 anuo

71 2772 128 2828 ante
149 2769 216 2830 Chr.
245 2771 311 2832 400
339 2769 388 2831 vcl
414 2769 534 2850 Olymp.
555 2771 641 2845 05,1
678 2770 759 2831 hunc
783 2768 835 2852 qui
858 2771 966 2852 μικροῦ
987 2766 1165 2850 Διακόσμου

71 2871 174 2936 titulum
196 2877 333 2952 habehat,
356 2876 393 2938 de
413 2877 551 2940 ordinata
570 2878 674 2940 mundi
694 2876 916 2957 compositione
935 2875 1045 2938 librum
1066 2876 1167 2955 edidit,

71 2979 147 3044 unius
167 2990 196 3046 et
213 2984 369 3064 sexaginta
389 3003 537 3048 annorum
559 3005 651 3049 senex
672 2992 744 3048 erat.
777 2986 823 3048 Ea
842 2991 939 3047 aetate
959 2985 1166 3048 Democritum

71 3086 115 3148 tali
134 3091 217 3170 operi
236 3091 323 3174 quod
340 3093 378 3154 ab
399 3092 502 3156 adulto
523 3101 554 3155 et
572 3095 688 3156 subacti
701 3093 810 3172 judicii
830 3094 949 3156 homine
963 3093 1054 3156 scribi
1073 3112 1166 3175 opor-

71 3192 154 3274 tebat,
187 3200 400 3280 componendo
429 3221 534 3283 parem
568 3202 661 3264 tuisse
690 3221 796 3265 omnes
824 3202 1001 3265 concedent.
1042 3201 1109 3263 Jam
1140 3201 1167 3262 si

72 3299 139 3363 torte
156 3305 350 3372 Democritus
376 3310 504 3372 eundem
534 3311 627 3372 excisi
659 3309 705 3371 llii
726 3311 804 3374 diem
824 3331 914 3393 quem
935 3309 1073 3391 plerique
1094 3307 1170 3371 anti-

72 3427 187 3486 qnomm
215 3436 323 3480 verum
352 3437 420 3480 esse
445 3425 528 3482 ratus
557 3424 616 3495 est,
649 3438 685 3482 ac
713 3426 832 3498 tempus
858 3439 921 3501 quo
950 3415 1169 3497 conscripserit

72 3533 183 3592 Parvum
202 3524 408 3602 Diacosmum,
433 3546 494 3588 non
518 3525 587 3603 diei,
611 3545 672 3608 quo
694 3526 887 3604 inchoaverit,
908 3528 964 3590 sed
982 3545 1044 3609 quo
1067 3523 1168 3585 absol-

71 3625 138 3688 verit
161 3629 269 3694 librum
297 3633 399 3695 habite
427 3633 544 3696 ratione
573 3635 724 3711 definivit,
748 3642 889 3715 apparet,
918 3635 1060 3717 quoniam
1080 3631 1168 3693 Ilium

69 3733 236 3808 prolocuto
265 3741 427 3804 solstitium
454 3743 600 3806 aestivum
628 3763 767 3807 eversum
797 3763 865 3806 esse
886 3751 1004 3812 veteres
1025 3741 1083 3804 sibi
1100 3759 1169 3821 per-

68 3853 223 3924 suaserunt,
244 3849 310 3910 heri
331 3869 432 3929 posse,
453 3857 487 3912 ut
505 3851 699 3914 Democritus
719 3851 793 3914 illud
811 3851 955 3914 volumen
974 3851 1081 3916 eodem
1104 3850 1168 3910 iere

68 3949 131 4010 anni
162 3959 300 4036 tempore
329 3977 392 4038 quo
421 3957 507 4020 llinm
534 3959 666 4022 dirutum
698 3959 875 4040 lingebatur,
904 3979 922 4021 e
948 3979 982 4021 se
1012 3959 1168 4022 conditum

69 4071 129 4117 esse
163 4059 220 4124 hoe
247 4063 421 4128 testimonio
451 4065 636 4130 iudicaverit.
684 4065 824 4130 Attamen
854 4069 929 4144 hoc,
964 4087 1002 4131 ue
1027 4064 1167 4129 subtilius

68 4207 258 4230 Ἢ

134 4291 171 4356 ⁵⁰)
187 4295 294 4349 Diodor.
311 4299 354 4350 lib.
372 4300 434 4361 XVl,
449 4293 489 4351 76.
