2938 4864
348 325 434 381 Liber
449 322 498 380 lli.
533 323 604 381 Ado.
620 323 654 380 ad
675 323 755 379 Deua.
773 341 816 396 op.
835 325 930 398 tuga.
1130 325 1194 390 317

83 493 167 575 quod
188 497 331 554 accurata
351 489 562 571 exemplorum
589 488 806 554 anemmrdo
828 489 987 554 allatorum
1012 493 1196 573 pervestiga·
1250 555 1253 560 ,

82 603 125 661 tio
149 601 249 661 docet.
292 599 355 662 Sed
376 618 415 660 ne
437 598 534 660 aliena
561 598 611 658 nie
641 604 776 674 tractem,
796 598 930 662 breviter
946 601 1053 676 dicam,
1077 599 1108 662 ἐν
1130 621 1192 662 πει-

82 709 138 770 ttoi
159 707 188 769 in
213 708 273 768 boc
301 708 469 787 fragmento
497 706 621 786 proprie
644 726 726 768 esse:
747 709 783 768 in
811 709 875 786 ipso
890 707 1102 788 pnmdendt
1119 715 1194 770 actu

84 816 102 876 i.
124 835 149 877 e.
172 813 293 895 quando
314 813 382 896 quis
406 813 437 874 id
466 819 544 893 agat,
567 819 601 874 ut
626 813 693 876 aliis
720 815 909 894 persuadeat,
928 815 1018 897 longe
1036 815 1194 878 maximam

82 923 143 984 vim
163 941 334 984 sermonem
353 921 465 983 babere
490 921 599 984 solere.
1127 913 1132 924 ’

169 1030 242 1093 223.
284 1029 402 1092 Vitiose
437 1027 571 1090 Orellius
607 1033 636 1090 et
669 1030 864 1093 Burebardus
896 1028 1101 1114 ῖσχορώτερος
1136 1051 1193 1111 pro

85 1135 292 1220 ἰσχυρότερος.
342 1138 376 1199 ln
401 1137 477 1199 Cod.
508 1136 600 1198 Palat.
630 1136 777 1217 seriptum
807 1143 918 1200 exstat:
948 1139 964 1200 b
999 1136 1195 1222 ἰσχυρότερος

85 1243 238 1322 εὖπειῦεῖ,
277 1244 308 1306 in
340 1245 448 1326 quibus
486 1244 587 1306 verbis
619 1245 779 1307 articulum
811 1245 972 1308 delendum
1001 1267 1068 1310 esse
1102 1253 1194 1328 patet

86 1351 206 1432 Quodsi
236 1353 460 1415 antecedentem
489 1351 665 1414 sententiam
691 1372 754 1414 non
780 1353 854 1416 satis
878 1354 1024 1435 integram
1058 1374 1134 1431 esse,
1161 1361 1195 1416 ut

84 1459 280 1522 Burelrardus
307 1459 453 1539 conjecit,
481 1460 536 1521 sed
567 1479 604 1521 cx
634 1461 690 1521 lrac
715 1461 867 1522 emendari
906 1469 1049 1541 oportere
1078 1461 1195 1544 liquido

85 1573 247 1642 constaret,
271 1572 415 1647 cornrpta
433 1587 493 1630 vox
516 1565 657 1629 εὐπειῦεῖ
674 1569 852 1648 scripturam
876 1567 907 1630 ἐν
928 1569 1035 1630 πειθοῖ
1053 1570 1084 1630 in
1104 1589 1194 1650 supe-

86 1675 168 1736 riore
191 1675 359 1754 fragmento
381 1675 581 1738 confirmaret.
625 1675 667 1736 At
686 1675 734 1736 bio
757 1676 858 1738 omnia
881 1675 995 1738 incerta
1018 1685 1096 1738 sunt

170 1785 242 1843 iil.
284 1782 441 1845 Edidimus
471 1781 602 1844 ἀδικέων
635 1790 665 1846 et
693 1781 894 1866 ἀδικουμένου
929 1803 987 1864 pro
1021 1783 1135 1846 ἀδικῶν
1166 1793 1196 1848 et

83 1887 305 1972 ἀδικουμένου,
327 1890 409 1970 qnod
430 1889 515 1970 prius
534 1889 720 1971 vulgabatur.

171 2000 241 2059 225.
284 1999 369 2061 Hanc
392 1998 559 2062 Democriti
584 1999 760 2061 sententiam
786 1996 953 2077 respiciens
972 1997 1106 2064 Ritterus
1127 2003 1196 2068 bist.

82 2105 160 2187 phil.
182 2107 269 2168 Tem.
291 2107 313 2185 1,
334 2127 364 2187 p.
387 2108 448 2170 582
468 2126 530 2170 non
552 2115 709 2168 accurate:
732 2105 953 2182 „Deumeritus
978 2105 1082 2190 inquit,
1104 2113 1198 2178 tadelt

82 2214 138 2274 alie
162 2213 430 2292 Vaterlandsliebe‚
451 2214 567 2275 welche
590 2215 673 2275 nicht
693 2215 833 2290 erkenne,
849 2213 914 2274 dass
938 2214 986 2276 die
1007 2235 1102 2295 ganne
1116 2221 1198 2282 Welt

82 2341 182 2384 unser
204 2321 397 2385 Vaterlaud.”
447 2322 528 2384 Nam
555 2322 670 2403 patriae
697 2327 830 2383 amantes
856 2321 976 2392 minime
1006 2326 1199 2403 reprehendit

82 2432 297 2513 philosophus

174 2542 245 2603 927.
289 2538 485 2602 Exaravimns
507 2537 641 2622 πρηξῖιον
668 2544 698 2600 et
722 2533 895 2620 μετανοέειν
928 2557 986 2617 pro
1007 2537 1146 2621 πράξεων
1168 2549 1200 2604 et

90 2651 259 2730 μετανοεῖν.
304 2649 464 2710 Caeterum
486 2646 742 2728 praepositionem
761 2643 819 2727 πρὸ
841 2651 913 2723 post
933 2641 1060 2727 κρέσσον
1083 2649 1198 2711 eGod.

89 2755 183 2818 l‘alat.
205 2754 321 2818 addidit
334 2755 485 2830 Orellium
508 2754 562 2816 sed
584 2755 659 2816 lianc
680 2753 765 2816 salvo
784 2771 876 2814 seusu
897 2751 1004 2814 abesse
1026 2771 1128 2832 posse,
1150 2755 1200 2816 vix

89 2862 241 2943 estquod
270 2883 417 2926 moneam.
465 2862 569 2926 Simile
601 2861 714 2923 dictum
740 2867 785 2922 est
810 2859 981 2939 Epicharm.
1011 2879 1060 2940 ap.
1089 2859 1200 2926 Anton.

90 2990 161 3052 pag.
181 2971 259 3031 957:
289 2968 334 3032 Οὐ
366 2975 524 3053 μετανοεῖν
553 2967 634 3032 ἀλλὰ
657 2971 798 3050 προνοεῖν
818 2966 877 3050 χρὴ
900 2966 951 3028 τὸν
976 2967 1072 3050 σοφὸν
1094 2966 1201 3052 ἄνδρα,

90 3077 176 3161 quod
199 3083 230 3138 et
249 3097 266 3138 a
287 3078 421 3142 Stobaeo
444 3079 528 3142 Flor.
550 3079 572 3155 1,
596 3077 634 3139 14
657 3075 753 3138 eidem
774 3075 924 3138 tribuitur.

177 3188 249 3248 228.
292 3185 474 3248 Mutavimus
497 3188 649 3267 συγγενῶν
672 3183 703 3245 in
724 3181 890 3265 Ευγγενέων
916 3187 946 3244 et
966 3181 1104 3245 vitiosam
1125 3203 1203 3265 qnae

91 3293 175 3374 apud
198 3293 346 3356 Orellium
368 3298 399 3356 et
419 3293 629 3356 Burehardum
655 3298 701 3354 est
726 3291 906 3372 scripturam
930 3289 1026 3376 ἐχῦρή
1051 3291 1082 3352 in
1105 3289 1202 3376 ἔχθρη

92 3402 180 3478 eujus
202 3403 318 3463 formae
335 3401 386 3462 vix
408 3421 487 3482 opus
505 3408 551 3464 est
568 3400 759 3462 Herodotum
781 3399 834 3461 lib.
855 3400 910 3476 1‚5
933 3399 1019 3461 citari
1039 3409 1203 3462 auctorem.

91 3510 173 3571 Nam
196 3509 279 3592 quod
297 3508 379 3590 apud
405 3510 525 3571 Atticos
555 3507 733 3570 observatur
762 3506 922 3570 discrimen
949 3508 1027 3569 inter
1046 3507 1207 3570 substanti·

92 3638 164 3678 vnm
192 3613 291 3699 ἔχθρα
319 3622 350 3679 et
377 3615 551 3677 femininum
580 3614 719 3692 adjectivi
751 3611 869 3698 ἐχθροί,
900 3615 980 3678 idem
1007 3615 1088 3695 apud
1112 3617 1206 3678 lones

94 3724 189 3784 luisse
211 3724 288 3786 inter
313 3719 410 3806 ἔχθρη
439 3729 470 3784 et
490 3721 587 3805 ἐχῦρή
610 3741 700 3784 nemo
728 3741 789 3782 non
812 3723 960 3803 intelligit.
1003 3723 1037 3784 ln
1056 3723 1133 3784 Cod.
1153 3723 1208 3784 Pa-

94 3832 144 3892 lat.
167 3849 224 3909 pro
248 3833 301 3910 τῆς
318 3834 378 3891 τῶν
397 3829 543 3892 mendose
568 3828 680 3910 legitur
699 3831 739 3910 τῇ
760 3833 836 3903 reu
870 3829 979 3892 deinde
999 3829 1109 3890 ibidem
1134 3830 1209 3890 baec

95 3936 243 3998 sententia
268 3957 337 3998 cum
367 3937 513 4018 sequenti,
544 3957 621 4019 qnae
653 3956 701 4017 ap.
725 3936 820 3998 Orell.
843 3945 890 4002 est
907 3935 1209 4000 Pseudodemoorati-

97 4064 199 4107 carum
221 4045 467 4127 quinquagesima
488 4047 614 4126 septima
644 4045 717 4126 (vid.
742 4063 837 4124 supra
861 4045 965 4126 fragm.
991 4047 1065 4124 me)
1094 4041 1209 4104 librarii

96 4169 203 4214 errore
222 4153 266 4215 sio
290 4155 450 4232 conjuncta
473 4158 528 4230 est,
555 4161 588 4214 ut
609 4173 671 4216 uno
693 4159 798 4214 tenore
820 4151 939 4232 legatur
962 4152 1047 4235 μάλα
1066 4149 1118 4211 καὶ
1138 4147 1209 4210 ὕπο·
1267 4188 1273 4199 -

96 4277 171 4327 aros
191 4281 218 4322 κ.
226 4281 251 4324 τ.
264 4261 293 4323 λ.
320 4261 383 4325 Sed
401 4267 435 4324 ut
453 4267 570 4324 veteres
583 4260 731 4326 editiones
748 4260 860 4324 rectius
883 4259 993 4324 babent
1013 4259 1055 4344 μὴ
1077 4255 1211 4324 ὕποπτος
