2938 4864
179 317 183 326 ·
283 291 348 358 296
618 291 813 355 Quaestionum
838 291 1071 348 Democriteum·

285 456 470 544 πορίζοντος,
492 457 629 528 luitbtus
650 457 829 543 οηράτορες,
852 457 987 541 ζηλωταὶ
1008 457 1203 542 τσχνοδρίσιν,
1226 458 1396 544 ἐριδαντέσς

287 566 338 630 καί
360 563 591 650 ίμαντσλιιιτέςς,
618 567 661 634 ὡς
684 565 701 628 5
719 563 904 650 Ἀβδηρίτης
925 563 1042 634 ἐκεῖνός
1063 587 1165 650 φησιν.

374 686 444 748 117.
488 685 547 746 Pro
566 683 736 766 δυσμενοῦς
755 681 905 744 edidimus
926 679 1103 764 δυσρσνίος.

370 803 439 866 tte.
482 799 680 880 Vulgavimus
698 795 833 882 πραέως,
854 805 889 860 ut
914 797 1057 860 scribitur
1076 799 1108 862 in
1129 801 1283 864 sententiis
1306 803 1398 866 Pseu-

287 907 557 982 dodemocraticis;
593 907 644 969 alii
675 905 779 986 legunt
811 905 927 989 πράως.
983 907 1142 970 Praeterea
1184 907 1397 992 πλημμέλειαν

286 1017 466 1082 mutavimus
488 1015 517 1076 in
539 1013 761 1096 πληρμσλείην.
805 1016 965 1102 Caeterum
984 1013 1061 1077 eod
1083 1014 1176 1077 Palat.
1195 1016 1325 1101 habet-ip
1349 1039 1397 1100 με·

285 1122 477 1210 γαλοψυχίης
506 1130 537 1185 at
558 1121 655 1185 omitti
680 1127 803 1202 oportet
823 1121 990 1198 articulum,
1018 1127 1182 1204 propterea
1202 1124 1285 1206 quod
1309 1146 1397 1208 ρεγα-

287 1231 421 1316 λοψυχίη
445 1229 650 1312 praedicatum
673 1236 728 1308 est,
748 1247 811 1292 non
830 1229 1006 1308 subjectum.

374 1351 443 1413 150.
487 1345 682 1410 Servavimus
706 1344 869 1428 νολανσίην
891 1346 976 1428 quud
995 1347 1025 1407 in
1047 1345 1137 1408 codd.
1156 1367 1245 1412 manu
1267 1349 1398 1412 exaratis

288 1461 349 1530 est;
370 1456 504 1520 Orellius
524 1452 670 1536 νολακίην
696 1451 806 1526 edidit;
839 1453 1031 1516 Guisiurdius
1050 1459 1172 1534 praeter
1190 1455 1398 1518 necessitatem

287 1562 455 1646 κολανιηίην
481 1563 609 1644 scripsit.
658 1561 838 1624 Mutavimus
863 1557 984 1622 εὔνοιαν
1011 1561 1041 1622 iu
1071 1558 1209 1644 εὐνοίην,
1242 1563 1327 1645 quod
1356 1571 1399 1626 est

286 1671 369 1751 apud
388 1672 577 1734 llerodutum
599 1673 628 1748 7,
652 1669 711 1731 101
731 1669 758 1730 si
779 1667 855 1730 fides
877 1667 1059 1730 membranis
1083 1668 1228 1732 labenda
1268 1695 1294 1722 ·v

373 1791 442 1851 151.
485 1789 567 1850 ldcm
594 1786 815 1866 apophthegma
842 1791 939 1846 exstat
972 1785 1053 1864 apud
1077 1785 1188 1847 Anton.
1218 1794 1249 1847 et
1277 1787 1398 1850 Maxim

286 1915 316 1976 p.
337 1899 399 1959 500
418 1895 559 1976 apposito
583 1895 721 1956 lemmate
741 1893 880 1954 Philonis
894 1889 1063 1974 additisque
1092 1893 1193 1954 verbis
1215 1897 1318 1978 σοροῦ
1346 1893 1398 1959 οὖν

289 2001 352 2064 ἐστι
376 2004 532 2084 γινώσκειν
553 2001 690 2064 ἕκαστον.

373 2131 441 2192 150.
484 2127 667 2208 Scripsimus
679 2125 909 2210 Ευμρωνέοντες
931 2131 962 2187 et
982 2123 1188 2208 ξυμφέροντος
1208 2127 1307 2190 secuti
1321 2129 1398 2192 eod

287 2235 379 2298 Palat
401 2255 460 2317 pro
482 2233 715 2320 συμριυνέοντσς
733 2241 763 2294 et
785 2229 1005 2316 συμφέροντος,
1026 2231 1109 2314 quod
1130 2241 1289 2296 servarunt
1311 2237 1400 2299 Orel

286 2343 345 2406 lius
362 2353 392 2407 et
412 2343 614 2406 Bnrchardus.

373 2471 442 2533 153.
486 2467 684 2548 Vulgavimus
715 2465 818 2550 φιλίην
848 2485 906 2546 pru
933 2462 1047 2548 φιλίαν.
1097 2465 1175 2528 lllud
1203 2468 1293 2548 enim,
1314 2473 1400 2554 quod

282 2581 346 2658 jam
373 2577 455 2659 apud
482 2575 688 2656 Theognidem
717 2580 763 2636 est
788 2593 867 2638 vers.
896 2573 967 2636 306.
989 2573 1061 2636 600.
1090 2575 1181 2651 1090,
1204 2581 1295 2659 atque
1316 2581 1401 2661 apud

284 2687 475 2749 llerudutum
496 2683 561 2761 Vll,
583 2685 643 2745 180
670 2687 842 2744 constanter
862 2681 1003 2744 videntur
1022 2681 1117 2744 dones
1139 2701 1314 2764 usurpasse.

372 2815 442 2876 155.
475 2807 587 2871 Ὠιτινι
611 2809 665 2890 τὴν
693 2807 782 2891 χάριν
808 2805 970 2890 aasabim]
1005 2805 1153 2868 edidimus
1182 2826 1200 2868 e
1229 2811 1402 2876 Burcbardi

287 2921 468 3001 conjectura
509 2917 639 2998 Vulgata
654 2915 745 2978 lectio
767 2920 814 2977 est
833 2912 851 2976 b'
872 2934 928 2974 τινι
950 2955 1017 2966 -
1039 2913 1187 2997 acccipe,
1209 2914 1258 2976 cui
1284 2918 1403 2982 Gesne.

288 3048 350 3107 rus,
371 3048 461 3112 quem
483 3024 617 3088 Orellius
642 3023 732 3086 tacite
753 3021 899 3104 sequitur,
927 3021 1084 3085 substituit
1105 3019 1176 3082 ὅταν
1199 3022 1253 3083 τινὶ
1272 3045 1300 3084 ιι.
1322 3046 1351 3087 τ.
1373 3029 1401 3088 λ.

285 3143 406 3200 vertens
425 3137 454 3198 ιι·
472 3135 527 3196 oui
546 3129 765 3214 desuefactam
782 3149 821 3209 eu,
847 3127 877 3190 id
898 3129 981 3211 quod
999 3149 1109 3210 graeca
1121 3129 1214 3191 verba
1231 3149 1294 3192 non
1308 3133 1403 3214 signi-

287 3245 385 3306 ficant
428 3242 491 3306 Sed
512 3239 642 3322 primunr
661 3237 823 3322 requiritur
843 3237 986 3316 futurum,
1017 3237 1125 3298 deinde
1145 3237 1204 3299 boc
1225 3255 1316 3302 sensu
1339 3241 1403 3304 usi-

287 3350 378 3414 tatius
402 3355 448 3412 est
467 3348 607 3425 medium,
635 3362 815 3429 quamquam
841 3343 992 3406 interdurn
1023 3345 1111 3410 etiam
1137 3345 1267 3409 activum
1289 3349 1402 3412 eodem

287 3457 454 3539 significatu
479 3457 636 3538 reperitur,
660 3452 744 3514 velut
767 3453 861 3532 Sopb.
884 3452 961 3514 Oed.
984 3453 1050 3516 cot
1073 3455 1144 3532 000,
1172 3451 1291 3516 l'indar.¹
1310 3455 1403 3518 Nem.

287 3565 352 3644 Vll,
374 3567 423 3644 75,
452 3564 580 3646 denique
603 3565 660 3626 hau
689 3560 756 3624 sola
784 3561 900 3622 ratione
928 3560 1002 3622 ferri
1028 3566 1131 3643 potest
1157 3561 1304 3625 articulus
1331 3573 1404 3628 ante

287 3673 387 3758 χάριν,
409 3691 499 3756 quem
519 3671 621 3754 positu
643 3669 714 3733 ὅταν
735 3669 877 3732 vitiosum
899 3687 950 3730 ese
971 3675 1105 3750 apparet.
1145 3670 1306 3766 Caelestum
1329 3671 1404 3755 βρα-

289 3778 397 3861 sumu,
419 3779 503 3861 quod
519 3778 723 3868 ¹Burclrardus
747 3781 778 3838 et
801 3775 935 3838 Orellius
962 3777 1106 3840 intactum
1133 3775 1335 3858 reliquerant,
1366 3800 1404 3842 ex

287 3887 451 3950 llerodiani
472 3887 686 3968 praeceptione
705 3889 870 3948 memorata
890 3884 928 3946 ab
946 3883 1056 3947 Arcad.
1070 3906 1102 3967 p.
1114 3887 1164 3962 00,
1178 3889 1207 3962 9,
1220 3885 1291 3948 οοΙΙ.
1303 3887 1404 3968 Etym.

287 3996 328 4058 111.
348 4017 378 4075 p.
404 3997 473 4073 103,
492 3997 512 4056 0
534 3994 565 4055 in
588 3993 740 4078 βραδυτὴς
762 3993 973 4056 convertimus.

375 4121 445 4184 150.
488 4119 617 4182 Uberius
638 4117 791 4182 Antonius
811 4124 841 4181 et
859 4119 1008 4181 Maximus
1029 4139 1060 4200 p.
1085 4120 1161 4182 278:
1183 4113 1299 4201 Μοιραὶ
1315 4119 1404 4202 χάρι-

285 4245 334 4291 τες
356 4223 387 4286 ἐν
408 4225 508 4309 καιρῷ
531 4224 671 4308 μέγισταί
690 4225 749 4288 eim
771 4227 833 4294 τοῖς
862 4224 1054 4308 λαμβάνουσι
1071 4225 1182 4294 ταύτας
1207 4224 1238 4288 ἐν
1261 4227 1404 4310 περιστά-
