2956 4860
405 314 491 370 Liber
508 315 530 372 l.
563 315 608 370 De
627 311 777 370 Democriti
797 314 863 412 sitq.
1148 316 1189 380 41

53 465 58 478 ’
97 483 160 547 dolo
180 485 286 548 tecum
306 483 481 566 suspicatos
502 501 589 548 essee
611 501 690 566 quoe
712 501 769 546 cur
791 501 897 548 eornm
918 483 1025 548 enimis
1047 484 1191 550 insederit

95 592 222 672 respicio,
239 592 310 656 mibi
329 612 392 656 non
409 599 535 656 constet
575 591 748 654 Demetrius
769 592 799 654 in
825 593 986 658 dividendo
1007 594 1189 674 patrimonio

95 699 246 762 Democriti
273 707 389 781 partem
415 706 536 764 centum
565 699 694 780 emplius
718 699 830 762 talente
850 701 989 782 explesse
1008 707 1116 764 auctor
1135 709 1189 780 est,

95 827 172 889 quem
191 809 241 870 ille
260 829 405 872 surnmem
426 815 535 890 posteo
555 815 650 870 totam
668 810 891 889 consumpserit
903 808 914 842 ²
926 809 963 890 ¹).
1002 811 1106 892 ltaque
1127 829 1190 873 uon

95 921 133 976 est
149 917 303 980 verisimile
318 917 401 1001 quod
420 916 526 980 scribit
538 915 679 979 Valerius
694 913 865 980 Meulrnus²
874 913 915 997 ²),
934 917 1082 980 Nostrum
1097 939 1191 1000 parve

94 1022 239 1088 admodum
267 1043 383 1088 summe
412 1017 530 1088 retente
554 1023 767 1105 patrimonium
794 1044 883 1087 suum
915 1027 1030 1106 petrice
1051 1027 1189 1090 donasse.

93 1129 161 1193 Nem
185 1132 347 1216 longinque
378 1132 486 1196 itinere
516 1151 579 1194 non
613 1131 677 1194 sine
708 1131 823 1212 magnis
854 1132 1001 1195 sumtibus
1033 1135 1098 1196 lieri
1120 1155 1191 1216 pos

93 1246 160 1301 sunt.
211 1242 278 1302 lem
311 1240 337 1303 si
370 1242 562 1304 Democritus
602 1259 641 1301 ex
679 1239 863 1320 arnplissimo
898 1241 1080 1320 patrimonio
1117 1243 1191 1306 nihil

93 1345 142 1406 nisi
171 1346 328 1426 pecuniam
367 1369 429 1432 qun
466 1349 496 1412 in
530 1347 774 1430 peregrinatione
813 1353 962 1426 uteretur,
1000 1349 1059 1413 sibi
1090 1351 1190 1433 clegit,

93 1453 224 1535 sequitur,
246 1475 317 1520 eum
337 1457 458 1536 fundos,
486 1477 602 1538 pecore
630 1465 661 1518 et
687 1455 820 1538 reliques
849 1435 1061 1536 possessiones
1094 1459 1191 1521 iratri-

92 1557 141 1622 bus
171 1562 335 1646 reliquisse.
388 1565 543 1646 Quocirce
578 1563 655 1628 retio
691 1562 769 1644 lugit
792 1563 972 1626 Ciceronem
991 1563 1059 1647 ²³),
1093 1567 1191 1630 llore-

93 1665 155 1730 tium
177 1668 227 1751 ⁸⁴)
260 1681 454 1758 veteremque
485 1673 551 1752 ejus
585 1671 779 1754 interpretem
803 1671 865 1754 ²⁵),
898 1673 1056 1738 Philonem
1075 1671 1128 1756 ⁸⁶)
1161 1681 1191 1737 et

93 1839 280 1858 ᾖ

93 1945 199 2000 diviserit
218 1953 418 2016 patrimonium.
462 1953 535 2005 idem
553 1954 641 2006 heesit
666 1955 692 2004 in
710 1952 802 2004 verbis
827 1956 881 2009 τοῖς
906 1949 1028 2023 ἀδελφαῖς
1046 1957 1099 2012 ταῖς
1117 1952 1191 2026 epici.

92 2029 128 2078 lit
143 2034 216 2096 enim,
231 2034 388 2086 Democrito
406 2034 475 2087 duos
493 2039 605 2098 tentum,
626 2047 679 2085 non
697 2039 752 2084 tres
767 2033 849 2086 luisse
864 2035 968 2086 iratres.
1005 2034 1058 2086 sed
1077 2035 1191 2088 fortusse

93 2107 203 2164 debenus
227 2116 320 2166 dicere
345 2113 465 2178 volebat,
488 2121 597 2180 praeter
622 2117 690 2166 duos
717 2115 813 2166 iretres
833 2129 955 2168 sororem
984 2116 1067 2168 luisse
1086 2117 1191 2168 Demo-

93 2191 157 2255 crito,
170 2197 240 2259 quod
257 2201 350 2247 tamen
370 2211 420 2261 pro
441 2201 516 2248 certo
534 2197 635 2248 habere
650 2211 704 2246 non
720 2197 817 2248 susim.¹
851 2197 887 2247 Ci.
906 2197 996 2249 ednot.
1016 2195 1041 2249 8.

152 2283 187 2349 ²¹)
204 2288 276 2354 Diog.
297 2289 383 2340 Lnort.
405 2285 501 2352 1)(,36
527 2284 541 2338 b
565 2286 593 2339 tt
614 2283 760 2358 Δημήτριος
784 2283 847 2358 belp
867 2286 960 2340 ίαατὸν
979 2285 1094 2340 τάλαντά
1114 2305 1191 2360 φησιν

93 2357 147 2414 tltm
163 2363 231 2438 αὐτῷ
243 2367 273 2421 cd
291 2367 381 2440 μέρος,
401 2366 502 2420 ἅπαντα
520 2367 548 2421 bl
568 2365 763 2420 καταναλῶσαι.

153 2459 189 2522 ”)
208 2461 294 2514 veter.
322 2463 427 2513 iterim.
449 2459 565 2514 libiliit
593 2459 684 2525 cep.7
711 2461 822 2524 exempl.
839 2464 941 2512 extero.
960 2457 990 2511 t:
1031 2457 1066 2511 dt
1087 2461 1192 2511 Demo-

94 2537 173 2603 critus.
190 2557 271 2607 quum
284 2542 384 2594 divitiis
398 2545 503 2596 censeri
518 2548 618 2607 posset,
638 2570 696 2582 -
716 2555 770 2606 quo
788 2544 873 2605 magis
886 2555 974 2592 vocuo
992 2541 1081 2592 enimc
1097 2541 1193 2592 studiis

93 2617 227 2674 litterarum
247 2626 324 2676 esset
341 2627 476 2688 operetus,
490 2637 574 2688 parve
591 2621 737 2675 admodum
758 2635 864 2674 summe
880 2625 985 2674 retente
1003 2623 1193 2686 patrimonium

93 2710 162 2752 suum
178 2706 282 2768 petrice
300 2705 418 2756 donavit

153 2795 190 2858 ¹³)
206 2797 304 2849 cicero
323 2796 357 2848 de
375 2795 420 2846 tin.
438 2794 501 2848 bon.
521 2795 625 2848 etmel
646 2794 690 2846 lib.
706 2793 729 2844 V
749 2805 808 2856 cup.
828 2788 876 2844 to:
908 2793 962 2843 Cur
979 2793 1038 2857 ipse
1055 2793 1193 2858 Pythago-

93 2885 131 2924 res
145 2881 171 2926 et
185 2878 338 2943 Aegyptum
356 2878 486 2940 lustravit,
511 2881 538 2930 et
558 2877 701 2928 Persarum
723 2887 816 2939 meges
840 2873 926 2924 ediit‘i
963 2875 1017 2925 Cur
1034 2877 1122 2926 tentus
1145 2889 1194 2926 re-

92 2955 173 3016 giones
196 2957 377 3012 barbarorum
408 2958 523 3024 pedibus
554 2958 642 3009 obiiti
675 2959 715 3008 tot
739 2956 825 3006 merle
853 2955 1019 3006 transmisit?
1051 2969 1100 3007 cur
1126 2956 1195 3007 been

93 3037 176 3088 eodem
193 3039 386 3092 Democritus?
405 3041 450 3105 qui
470 3042 544 3104 (vere
563 3039 664 3090 laisone
685 3037 848 3104 quaerimus)
866 3036 964 3087 dicitur
979 3037 1064 3088 oculis
1082 3051 1112 3088 se
1132 3037 1193 3102 prl-

93 3127 175 3170 vosse:
200 3127 285 3184 certe,
311 3123 444 3187 utquam
470 3123 579 3172 minime
608 3121 712 3171 unimus
737 3131 753 3168 e
777 3117 984 3181 cogitationibus
1004 3117 1194 3182 obduceretur,

93 3201 269 3258 patrimonium
292 3203 413 3267 neglexit
429 3215 508 3268 agros
526 3203 646 3254 deseruit
664 3200 786 3260 incultos,
807 3199 872 3264 quid
892 3212 1026 3264 quaerens
1046 3199 1125 3262 aliud,
1143 3199 1195 3250 nisi

94 3275 189 3334 beetern
209 3285 312 3334 vium?
350 3285 386 3334 id.
405 3283 510 3334 Tuscul.
532 3283 599 3347 disp.
618 3281 648 3344 V,
667 3277 714 3332 39:
741 3279 810 3341 Quid
826 3281 912 3343 ergo?
941 3283 988 3331 uut
1005 3279 1121 3331 Homero
1140 3279 1194 3330 de-

93 3357 249 3416 lectationem
266 3365 349 3417 animi
372 3377 404 3416 ec
424 3365 598 3429 voluptutem.
623 3363 671 3414 aut
696 3363 821 3425 cuiquem
840 3360 921 3411 docto
937 3361 1055 3412 doluisse
1075 3373 1194 3426 unquam

95 3441 263 3497 arbitremur?
288 3449 343 3508 eut,
363 3445 390 3494 ni
410 3445 448 3495 ita
471 3459 502 3498 se
521 3459 566 3496 res
586 3443 704 3506 baberet,
725 3439 898 3505 Anaxagoras
924 3445 971 3494 out
997 3443 1041 3493 iric
1060 3443 1118 3506 ipso
1136 3441 1194 3492 De-

95 3525 211 3579 mocritus
229 3539 310 3592 agros
327 3531 354 3578 et
371 3527 532 3590 petnmonie
550 3538 600 3578 sue
615 3525 792 3590 reliquissent,
810 3522 873 3573 huic
889 3523 1010 3578 discendi
1029 3521 1194 3590 quaerendi-

95 3615 140 3666 que
156 3605 257 3660 divinee
276 3608 447 3660 delectationi
468 3611 524 3658 toto
541 3619 571 3660 se
590 3607 679 3658 enimc
696 3603 854 3656 dedissent?

154 3698 191 3762 ¹⁶)
205 3699 293 3750 Docet
315 3700 392 3763 epist
412 3695 432 3760 1,
451 3695 491 3762 tn,
510 3695 557 3750 tn:

186 3781 321 3842 liiramur,
341 3781 364 3832 si
383 3781 529 3832 Democriti
546 3791 630 3845 pecus
649 3777 705 3836 edit
724 3777 823 3841 agellos

185 3859 322 3928 Cultaque,
350 3862 415 3914 durn
432 3875 545 3927 peregre
563 3863 606 3912 est
624 3860 729 3911 mimus
747 3861 805 3910 sine
826 3869 940 3921 corpore
958 3855 1046 3908 velox.

156 3950 194 4015 ¹⁵)
214 3953 297 4004 Vetus
318 3953 418 4004 Horatii
444 3955 577 4020 interpres
596 3953 631 4004 ed
651 3953 729 4016 epist.
746 3948 764 4015 l,
782 3947 821 4013 ts,
843 3946 877 3999 1⁴2
895 3949 963 3999 baec
983 3947 1101 3998 nomvit:
1137 3945 1194 3996 De-

96 4031 222 4096 mocritus,
239 4031 382 4087 Abderites
410 4035 594 4100 philosophus,
617 4037 770 4085 atomorum
790 4033 914 4082 inventor
934 4033 962 4080 et
979 4041 1102 4080 errorum
1117 4025 1194 4076 'mul-

97 4111 182 4174 torum,
200 4113 265 4166 dum
289 4113 472 4180 philosophiae
498 4117 616 4168 intentus
644 4117 730 4176 esset,
755 4112 869 4178 neglexit
887 4123 966 4176 egros
983 4123 1057 4172 euos,
1079 4109 1147 4158 edeo
1166 4108 1197 4156 ut

97 4191 235 4246 vicinorum
252 4209 352 4260 pecora
373 4195 408 4246 ibi
431 4197 515 4248 libere
533 4200 718 4261 poscerentur.

160 4285 197 4352 ²⁸)
211 4287 283 4340 Philo
299 4289 333 4342 de
352 4291 407 4342 vita
426 4291 634 4355 contemplative
654 4303 679 4354 p.
691 4285 756 4340 891:
776 4277 951 4352 Ἀναξαγόραν
971 4277 1017 4332 eol
1032 4273 1195 4347 Δημόκριτον
