2938 4864
293 297 358 364 316
612 293 809 360 montionem
834 295 1068 352 Demcritearan

295 463 350 543 δ,τι
376 461 437 534 icis
468 461 669 548 ἀλλοφρονεῖν
702 463 813 544 legenti
845 455 1030 526 intellexisse
1060 472 1186 543 meet,
1217 465 1288 546 quid
1314 471 1372 524 ese

292 575 404 636 mentri
422 574 580 635 αἰιὶαατίο.
627 570 749 654 Quippe
775 579 934 653 utrumqne
958 571 1018 634 boc
1044 574 1116 638 loco
1144 573 1261 637 delendi
1284 577 1372 652 potest.

294 682 455 746 Caeterum
475 681 626 742 Homerus
646 681 677 741 in
697 679 798 757 iliade,
824 687 858 742 ut
884 699 965 742 nune
986 697 1021 742 se
1043 680 1132 742 babet
1154 682 1308 744 οιιιαὶιιιιοι
1327 685 1374 739 tex·

295 797 354 866 tue,
374 789 468 852 semel
489 795 602 852 tanturn
623 786 872 870 ἀλλοφρονέοντα
895 793 986 850 vocat
1004 787 1155 851 bominem
1175 796 1270 851 mente
1287 787 1375 848 aliena-

294 905 359 960 tum
383 895 435 958 lib.
463 897 571 960 XXlll
595 915 674 959 vers·
696 897 768 972 698,
798 895 850 958 ubi
877 903 976 958 umen
1002 895 1086 958 nulla
1111 897 1249 960 Hectoris
1278 893 1374 956 mettio.

295 1006 501 1088 Quamobrem
523 1003 667 1083 conjicias
689 1003 895 1067 Democritum
912 1003 963 1068 lib.
985 1003 1079 1066 XXll
1097 1012 1149 1068 aut
1168 1023 1246 1068 vers,
1267 1005 1320 1066 337
1339 1007 1376 1061 aut

294 1135 372 1178 vers.
395 1115 456 1178 355
481 1103 606 1194 leiiseer

401 1217 462 1284 Τδν
487 1221 516 1282 δ’
544 1217 764 1304 ἀλλοφρονέων
785 1217 923 1303 προςέφη
948 1217 1152 1303 κορυθαίολος
1164 1214 1293 1303 Ἕκτωρ.

295 1331 401 1394 Priore
421 1329 492 1392 loeo
520 1347 600 1391 nunc
628 1327 778 1390 iuvenitur
803 1325 1038 1410 ὀλιγοδρανέων,
1063 1329 1235 1408 posteriore
1256 1325 1377 1405 καταδιη-

296 1458 388 1502 αιιων.
431 1437 494 1501 Sed
523 1457 615 1520 quum
639 1435 746 1498 mentis
775 1436 917 1498 tenebrae
950 1436 1127 1519 plenamque
1153 1437 1250 1517 ipsam
1277 1441 1378 1497 menen

296 1545 486 1628 praecedant,
513 1544 680 1624 putaverim
710 1545 763 1606 bas
792 1545 931 1606 tenebras
959 1543 1111 1624 designari
1136 1543 1286 1608 vocabulo
1309 1541 1377 1602 ἀλλο-

297 1652 437 1737 φρονέων
458 1651 549 1734 idque
570 1651 642 1714 olim
665 1651 758 1714 luisse
781 1669 859 1714 vers
880 1653 941 1714 355
971 1673 1028 1732 pro
1052 1651 1281 1735 καταθνῄσκων.
1321 1651 1378 1708 Tun

296 1760 388 1840 igitur
412 1761 527 1822 lleeter
558 1761 681 1824 vixdum
709 1759 817 1822 urentis
851 1779 980 1840 compos
1011 1760 1104 1822 luisse
1130 1762 1311 1840 perhibetur,
1334 1773 1379 1837 que

296 1873 433 1946 tempore
455 1873 588 1929 extrema
606 1868 811 1948 pronunciare
828 1867 921 1930 verba
940 1867 1087 1929 Achillem
1108 1869 1282 1952 alloquitur.
1319 1867 1380 1926 liae·-

296 1975 474 2056 significatio
486 1997 578 2058 quum
589 1975 682 2056 paulo
697 1976 874 2058 exquisitior
885 1982 915 2036 et
924 1975 1009 2057 quasi
1031 1977 1140 2038 tectior
1153 1983 1246 2053 esset,
1266 1977 1294 2036 in
1312 1989 1379 2033 canu

295 2082 417 2146 videtur
434 2083 536 2159 luisse,
555 2091 589 2146 nt
609 2085 764 2167 antiquum
783 2084 963 2148 vocabulum
984 2104 1002 2146 a
1023 2084 1237 2148 Grammaticis
1259 2079 1380 2165 posterio-

297 2190 382 2254 ribus
404 2191 435 2252 in
454 2191 513 2254 isto
532 2211 622 2255 versu
640 2211 742 2254 veram
762 2194 827 2271 ejus
848 2191 907 2252 vim
925 2211 988 2254 uon
1008 2191 1247 2272 percipientibus
1265 2191 1329 2252 sede
1343 2205 1381 2247 sua

297 2300 499 2382 expelleretur
518 2299 659 2381 aliudque
680 2301 820 2362 omuibus
842 2307 946 2362 notum
968 2317 1027 2379 pro
1046 2319 1083 2361 eo
1104 2299 1302 2362 sufficeretur.

382 2411 432 2470 90.
474 2409 508 2470 ln
535 2408 659 2469 carrdem
687 2407 864 2468 seutentiam
891 2407 966 2469 God.
1005 2407 1088 2468 Flor.
1121 2407 1234 2471 loann.
1270 2409 1379 2468 Damno

297 2519 379 2599 apud
401 2515 552 2579 Gaisiord.
580 2513 609 2576 in
636 2516 683 2577 ed.
703 2516 827 2577 Stobaei
850 2517 936 2576 Tem.
957 2515 1008 2591 lV,
1027 2535 1095 2595 pag.
1119 2515 1199 2578 431:
1226 2512 1378 2577 Λεύκιππος.

299 2625 500 2707 Δημοκράτης
530 2621 582 2688 τὰς
612 2621 770 2704 αἰσθήσεις
802 2623 852 2684 καὶ
881 2621 933 2689 τὰς
958 2622 1080 2704 νοήσεις
1107 2621 1300 2704 ἑτεροιώσεις
1324 2614 1379 2678 εἶναι

296 2733 527 2814 τοῦσώματος,
555 2729 585 2790 in
613 2729 722 2810 quibus
749 2731 850 2793 verbis
881 2749 939 2811 pro
961 2729 1163 2812 Δημοκράτης
1191 2725 1380 2792 restituendum

297 2846 344 2901 est
365 2836 561 2920 Δημόκριτος.
604 2837 684 2898 Vide
703 2857 796 2918 supra
814 2848 948 2900 nostram
970 2839 1009 2899 de
1032 2838 1321 2900 Pseudodcnrocrate
1339 2830 1380 2890 dit

297 2945 541 3026 putationeulam.

382 3055 431 3116 21.
474 3051 577 3116 Verba
598 3060 669 3131 post
691 3049 880 3135 depompatae
897 3051 970 3115 olim
992 3053 1037 3114 sic
1057 3052 1274 3133 vulgabantur:
1301 3049 1325 3110 el
1339 3041 1380 3126 γὰρ

299 3159 442 3242 διακριδῇ
468 3156 555 3221 ἔνδεν
587 3159 729 3236 ἕκαστον,
757 3159 785 3220 εἰ
809 3159 859 3221 καὶ
880 3183 907 3220 κ.
928 3181 951 3222 τ.
967 3162 1006 3239 λ.,
1033 3181 1110 3243 quae
1132 3159 1331 3224 Schneiderus
1353 3152 1379 3210 lit

298 3266 409 3346 corrigi
428 3267 525 3328 voluit
545 3267 595 3329 καὶ
610 3267 667 3351 γὰρ
690 3265 843 3348 διανριδὲν
860 3267 914 3348 μὲν
931 3265 1058 3328 ἕκαστον
1077 3291 1104 3329 κ.
1127 3289 1152 3329 τ.
1174 3270 1204 3330 λ.
1249 3269 1380 3329 emerere

298 3373 443 3436 edebatur
457 3372 610 3458 διαφέροι,
626 3371 766 3458 διαφέρει
788 3373 922 3455 αταδμδν
934 3397 961 3435 κ.
974 3397 999 3436 τ.
1013 3375 1040 3435 λ.
1075 3376 1279 3438 Schneiderus
1298 3363 1379 3447 rejeci¹

299 3479 440 3566 διαφέρει
465 3481 605 3564 idemque
634 3484 768 3544 exaravit
794 3479 871 3543 κατὰ
896 3481 1073 3566 τὴνφύσιν,
1101 3503 1163 3545 non
1190 3491 1281 3558 recte,
1310 3491 1379 3560 qudm

298 3589 487 3652 aecusativus
514 3611 551 3652 ex
576 3592 670 3652 verbo
701 3585 783 3673 ἔχειν
812 3589 949 3670 pendeat.
1002 3591 1194 3653 Burcbardus
1215 3585 1336 3667 conjecit
1351 3581 1379 3639 le

300 3699 429 3778 gendum
454 3715 536 3760 esse:
570 3699 597 3760 εἰ
625 3697 681 3781 γὰρ
711 3691 856 3782 διακριδηῖ
880 3695 911 3759 ἓν
943 3696 997 3780 μὲν
1023 3697 1167 3773 ἕκαστον,
1183 3697 1227 3758 'el
1253 3695 1300 3758 καὶ
1323 3682 1378 3753 aad

300 3809 405 3890 ιηηῇρα
426 3804 568 3890 διαφέροι
589 3807 639 3868 καὶ
660 3805 737 3869 κατὰ
760 3804 905 3889 σταθμόν,
925 3805 974 3867 ἐπὶ
995 3803 1118 3888 pereites
1138 3805 1191 3887 την
1215 3803 1301 3888 φύσιν
1317 3799 1377 3880 ἔχειν

299 3913 357 3974 boo
377 3933 483 3974 seusu:
523 3915 585 3991 „Si
613 3915 695 3996 quod
726 3915 901 3996 quotidiano
930 3913 1040 3976 levium
1071 3920 1102 3975 et
1129 3914 1261 3994 graidmn
1287 3900 1377 3971 nsuiss

298 4019 499 4099 singadaribus
517 4022 707 4085 aestimandis
728 4022 909 4102 corporibus
926 4021 1052 4101 intelligi
1072 4019 1161 4098 solet,
1182 4021 1320 4090 audimus
1337 4021 1377 4070 1¹⁰⁰

297 4131 419 4188 mutuae
438 4129 542 4192 barram
563 4130 720 4193 notionum
740 4129 929 4207 conditionis,
958 4149 1014 4191 nee
1040 4128 1156 4190 lormae
1184 4127 1231 4190 vel
1258 4111 1376 4205 ponderi:-

298 4232 415 4310 proprii
443 4233 559 4298 ratione
586 4237 699 4314 habita,
731 4237 814 4321 quod
840 4237 937 4316 majus
966 4243 1026 4314 est,
1060 4237 1092 4298 id
1118 4237 1291 4317 plerumque
1310 4223 1375 4288 etiae
