2956 4860
395 325 479 381 Liher
497 327 520 381 l.
555 325 598 382 De
617 326 767 386 Democriti
785 330 851 388 cita.
1137 335 1178 402 19

77 491 140 555 dori
155 489 184 574 ¹)
211 490 341 556 omnium
370 499 530 556 auctorum
558 513 636 576 quos
658 495 696 557 de
723 495 897 578 philosophi
917 498 1005 580 hujus
1022 519 1098 564 aevo
1119 503 1178 566 dis-

75 607 208 680 putantes
243 602 437 664 excitavimus
466 602 530 663 iere
559 602 755 684 antiquissimi
774 603 805 682 ²)
840 607 1035 670 confirmetur
1061 618 1179 676 senteu-

75 709 120 786 tia,
141 710 332 791 Olympos,
357 713 372 773 1
399 715 502 772 nahrm
529 728 595 772 esse
620 710 768 774 Nostrum
797 717 969 777 statuamus.
1008 714 1179 795 Apollodo-

75 835 136 879 rum
156 818 292 901 sequitur
312 818 469 880 Diodorus
481 816 604 880 Siculus
624 838 713 900 quem
735 819 792 882 suh
810 819 949 901 Augusto
967 821 1058 884 vitam
1080 825 1177 905 egisse

75 933 255 1006 compertum
283 926 426 988 habemus
454 931 484 988 et
517 925 715 1005 exploratum.
754 927 890 990 Mirabile
911 927 1071 992 discrimen
1094 937 1180 996 noia-

73 1033 162 1098 iimus
189 1035 269 1097 inter
298 1033 392 1113 ipsius
417 1032 584 1096 Democriti
606 1035 810 1098 testimonium
830 1037 912 1116 apud
934 1037 1120 1100 Clementem
1141 1041 1179 1103 de

74 1139 158 1221 longa
185 1161 240 1204 sne
269 1142 301 1203 in
329 1142 471 1222 Aegypto
504 1143 741 1205 commoratione
776 1148 807 1203 et
832 1143 1004 1206 Diodorum
1032 1146 1178 1211 Siculum.

74 1250 195 1311 Tantum
216 1250 292 1312 illud
316 1255 370 1327 est,
394 1255 428 1312 ut
449 1248 518 1311 tolli
540 1267 631 1328 posse
654 1249 851 1312 nullomodo
872 1251 1016 1316 videatur.
1052 1253 1094 1315 At
1114 1255 1179 1318 sine

75 1355 159 1418 dnbio
184 1357 339 1438 octoginta
373 1357 443 1419 arrni
471 1358 523 1439 qui
552 1343 633 1439 opud
660 1357 846 1420 Clementem
873 1365 944 1422 sunt
976 1379 1045 1422 cum
1070 1360 1177 1442 lustro,

74 1465 108 1526 de
129 1485 186 1548 quo
208 1465 344 1548 loquitur
363 1465 529 1545 Diodorus,
552 1467 615 1529 sive
639 1467 741 1547 potius
761 1466 820 1546 ipsi
832 1466 974 1548 Aegyptii
996 1469 1078 1548 apud
1100 1491 1177 1550 eum,

73 1575 113 1635 sie
134 1573 274 1655 conjungi
309 1581 436 1657 queunt,
464 1582 499 1638 ut
532 1575 563 1638 in
586 1574 755 1638 Democriti
780 1574 859 1637 libro
888 1593 1009 1658 exque
1039 1577 1179 1642 Clemens

73 1682 126 1743 hoc
145 1683 344 1762 fragmentum
377 1683 536 1764 descripsit
555 1703 714 1746 numerum
734 1682 817 1744 illum
837 1703 900 1746 uon
921 1683 1015 1745 verbo
1039 1686 1179 1748 enuncia·

72 1796 138 1867 tum,
165 1791 219 1852 sed
246 1789 336 1870 siguo
367 1810 544 1871 expressum
567 1791 661 1854 luisse
689 1791 847 1853 dicamus.'
880 1789 954 1852 Nori
974 1797 1094 1870 poterat
1115 1795 1175 1856 hoc

72 1899 181 1979 signum
209 1899 268 1961 nisi
292 1896 393 1961 littera
420 1897 448 1963 ii
483 1921 550 1964 esse
578 1919 664 1982 quae,
691 1900 761 1983 quia
786 1897 883 1980 prima
903 1903 947 1960 est
968 1900 1054 1962 vocis
1076 1899 1177 1979 πέντε,

73 2009 99 2069 in
117 2007 327 2070 vetustissimis
349 2007 495 2072 Graeciae
518 2007 719 2072 monumentis
744 2009 878 2088 quinque
895 2005 932 2085 ³),
965 2009 1105 2072 citeriore
1126 2030 1179 2072 an-

72 2123 126 2177 tem
145 2121 238 2178 aetate
268 2122 300 2178 et
324 2115 514 2197 potissimum
540 2115 709 2180 minuscula
733 2117 831 2179 torma
856 2137 925 2178 cum
953 2116 1119 2196 ascriptitia
1144 2117 1180 2178 li-

72 2224 155 2287 oeola
174 2221 231 2306 (π’)
251 2226 413 2304 octoginta
438 2226 621 2306 designabat
669 2225 704 2288 Si
726 2223 817 2305 igitur
846 2225 988 2288 Clemens
1014 2224 1046 2285 in
1067 2226 1180 2287 Demo-

74 2332 134 2393 criti
153 2333 264 2414 scripto
286 2332 416 2394 litteram
446 2330 473 2396 ii
496 2337 555 2398 isto
579 2334 651 2398 loco
677 2331 799 2407 invenit,
821 2352 910 2413 qnam
932 2333 997 2414 ipse
1019 2353 1077 2413 pro
1097 2341 1178 2394 octo-

71 2443 164 2520 ginta,
194 2441 244 2504 ille
274 2446 376 2503 autem
402 2461 459 2522 pro
494 2443 629 2524 quinque
652 2439 835 2520 usurpabat,
866 2461 928 2502 uon
961 2447 1008 2504 est
1033 2439 1178 2518 mirabile,

74 2549 149 2628 quod
172 2550 253 2630 apud
282 2548 469 2612 Clementem
506 2569 544 2612 ex
574 2569 636 2632 quo
659 2554 766 2630 postea
793 2547 942 2611 Eusebius
964 2549 1050 2612 illum
1076 2547 1178 2610 loc'um

73 2658 269 2738 transscripsit
303 2657 459 2737 octoginta
483 2677 579 2722 annos
610 2663 772 2720 annotatos
793 2655 969 2736 reperimus,
991 2674 1084 2736 quum
1105 2655 1180 2719 Dio-

73 2763 166 2842 dorus,
184 2786 273 2848 quem
293 2764 452 2846 probabile
472 2773 518 2830 est
541 2765 579 2828 ab
603 2763 762 2846 Aegyptiis
770 2765 842 2826 ‘lioc
863 2763 1023 2840 audivisse,
1047 2763 1180 2846 quinque

73 2877 179 2934 tantum
206 2893 304 2937 annos
340 2873 547 2938 Democritum
579 2875 610 2936 in
641 2874 783 2953 Aegypto
812 2877 963 2933 versatum
993 2890 1059 2934 esse
1091 2873 1179 2936 dicat.

72 2978 128 3043 Aut
157 2981 183 3044 si
212 2981 279 3063 ipsc
307 2983 448 3045 Clemens
476 2981 507 3044 in
542 2981 741 3046 exscribendo
769 2979 937 3044 Democriti
963 2979 1034 3044 loeo
1061 3002 1178 3045 memor

74 3095 133 3150 erat
160 3109 248 3173 quam
272 3089 304 3152 in
326 3090 459 3152 numeris
481 3077 615 3152 uetustas
638 3088 755 3151 litterae
777 3085 805 3151 ii
833 3089 966 3150 tribuere
986 3095 1103 3151 suesset
1124 3108 1180 3170 po-

74 3201 210 3274 testatem,
235 3199 302 3260 tieri
323 3203 503 3278 pateretui
525 3197 703 3279 posterioris
731 3196 797 3258 oevi
815 3195 931 3258 librarii
955 3195 1180 3276 deprehenden-

73 3307 113 3366 tes
129 3307 203 3370 hane
225 3313 339 3383 notam,
353 3307 441 3387 cujus
456 3306 589 3386 priorem
610 3305 858 3386 significationem
876 3303 1059 3381 nesciebant,
1079 3304 1180 3367 tritum
1279 3373 1282 3380 ,

74 3463 265 3483 ——n

138 3537 158 3601 ¹)
172 3539 366 3604 Apollodorum
386 3538 465 3600 hunc,
482 3537 674 3590 Chronicorum
693 3539 840 3598 auctorem,
857 3550 938 3602 qrrem
951 3535 1083 3601 Diogenes
1093 3535 1179 3585 Laer-

75 3617 121 3669 tius
140 3623 192 3671 tam
210 3635 296 3686 saepe
319 3622 395 3682 citat,
421 3619 538 3672 eundem
566 3633 627 3672 esse
652 3617 777 3670 viderunt
799 3617 850 3668 viri
868 3617 940 3669 docti
958 3631 1027 3684 ques
1043 3617 1179 3680 lleuogius

76 3697 107 3748 ad
123 3699 203 3752 laert
223 3704 242 3764 l,
258 3699 301 3753 37.
322 3701 412 3752 laudat
432 3714 494 3752 cum
514 3700 694 3752 Grammatico
715 3698 757 3749 ilio
772 3697 941 3760 Atheniensi,
966 3698 1012 3762 qui
1036 3696 1104 3748 lilius
1129 3696 1178 3746 init

76 3778 238 3845 Asclepiadis,
256 3783 402 3834 Aristarchi
424 3783 595 3833 Grammatici
617 3783 645 3832 ot
663 3780 780 3830 Panaetii
801 3778 950 3844 philosophi
972 3777 1127 3841 discipulus,
1154 3779 1181 3827 et

77 3860 147 3920 cuius
164 3867 250 3914 exstet
267 3863 336 3916 liber
354 3863 516 3915 Bibliotheca
537 3863 689 3924 inscriptus.
727 3858 857 3910 Chronica
876 3872 926 3910 sue
946 3857 1032 3909 Attalo
1050 3858 1180 3919 secunde,

76 3937 132 4004 liegi
150 3941 311 4008 Pergameno
335 3946 514 4008 nuncupasse
536 3943 602 3994 vixit
626 3943 717 4006 itaqua
739 3941 812 3992 circa
834 3940 871 3992 ei.
893 3935 950 4002 160,
977 3940 1054 4003 cujus
1076 3941 1180 4004 primus

76 4021 721 4079 ommmmmmmn.

142 4115 163 4178 ²)
181 4115 321 4182 Antiquior
340 4122 383 4170 est
399 4117 577 4176 Antisthenes,
595 4114 629 4166 de
644 4126 697 4179 que
712 4125 774 4164 mor
792 4125 877 4178 egam.

117 4205 164 4336 93²)
182 4207 219 4258 De
250 4211 321 4262 notis
346 4208 529 4262 numeralibus
553 4209 616 4260 vide
640 4205 765 4258 hlatthioe
789 4206 905 4257 Gramm.
927 4205 971 4256 Gr.
989 4205 1011 4270 g.
1032 4202 1054 4255 1.
1080 4203 1138 4256 ebs.
1156 4199 1180 4252 t.

77 4294 99 4344 D·
158 4299 231 4354 seqq.

913 4377 978 4440 2*
