<?xml version="1.0" encoding="UTF-8"?>
<!DOCTYPE html PUBLIC "-//W3C//DTD XHTML 1.0 Transitional//EN"
    "http://www.w3.org/TR/xhtml1/DTD/xhtml1-transitional.dtd">
<html xmlns="http://www.w3.org/1999/xhtml" xml:lang="en" lang="en">
 <head>
  <title>
</title>
<meta http-equiv="Content-Type" content="text/html;charset=utf-8" />
  <meta name='ocr-system' content='tesseract 3.04.00' />
  <meta name='ocr-capabilities' content='ocr_page ocr_carea ocr_par ocr_line ocrx_word'/>
</head>
<body>
  <div class='ocr_page' id='page_1' title='image "./democritiabderi00mullgoog_0165.png"; bbox 0 0 2892 4872; ppageno 0'>
   <div class='ocr_carea' id='block_1_1' title="bbox 290 295 1068 366">
    <p class='ocr_par' dir='ltr' id='par_1_1' title="bbox 290 295 1068 366">
     <span class='ocr_line' id='line_1_1' title="bbox 290 295 1068 366; baseline -0.006 -8"><span class='ocrx_word' id='word_1_1' title='bbox 290 299 353 366; x_wconf 75' lang='lat' dir='ltr'><strong>m</strong></span> <span class='ocrx_word' id='word_1_2' title='bbox 622 295 819 360; x_wconf 72' lang='lat' dir='ltr'><strong>Quaestionum</strong></span> <span class='ocrx_word' id='word_1_3' title='bbox 837 297 1068 354; x_wconf 84' lang='lat' dir='ltr'><strong>Damocritaarum</strong></span> 
     </span>
    </p>
   </div>
   <div class='ocr_carea' id='block_1_2' title="bbox 289 434 1395 654">
    <p class='ocr_par' dir='ltr' id='par_1_2' title="bbox 289 434 1395 654">
     <span class='ocr_line' id='line_1_2' title="bbox 289 434 1394 550; baseline -0.001 -20"><span class='ocrx_word' id='word_1_4' title='bbox 289 467 405 550; x_wconf 88' lang='lat' dir='ltr'><strong>positas</strong></span> <span class='ocrx_word' id='word_1_5' title='bbox 426 465 584 530; x_wconf 89' lang='lat' dir='ltr'><strong>ediderunt</strong></span> <span class='ocrx_word' id='word_1_6' title='bbox 603 464 758 546; x_wconf 74' lang='lat' dir='ltr'><strong>astrologi,</strong></span> <span class='ocrx_word' id='word_1_7' title='bbox 784 485 887 529; x_wconf 86' lang='lat' dir='ltr'><strong>aarum</strong></span> <span class='ocrx_word' id='word_1_8' title='bbox 912 434 1104 550; x_wconf 68' lang='lat' dir='ltr'><strong>capdaipppc</strong></span> <span class='ocrx_word' id='word_1_9' title='bbox 1123 467 1214 529; x_wconf 89' lang='lat' dir='ltr'><strong>simul</strong></span> <span class='ocrx_word' id='word_1_10' title='bbox 1235 466 1323 529; x_wconf 89' lang='lat' dir='ltr'><strong>etiam</strong></span> <span class='ocrx_word' id='word_1_11' title='bbox 1341 487 1394 550; x_wconf 89' lang='lat' dir='ltr'><strong>pu·</strong></span> 
     </span>
     <span class='ocr_line' id='line_1_3' title="bbox 290 573 1395 654; baseline -0.003 -15"><span class='ocrx_word' id='word_1_12' title='bbox 290 576 405 640; x_wconf 88' lang='lat' dir='ltr'><strong>blicare</strong></span> <span class='ocrx_word' id='word_1_13' title='bbox 432 576 588 651; x_wconf 88' lang='lat' dir='ltr'><strong>solebant,</strong></span> <span class='ocrx_word' id='word_1_14' title='bbox 618 575 677 636; x_wconf 91' lang='lat' dir='ltr'><strong>hoc</strong></span> <span class='ocrx_word' id='word_1_15' title='bbox 704 579 767 649; x_wconf 88' lang='lat' dir='ltr'><strong>est,</strong></span> <span class='ocrx_word' id='word_1_16' title='bbox 798 574 901 636; x_wconf 86' lang='lat' dir='ltr'><strong>tabula</strong></span> <span class='ocrx_word' id='word_1_17' title='bbox 931 575 963 636; x_wconf 91' lang='lat' dir='ltr'><strong>in</strong></span> <span class='ocrx_word' id='word_1_18' title='bbox 990 574 1113 654; x_wconf 88' lang='lat' dir='ltr'><strong>publico</strong></span> <span class='ocrx_word' id='word_1_19' title='bbox 1133 575 1223 638; x_wconf 76' lang='lat' dir='ltr'><strong>alicua</strong></span> <span class='ocrx_word' id='word_1_20' title='bbox 1245 573 1395 636; x_wconf 89' lang='lat' dir='ltr'><strong>Canonem</strong></span> 
     </span>
    </p>
   </div>
   <div class='ocr_carea' id='block_1_3' title="bbox 177 682 1397 767">
    <p class='ocr_par' dir='ltr' id='par_1_3' title="bbox 177 682 1397 767">
     <span class='ocr_line' id='line_1_4' title="bbox 177 682 1397 767; baseline -0.005 -17"><span class='ocrx_word' id='word_1_21' title='bbox 177 743 179 748; x_wconf 95' lang='lat'><em>.</em></span> <span class='ocrx_word' id='word_1_22' title='bbox 290 704 464 767; x_wconf 74' lang='lat' dir='ltr'>proponere</span> <span class='ocrx_word' id='word_1_23' title='bbox 491 688 614 746; x_wconf 90' lang='lat' dir='ltr'><strong>ortuum</strong></span> <span class='ocrx_word' id='word_1_24' title='bbox 642 689 672 744; x_wconf 90' lang='lat' dir='ltr'><strong>et</strong></span> <span class='ocrx_word' id='word_1_25' title='bbox 698 701 863 744; x_wconf 89' lang='lat' dir='ltr'><strong>occasnum</strong></span> <span class='ocrx_word' id='word_1_26' title='bbox 889 682 1044 744; x_wconf 89' lang='lat' dir='ltr'><strong>stellarum</strong></span> <span class='ocrx_word' id='word_1_27' title='bbox 1080 682 1292 758; x_wconf 89' lang='lat' dir='ltr'><strong>inerrantium,</strong></span> <span class='ocrx_word' id='word_1_28' title='bbox 1320 682 1397 744; x_wconf 87' lang='lat' dir='ltr'><strong>deie-</strong></span> 
     </span>
    </p>
   </div>
   <div class='ocr_carea' id='block_1_4' title="bbox 282 789 1399 3462">
    <p class='ocr_par' dir='ltr' id='par_1_4' title="bbox 282 789 1399 3462">
     <span class='ocr_line' id='line_1_5' title="bbox 290 789 1397 872; baseline -0.006 -15"><span class='ocrx_word' id='word_1_29' title='bbox 290 801 393 858; x_wconf 89' lang='lat' dir='ltr'><strong>ctuum</strong></span> <span class='ocrx_word' id='word_1_30' title='bbox 414 791 488 857; x_wconf 89' lang='lat' dir='ltr'><strong>solis</strong></span> <span class='ocrx_word' id='word_1_31' title='bbox 509 797 539 854; x_wconf 89' lang='lat' dir='ltr'><strong>et</strong></span> <span class='ocrx_word' id='word_1_32' title='bbox 557 790 655 868; x_wconf 89' lang='lat' dir='ltr'><strong>lunae,</strong></span> <span class='ocrx_word' id='word_1_33' title='bbox 683 789 943 872; x_wconf 87' lang='lat' dir='ltr'><strong>aequinoctiorum</strong></span> <span class='ocrx_word' id='word_1_34' title='bbox 965 797 997 853; x_wconf 90' lang='lat' dir='ltr'><strong>et</strong></span> <span class='ocrx_word' id='word_1_35' title='bbox 1017 789 1223 867; x_wconf 77' lang='lat' dir='ltr'><strong>solstitiorum,</strong></span> <span class='ocrx_word' id='word_1_36' title='bbox 1250 789 1397 852; x_wconf 85' lang='lat' dir='ltr'><strong>variarum</strong></span> 
     </span>
     <span class='ocr_line' id='line_1_6' title="bbox 291 896 1398 981; baseline -0.008 -14"><span class='ocrx_word' id='word_1_37' title='bbox 291 903 371 967; x_wconf 89' lang='lat' dir='ltr'><strong>coeli</strong></span> <span class='ocrx_word' id='word_1_38' title='bbox 392 907 603 981; x_wconf 70' lang='lat' dir='ltr'><strong>tempestatum</strong></span> <span class='ocrx_word' id='word_1_39' title='bbox 632 907 663 963; x_wconf 92' lang='lat' dir='ltr'><strong>et</strong></span> <span class='ocrx_word' id='word_1_40' title='bbox 687 898 837 961; x_wconf 81' lang='lat' dir='ltr'><strong>similium.</strong></span> <span class='ocrx_word' id='word_1_41' title='bbox 885 899 989 960; x_wconf 85' lang='lat' dir='ltr'><strong>Verba</strong></span> <span class='ocrx_word' id='word_1_42' title='bbox 1013 905 1083 961; x_wconf 89' lang='lat' dir='ltr'><strong>sunt</strong></span> <span class='ocrx_word' id='word_1_43' title='bbox 1103 897 1243 960; x_wconf 88' lang='lat' dir='ltr'><strong>Salmasii</strong></span> <span class='ocrx_word' id='word_1_44' title='bbox 1263 898 1302 958; x_wconf 88' lang='lat' dir='ltr'><strong>ad</strong></span> <span class='ocrx_word' id='word_1_45' title='bbox 1321 896 1398 959; x_wconf 89' lang='lat' dir='ltr'><strong>Soli·</strong></span> 
     </span>
     <span class='ocr_line' id='line_1_7' title="bbox 290 1005 1397 1088; baseline -0.008 -15"><span class='ocrx_word' id='word_1_46' title='bbox 290 1031 362 1074; x_wconf 90' lang='lat' dir='ltr'><strong>num</strong></span> <span class='ocrx_word' id='word_1_47' title='bbox 380 1009 441 1074; x_wconf 86' lang='lat' dir='ltr'><strong>ll.</strong></span> <span class='ocrx_word' id='word_1_48' title='bbox 486 1007 643 1070; x_wconf 84' lang='lat' dir='ltr'><strong>Vitruvius</strong></span> <span class='ocrx_word' id='word_1_49' title='bbox 674 1005 727 1068; x_wconf 90' lang='lat' dir='ltr'><strong>lib.</strong></span> <span class='ocrx_word' id='word_1_50' title='bbox 749 1006 846 1082; x_wconf 84' lang='lat' dir='ltr'><strong>1x‚t</strong></span> <span class='ocrx_word' id='word_1_51' title='bbox 877 1006 984 1087; x_wconf 88' lang='lat' dir='ltr'><strong>(vulgo</strong></span> <span class='ocrx_word' id='word_1_52' title='bbox 1013 1010 1048 1086; x_wconf 84' lang='lat'><strong>7)</strong></span> <span class='ocrx_word' id='word_1_53' title='bbox 1075 1029 1105 1088; x_wconf 88' lang='lat' dir='ltr'><strong>p.</strong></span> <span class='ocrx_word' id='word_1_54' title='bbox 1137 1008 1199 1070; x_wconf 93' lang='grc'><strong>919</strong></span> <span class='ocrx_word' id='word_1_55' title='bbox 1228 1006 1275 1068; x_wconf 90' lang='lat' dir='ltr'><strong>ed.</strong></span> <span class='ocrx_word' id='word_1_56' title='bbox 1303 1005 1397 1066; x_wconf 76' lang='lat' dir='ltr'><strong>aaa:</strong></span> 
     </span>
     <span class='ocr_line' id='line_1_8' title="bbox 289 1112 1398 1197; baseline -0.006 -16"><span class='ocrx_word' id='word_1_57' title='bbox 289 1121 356 1197; x_wconf 90' lang='lat' dir='ltr'><strong>„De</strong></span> <span class='ocrx_word' id='word_1_58' title='bbox 377 1115 563 1180; x_wconf 88' lang='lat' dir='ltr'><strong>naturalibus</strong></span> <span class='ocrx_word' id='word_1_59' title='bbox 582 1121 681 1178; x_wconf 76' lang='lat' dir='ltr'><strong>autmn</strong></span> <span class='ocrx_word' id='word_1_60' title='bbox 705 1115 796 1177; x_wconf 89' lang='lat' dir='ltr'><strong>rebus</strong></span> <span class='ocrx_word' id='word_1_61' title='bbox 817 1113 928 1178; x_wconf 73' lang='lat' dir='ltr'><strong>&#39;lluales</strong></span> <span class='ocrx_word' id='word_1_62' title='bbox 948 1115 1096 1190; x_wconf 89' lang='lat' dir='ltr'><strong>Milesius,</strong></span> <span class='ocrx_word' id='word_1_63' title='bbox 1115 1114 1310 1196; x_wconf 75' lang='lat' dir='ltr'><strong>Anaxagoras</strong></span> <span class='ocrx_word' id='word_1_64' title='bbox 1330 1112 1398 1174; x_wconf 89' lang='lat' dir='ltr'><strong>Cla-</strong></span> 
     </span>
     <span class='ocr_line' id='line_1_9' title="bbox 289 1220 1396 1304; baseline -0.007 -14"><span class='ocrx_word' id='word_1_65' title='bbox 289 1225 460 1302; x_wconf 85' lang='lat' dir='ltr'><strong>zomenius,</strong></span> <span class='ocrx_word' id='word_1_66' title='bbox 488 1224 674 1304; x_wconf 86' lang='lat' dir='ltr'><strong>Pythagoras</strong></span> <span class='ocrx_word' id='word_1_67' title='bbox 703 1223 838 1299; x_wconf 86' lang='lat' dir='ltr'><strong>Samius,</strong></span> <span class='ocrx_word' id='word_1_68' title='bbox 866 1222 1073 1303; x_wconf 82' lang='lat' dir='ltr'><strong>Xenophanes</strong></span> <span class='ocrx_word' id='word_1_69' title='bbox 1094 1220 1313 1303; x_wconf 85' lang='lat' dir='ltr'><strong>Colophonius,</strong></span> <span class='ocrx_word' id='word_1_70' title='bbox 1338 1221 1396 1282; x_wconf 87' lang='lat' dir='ltr'><strong>De·</strong></span> 
     </span>
     <span class='ocr_line' id='line_1_10' title="bbox 288 1330 1398 1413; baseline -0.007 -17"><span class='ocrx_word' id='word_1_71' title='bbox 288 1333 435 1398; x_wconf 87' lang='lat' dir='ltr'><strong>moeritus</strong></span> <span class='ocrx_word' id='word_1_72' title='bbox 452 1331 612 1394; x_wconf 85' lang='lat' dir='ltr'><strong>Abderites</strong></span> <span class='ocrx_word' id='word_1_73' title='bbox 633 1331 766 1394; x_wconf 88' lang='lat' dir='ltr'><strong>rationes</strong></span> <span class='ocrx_word' id='word_1_74' title='bbox 788 1330 898 1413; x_wconf 84' lang='lat' dir='ltr'><strong>quibus</strong></span> <span class='ocrx_word' id='word_1_75' title='bbox 921 1337 1029 1392; x_wconf 87' lang='lat' dir='ltr'><strong>natura</strong></span> <span class='ocrx_word' id='word_1_76' title='bbox 1050 1351 1150 1392; x_wconf 88' lang='lat' dir='ltr'><strong>rerum</strong></span> <span class='ocrx_word' id='word_1_77' title='bbox 1173 1331 1398 1412; x_wconf 77' lang='lat' dir='ltr'><strong>gubernaretur,</strong></span> 
     </span>
     <span class='ocr_line' id='line_1_11' title="bbox 289 1439 1398 1527; baseline -0.006 -22"><span class='ocrx_word' id='word_1_78' title='bbox 289 1441 542 1527; x_wconf 86' lang='lat' dir='ltr'><strong>quemadmodum</strong></span> <span class='ocrx_word' id='word_1_79' title='bbox 562 1457 699 1522; x_wconf 87' lang='lat' dir='ltr'><strong>quosque</strong></span> <span class='ocrx_word' id='word_1_80' title='bbox 722 1439 845 1501; x_wconf 85' lang='lat' dir='ltr'><strong>effectus</strong></span> <span class='ocrx_word' id='word_1_81' title='bbox 858 1439 986 1500; x_wconf 87' lang='lat' dir='ltr'><strong>habeant</strong></span> <span class='ocrx_word' id='word_1_82' title='bbox 1008 1439 1192 1520; x_wconf 82' lang='lat' dir='ltr'><strong>excogitatus</strong></span> <span class='ocrx_word' id='word_1_83' title='bbox 1205 1439 1398 1521; x_wconf 86' lang='lat' dir='ltr'><strong>reliquerunt.</strong></span> 
     </span>
     <span class='ocr_line' id='line_1_12' title="bbox 289 1547 1399 1635; baseline -0.007 -21"><span class='ocrx_word' id='word_1_84' title='bbox 289 1556 429 1635; x_wconf 81' lang='lat' dir='ltr'><strong>Quorum</strong></span> <span class='ocrx_word' id='word_1_85' title='bbox 449 1549 569 1611; x_wconf 74' lang='lat' dir='ltr'><strong>iuventa</strong></span> <span class='ocrx_word' id='word_1_86' title='bbox 588 1547 694 1625; x_wconf 88' lang='lat' dir='ltr'><strong>secuti,</strong></span> <span class='ocrx_word' id='word_1_87' title='bbox 714 1547 847 1609; x_wconf 86' lang='lat' dir='ltr'><strong>siderum</strong></span> <span class='ocrx_word' id='word_1_88' title='bbox 871 1553 956 1608; x_wconf 90' lang='lat' dir='ltr'><strong>ortus</strong></span> <span class='ocrx_word' id='word_1_89' title='bbox 979 1553 1009 1608; x_wconf 91' lang='lat' dir='ltr'><strong>et</strong></span> <span class='ocrx_word' id='word_1_90' title='bbox 1031 1565 1158 1611; x_wconf 83' lang='lat' dir='ltr'><strong>occasus</strong></span> <span class='ocrx_word' id='word_1_91' title='bbox 1177 1551 1399 1628; x_wconf 84' lang='lat' dir='ltr'><strong>tempestatum·</strong></span> 
     </span>
     <span class='ocr_line' id='line_1_13' title="bbox 288 1653 1397 1742; baseline -0.005 -21"><span class='ocrx_word' id='word_1_92' title='bbox 288 1679 347 1742; x_wconf 90' lang='lat' dir='ltr'><strong>que</strong></span> <span class='ocrx_word' id='word_1_93' title='bbox 368 1656 552 1738; x_wconf 84' lang='lat' dir='ltr'><strong>significatus</strong></span> <span class='ocrx_word' id='word_1_94' title='bbox 570 1655 726 1731; x_wconf 82' lang='lat' dir='ltr'><strong>Eudoxus,</strong></span> <span class='ocrx_word' id='word_1_95' title='bbox 745 1653 923 1730; x_wconf 88' lang='lat' dir='ltr'><strong>Euctemon,</strong></span> <span class='ocrx_word' id='word_1_96' title='bbox 943 1653 1110 1736; x_wconf 85' lang='lat' dir='ltr'><strong>Callippus,</strong></span> <span class='ocrx_word' id='word_1_97' title='bbox 1128 1657 1222 1732; x_wconf 87' lang='lat' dir='ltr'><strong>Meto,</strong></span> <span class='ocrx_word' id='word_1_98' title='bbox 1233 1653 1397 1733; x_wconf 73' lang='lat' dir='ltr'><strong>Philippus</strong></span> 
     </span>
     <span class='ocr_line' id='line_1_14' title="bbox 287 1761 1396 1848; baseline -0.007 -18"><span class='ocrx_word' id='word_1_99' title='bbox 287 1765 493 1848; x_wconf 85' lang='lat' dir='ltr'><strong>Hipparchus,</strong></span> <span class='ocrx_word' id='word_1_100' title='bbox 522 1761 633 1825; x_wconf 77' lang='lat' dir='ltr'><strong>Aratus</strong></span> <span class='ocrx_word' id='word_1_101' title='bbox 659 1761 830 1842; x_wconf 87' lang='lat' dir='ltr'><strong>caeterique</strong></span> <span class='ocrx_word' id='word_1_102' title='bbox 855 1780 894 1822; x_wconf 85' lang='lat' dir='ltr'><strong>ex</strong></span> <span class='ocrx_word' id='word_1_103' title='bbox 922 1763 1086 1842; x_wconf 81' lang='lat' dir='ltr'><strong>astrologia</strong></span> <span class='ocrx_word' id='word_1_104' title='bbox 1115 1769 1396 1844; x_wconf 77' lang='lat' dir='ltr'><strong>parapegmatorum</strong></span> 
     </span>
     <span class='ocr_line' id='line_1_15' title="bbox 289 1867 1397 1954; baseline -0.005 -18"><span class='ocrx_word' id='word_1_105' title='bbox 289 1873 463 1954; x_wconf 87' lang='lat' dir='ltr'><strong>disciplinas</strong></span> <span class='ocrx_word' id='word_1_106' title='bbox 489 1871 667 1932; x_wconf 86' lang='lat' dir='ltr'><strong>invenerunt</strong></span> <span class='ocrx_word' id='word_1_107' title='bbox 692 1875 722 1931; x_wconf 89' lang='lat' dir='ltr'><strong>et</strong></span> <span class='ocrx_word' id='word_1_108' title='bbox 751 1889 803 1932; x_wconf 89' lang='lat' dir='ltr'><strong>eas</strong></span> <span class='ocrx_word' id='word_1_109' title='bbox 833 1871 966 1950; x_wconf 85' lang='lat' dir='ltr'><strong>posteris</strong></span> <span class='ocrx_word' id='word_1_110' title='bbox 995 1871 1158 1952; x_wconf 86' lang='lat' dir='ltr'><strong>explicatas</strong></span> <span class='ocrx_word' id='word_1_111' title='bbox 1185 1867 1397 1953; x_wconf 58' lang='lat' dir='ltr'><strong>reliquerunt?</strong></span> 
     </span>
     <span class='ocr_line' id='line_1_16' title="bbox 287 1975 1397 2062; baseline -0.005 -17"><span class='ocrx_word' id='word_1_112' title='bbox 287 1985 365 2046; x_wconf 85' lang='lat' dir='ltr'><strong>Cum</strong></span> <span class='ocrx_word' id='word_1_113' title='bbox 385 1997 567 2062; x_wconf 87' lang='lat' dir='ltr'><strong>parapegma</strong></span> <span class='ocrx_word' id='word_1_114' title='bbox 589 1975 787 2039; x_wconf 89' lang='lat' dir='ltr'><strong>certissimum</strong></span> <span class='ocrx_word' id='word_1_115' title='bbox 809 1978 848 2041; x_wconf 90' lang='lat' dir='ltr'><strong>sit</strong></span> <span class='ocrx_word' id='word_1_116' title='bbox 867 1978 997 2041; x_wconf 85' lang='lat' dir='ltr'><strong>tabulam</strong></span> <span class='ocrx_word' id='word_1_117' title='bbox 1019 1979 1111 2042; x_wconf 83' lang='lat' dir='ltr'><strong>luisse</strong></span> <span class='ocrx_word' id='word_1_118' title='bbox 1133 1999 1267 2056; x_wconf 88' lang='lat' dir='ltr'><strong>aeneam,</strong></span> <span class='ocrx_word' id='word_1_119' title='bbox 1287 1979 1317 2040; x_wconf 92' lang='lat' dir='ltr'><strong>in</strong></span> <span class='ocrx_word' id='word_1_120' title='bbox 1337 1997 1397 2058; x_wconf 87' lang='lat' dir='ltr'><strong>qua</strong></span> 
     </span>
     <span class='ocr_line' id='line_1_17' title="bbox 286 2083 1397 2166; baseline -0.006 -13"><span class='ocrx_word' id='word_1_121' title='bbox 286 2095 390 2153; x_wconf 84' lang='lat' dir='ltr'><strong>notata</strong></span> <span class='ocrx_word' id='word_1_122' title='bbox 412 2093 512 2150; x_wconf 88' lang='lat' dir='ltr'><strong>essent</strong></span> <span class='ocrx_word' id='word_1_123' title='bbox 544 2105 579 2147; x_wconf 83' lang='lat' dir='ltr'><strong>aa</strong></span> <span class='ocrx_word' id='word_1_124' title='bbox 607 2083 735 2166; x_wconf 81' lang='lat' dir='ltr'><strong>quorur&#39;n</strong></span> <span class='ocrx_word' id='word_1_125' title='bbox 758 2087 850 2165; x_wconf 89' lang='lat' dir='ltr'><strong>paulo</strong></span> <span class='ocrx_word' id='word_1_126' title='bbox 872 2095 941 2149; x_wconf 88' lang='lat' dir='ltr'><strong>unte</strong></span> <span class='ocrx_word' id='word_1_127' title='bbox 968 2087 1080 2150; x_wconf 88' lang='lat' dir='ltr'><strong>mentio</strong></span> <span class='ocrx_word' id='word_1_128' title='bbox 1102 2087 1203 2149; x_wconf 84' lang='lat' dir='ltr'><strong>habita</strong></span> <span class='ocrx_word' id='word_1_129' title='bbox 1227 2093 1282 2164; x_wconf 86' lang='lat' dir='ltr'><strong>est,</strong></span> <span class='ocrx_word' id='word_1_130' title='bbox 1303 2086 1397 2148; x_wconf 87' lang='lat' dir='ltr'><strong>nolim</strong></span> 
     </span>
     <span class='ocr_line' id='line_1_18' title="bbox 286 2193 1396 2278; baseline -0.005 -18"><span class='ocrx_word' id='word_1_131' title='bbox 286 2196 385 2261; x_wconf 84' lang='lat' dir='ltr'><strong>varias</strong></span> <span class='ocrx_word' id='word_1_132' title='bbox 406 2193 546 2275; x_wconf 86' lang='lat' dir='ltr'><strong>Magueui</strong></span> <span class='ocrx_word' id='word_1_133' title='bbox 575 2193 765 2272; x_wconf 88' lang='lat' dir='ltr'><strong>conjecturas</strong></span> <span class='ocrx_word' id='word_1_134' title='bbox 790 2197 931 2272; x_wconf 78' lang='lat' dir='ltr'><strong>retinere,</strong></span> <span class='ocrx_word' id='word_1_135' title='bbox 960 2215 1034 2278; x_wconf 89' lang='lat' dir='ltr'><strong>quas</strong></span> <span class='ocrx_word' id='word_1_136' title='bbox 1061 2195 1092 2257; x_wconf 93' lang='lat' dir='ltr'><strong>in</strong></span> <span class='ocrx_word' id='word_1_137' title='bbox 1122 2196 1300 2258; x_wconf 88' lang='lat' dir='ltr'><strong>Democrito</strong></span> <span class='ocrx_word' id='word_1_138' title='bbox 1319 2195 1396 2255; x_wconf 81' lang='lat' dir='ltr'><strong>reri-</strong></span> 
     </span>
     <span class='ocr_line' id='line_1_19' title="bbox 285 2301 1395 2386; baseline -0.005 -20"><span class='ocrx_word' id='word_1_139' title='bbox 285 2305 419 2368; x_wconf 86' lang='lat' dir='ltr'><strong>viscente</strong></span> <span class='ocrx_word' id='word_1_140' title='bbox 438 2322 505 2383; x_wconf 88' lang='lat' dir='ltr'><strong>pag.</strong></span> <span class='ocrx_word' id='word_1_141' title='bbox 529 2303 568 2365; x_wconf 97' lang='grc'><strong>18</strong></span> <span class='ocrx_word' id='word_1_142' title='bbox 600 2301 646 2363; x_wconf 88' lang='lat' dir='ltr'><strong>ed.</strong></span> <span class='ocrx_word' id='word_1_143' title='bbox 671 2303 746 2382; x_wconf 87' lang='lat' dir='ltr'><strong>Hag.</strong></span> <span class='ocrx_word' id='word_1_144' title='bbox 774 2302 812 2365; x_wconf 90' lang='lat' dir='ltr'><strong>de</strong></span> <span class='ocrx_word' id='word_1_145' title='bbox 841 2305 898 2365; x_wconf 90' lang='lat' dir='ltr'><strong>hac</strong></span> <span class='ocrx_word' id='word_1_146' title='bbox 925 2305 1048 2366; x_wconf 90' lang='lat' dir='ltr'><strong>materia</strong></span> <span class='ocrx_word' id='word_1_147' title='bbox 1074 2304 1203 2386; x_wconf 90' lang='lat' dir='ltr'><strong>loquens</strong></span> <span class='ocrx_word' id='word_1_148' title='bbox 1227 2303 1395 2383; x_wconf 82' lang='lat' dir='ltr'><strong>proposuit</strong></span> 
     </span>
     <span class='ocr_line' id='line_1_20' title="bbox 285 2409 1396 2492; baseline -0.005 -17"><span class='ocrx_word' id='word_1_149' title='bbox 285 2414 447 2475; x_wconf 81' lang='lat' dir='ltr'><strong>Caeterum</strong></span> <span class='ocrx_word' id='word_1_150' title='bbox 468 2409 565 2492; x_wconf 87' lang='lat' dir='ltr'><strong>qualis</strong></span> <span class='ocrx_word' id='word_1_151' title='bbox 585 2415 773 2492; x_wconf 90' lang='lat' dir='ltr'><strong>quantusque</strong></span> <span class='ocrx_word' id='word_1_152' title='bbox 799 2410 889 2473; x_wconf 88' lang='lat' dir='ltr'><strong>inerit</strong></span> <span class='ocrx_word' id='word_1_153' title='bbox 913 2431 1008 2475; x_wconf 87' lang='lat' dir='ltr'><strong>annus</strong></span> <span class='ocrx_word' id='word_1_154' title='bbox 1030 2412 1080 2474; x_wconf 88' lang='lat' dir='ltr'><strong>ille</strong></span> <span class='ocrx_word' id='word_1_155' title='bbox 1100 2411 1318 2487; x_wconf 87' lang='lat' dir='ltr'><strong>Democriteus,</strong></span> <span class='ocrx_word' id='word_1_156' title='bbox 1343 2409 1396 2471; x_wconf 82' lang='lat' dir='ltr'><strong>do</strong></span> 
     </span>
     <span class='ocr_line' id='line_1_21' title="bbox 286 2517 1397 2599; baseline -0.005 -17"><span class='ocrx_word' id='word_1_157' title='bbox 286 2526 334 2582; x_wconf 86' lang='lat' dir='ltr'><strong>cet</strong></span> <span class='ocrx_word' id='word_1_158' title='bbox 355 2517 554 2580; x_wconf 87' lang='lat' dir='ltr'><strong>Censorinus:</strong></span> <span class='ocrx_word' id='word_1_159' title='bbox 580 2519 637 2579; x_wconf 82' lang='lat' dir='ltr'><strong>Est</strong></span> <span class='ocrx_word' id='word_1_160' title='bbox 666 2525 697 2579; x_wconf 81' lang='lat' dir='ltr'><strong>et</strong></span> <span class='ocrx_word' id='word_1_161' title='bbox 718 2518 858 2581; x_wconf 77' lang='lat' dir='ltr'><strong>Philolai</strong></span> <span class='ocrx_word' id='word_1_162' title='bbox 880 2519 1085 2599; x_wconf 77' lang='lat' dir='ltr'><strong>Pythagon&#39;ci</strong></span> <span class='ocrx_word' id='word_1_163' title='bbox 1109 2539 1214 2580; x_wconf 78' lang='lat' dir='ltr'><strong>annus</strong></span> <span class='ocrx_word' id='word_1_164' title='bbox 1242 2539 1281 2580; x_wconf 75' lang='lat' dir='ltr'><strong>aa</strong></span> <span class='ocrx_word' id='word_1_165' title='bbox 1302 2519 1397 2578; x_wconf 78' lang='lat' dir='ltr'><strong>anast</strong></span> 
     </span>
     <span class='ocr_line' id='line_1_22' title="bbox 285 2625 1397 2708; baseline -0.002 -20"><span class='ocrx_word' id='word_1_166' title='bbox 285 2627 515 2708; x_wconf 68' lang='lat' dir='ltr'><strong>qmnqaagintn</strong></span> <span class='ocrx_word' id='word_1_167' title='bbox 537 2643 662 2704; x_wconf 72' lang='lat' dir='ltr'><strong>noema,</strong></span> <span class='ocrx_word' id='word_1_168' title='bbox 696 2633 726 2688; x_wconf 90' lang='lat' dir='ltr'><strong>et</strong></span> <span class='ocrx_word' id='word_1_169' title='bbox 753 2625 847 2708; x_wconf 89' lang='lat' dir='ltr'><strong>paulo</strong></span> <span class='ocrx_word' id='word_1_170' title='bbox 875 2631 960 2708; x_wconf 85' lang='lat' dir='ltr'><strong>post:</strong></span> <span class='ocrx_word' id='word_1_171' title='bbox 996 2633 1027 2688; x_wconf 81' lang='lat' dir='ltr'><strong>at</strong></span> <span class='ocrx_word' id='word_1_172' title='bbox 1052 2627 1225 2688; x_wconf 69' lang='lat' dir='ltr'><strong>Democriti</strong></span> <span class='ocrx_word' id='word_1_173' title='bbox 1248 2647 1288 2688; x_wconf 76' lang='lat' dir='ltr'><strong>aa·</strong></span> <span class='ocrx_word' id='word_1_174' title='bbox 1303 2627 1397 2686; x_wconf 62' lang='lat' dir='ltr'><strong>aarum</strong></span> 
     </span>
     <span class='ocr_line' id='line_1_23' title="bbox 285 2731 1396 2814; baseline 0 -18"><span class='ocrx_word' id='word_1_175' title='bbox 285 2735 441 2814; x_wconf 81' lang='lat' dir='ltr'><strong>octogt&#39;ato</strong></span> <span class='ocrx_word' id='word_1_176' title='bbox 463 2731 587 2812; x_wconf 69' lang='lat' dir='ltr'><strong>daona,</strong></span> <span class='ocrx_word' id='word_1_177' title='bbox 606 2754 677 2797; x_wconf 82' lang='lat' dir='ltr'><strong>cam</strong></span> <span class='ocrx_word' id='word_1_178' title='bbox 698 2735 901 2797; x_wconf 73' lang='lat' dir='ltr'><strong>ttrtcrcalaret</strong></span> <span class='ocrx_word' id='word_1_179' title='bbox 919 2735 985 2796; x_wconf 81' lang='lat' dir='ltr'><strong>siat</strong></span> <span class='ocrx_word' id='word_1_180' title='bbox 1003 2733 1244 2814; x_wconf 73' lang='lat' dir='ltr'><strong>doodctngr&#39;nta.</strong></span> <span class='ocrx_word' id='word_1_181' title='bbox 1285 2735 1396 2796; x_wconf 90' lang='lat' dir='ltr'><strong>Demo·</strong></span> 
     </span>
     <span class='ocr_line' id='line_1_24' title="bbox 284 2839 1397 2920; baseline -0.003 -15"><span class='ocrx_word' id='word_1_182' title='bbox 284 2841 379 2905; x_wconf 89' lang='lat' dir='ltr'><strong>oritus</strong></span> <span class='ocrx_word' id='word_1_183' title='bbox 399 2839 491 2920; x_wconf 87' lang='lat' dir='ltr'><strong>igitur</strong></span> <span class='ocrx_word' id='word_1_184' title='bbox 509 2843 573 2905; x_wconf 90' lang='lat' dir='ltr'><strong>sine</strong></span> <span class='ocrx_word' id='word_1_185' title='bbox 587 2844 680 2906; x_wconf 88' lang='lat' dir='ltr'><strong>dubio</strong></span> <span class='ocrx_word' id='word_1_186' title='bbox 702 2843 889 2920; x_wconf 84' lang='lat' dir='ltr'><strong>existimavit,</strong></span> <span class='ocrx_word' id='word_1_187' title='bbox 907 2861 1018 2906; x_wconf 89' lang='lat' dir='ltr'><strong>annum</strong></span> <span class='ocrx_word' id='word_1_188' title='bbox 1038 2844 1172 2906; x_wconf 87' lang='lat' dir='ltr'><strong>lunarem</strong></span> <span class='ocrx_word' id='word_1_189' title='bbox 1195 2862 1262 2905; x_wconf 88' lang='lat' dir='ltr'><strong>esse</strong></span> <span class='ocrx_word' id='word_1_190' title='bbox 1280 2841 1397 2903; x_wconf 91' lang='lat' dir='ltr'><strong>dierum</strong></span> 
     </span>
     <span class='ocr_line' id='line_1_25' title="bbox 285 2949 1396 3032; baseline -0.004 -20"><span class='ocrx_word' id='word_1_191' title='bbox 285 2949 357 3027; x_wconf 93' lang='grc'><strong>355,</strong></span> <span class='ocrx_word' id='word_1_192' title='bbox 379 2955 413 3011; x_wconf 91' lang='lat' dir='ltr'><strong>ut</strong></span> <span class='ocrx_word' id='word_1_193' title='bbox 433 2949 519 3012; x_wconf 87' lang='lat' dir='ltr'><strong>multi</strong></span> <span class='ocrx_word' id='word_1_194' title='bbox 540 2951 591 3012; x_wconf 88' lang='lat' dir='ltr'><strong>alii</strong></span> <span class='ocrx_word' id='word_1_195' title='bbox 618 2959 770 3032; x_wconf 75' lang='lat' dir='ltr'><strong>ueterum,</strong></span> <span class='ocrx_word' id='word_1_196' title='bbox 797 2951 839 3012; x_wconf 87' lang='lat' dir='ltr'><strong>ita</strong></span> <span class='ocrx_word' id='word_1_197' title='bbox 866 2958 901 3014; x_wconf 89' lang='lat' dir='ltr'><strong>ut</strong></span> <span class='ocrx_word' id='word_1_198' title='bbox 926 2971 965 3014; x_wconf 88' lang='lat' dir='ltr'><strong>ex</strong></span> <span class='ocrx_word' id='word_1_199' title='bbox 991 2971 1098 3014; x_wconf 91' lang='lat' dir='ltr'><strong>eorum</strong></span> <span class='ocrx_word' id='word_1_200' title='bbox 1118 2950 1265 3014; x_wconf 87' lang='lat' dir='ltr'><strong>sententia</strong></span> <span class='ocrx_word' id='word_1_201' title='bbox 1286 2949 1396 3030; x_wconf 88' lang='lat' dir='ltr'><strong>singuli</strong></span> 
     </span>
     <span class='ocr_line' id='line_1_26' title="bbox 284 3057 1394 3139; baseline -0.002 -19"><span class='ocrx_word' id='word_1_202' title='bbox 284 3077 403 3120; x_wconf 75' lang='lat' dir='ltr'><strong>mermes</strong></span> <span class='ocrx_word' id='word_1_203' title='bbox 431 3065 533 3121; x_wconf 89' lang='lat' dir='ltr'><strong>essent</strong></span> <span class='ocrx_word' id='word_1_204' title='bbox 562 3058 678 3122; x_wconf 90' lang='lat' dir='ltr'><strong>dicrum</strong></span> <span class='ocrx_word' id='word_1_205' title='bbox 706 3061 762 3136; x_wconf 92' lang='grc'><strong>99,</strong></span> <span class='ocrx_word' id='word_1_206' title='bbox 795 3061 937 3122; x_wconf 73' lang='lat' dir='ltr'><strong>laurarum</strong></span> <span class='ocrx_word' id='word_1_207' title='bbox 969 3058 1007 3122; x_wconf 74' lang='lat'><strong>14</strong></span> <span class='ocrx_word' id='word_1_208' title='bbox 1029 3057 1093 3134; x_wconf 86' lang='lat' dir='ltr'><strong>vel,</strong></span> <span class='ocrx_word' id='word_1_209' title='bbox 1121 3057 1205 3139; x_wconf 91' lang='lat' dir='ltr'><strong>quod</strong></span> <span class='ocrx_word' id='word_1_210' title='bbox 1230 3057 1311 3120; x_wconf 88' lang='lat' dir='ltr'><strong>idem</strong></span> <span class='ocrx_word' id='word_1_211' title='bbox 1341 3063 1394 3132; x_wconf 84' lang='lat' dir='ltr'><strong>est,</strong></span> 
     </span>
     <span class='ocr_line' id='line_1_27' title="bbox 283 3165 1393 3248; baseline -0.002 -19"><span class='ocrx_word' id='word_1_212' title='bbox 283 3165 497 3245; x_wconf 90' lang='lat' dir='ltr'><strong>scrupulorum</strong></span> <span class='ocrx_word' id='word_1_213' title='bbox 520 3167 763 3248; x_wconf 87' lang='lat' dir='ltr'><strong>quotidianorum</strong></span> <span class='ocrx_word' id='word_1_214' title='bbox 786 3168 836 3230; x_wconf 88' lang='grc'><strong>35.</strong></span> <span class='ocrx_word' id='word_1_215' title='bbox 893 3166 1003 3248; x_wconf 90' lang='lat' dir='ltr'><strong>Neque</strong></span> <span class='ocrx_word' id='word_1_216' title='bbox 1024 3166 1083 3229; x_wconf 88' lang='lat' dir='ltr'><strong>alia</strong></span> <span class='ocrx_word' id='word_1_217' title='bbox 1104 3167 1160 3228; x_wconf 90' lang='lat' dir='ltr'><strong>iuit</strong></span> <span class='ocrx_word' id='word_1_218' title='bbox 1181 3170 1316 3228; x_wconf 85' lang='lat' dir='ltr'><strong>veterum</strong></span> <span class='ocrx_word' id='word_1_219' title='bbox 1333 3166 1393 3227; x_wconf 74' lang='lat' dir='ltr'><strong>Ro</strong></span> 
     </span>
     <span class='ocr_line' id='line_1_28' title="bbox 283 3272 1392 3356; baseline -0.004 -20"><span class='ocrx_word' id='word_1_220' title='bbox 283 3292 442 3336; x_wconf 79' lang='lat' dir='ltr'><strong>marronam</strong></span> <span class='ocrx_word' id='word_1_221' title='bbox 463 3273 576 3354; x_wconf 89' lang='lat' dir='ltr'><strong>opinio.</strong></span> <span class='ocrx_word' id='word_1_222' title='bbox 617 3275 723 3338; x_wconf 82' lang='lat' dir='ltr'><strong>Annus</strong></span> <span class='ocrx_word' id='word_1_223' title='bbox 744 3274 836 3356; x_wconf 86' lang='lat' dir='ltr'><strong>igitur</strong></span> <span class='ocrx_word' id='word_1_224' title='bbox 853 3273 1020 3336; x_wconf 88' lang='lat' dir='ltr'><strong>Democriti</strong></span> <span class='ocrx_word' id='word_1_225' title='bbox 1044 3273 1153 3337; x_wconf 88' lang='lat' dir='ltr'><strong>solaris</strong></span> <span class='ocrx_word' id='word_1_226' title='bbox 1172 3273 1229 3335; x_wconf 81' lang='lat' dir='ltr'><strong>suit</strong></span> <span class='ocrx_word' id='word_1_227' title='bbox 1253 3291 1324 3335; x_wconf 83' lang='lat' dir='ltr'><strong>uere</strong></span> <span class='ocrx_word' id='word_1_228' title='bbox 1341 3272 1392 3332; x_wconf 88' lang='lat' dir='ltr'><strong>Ju-</strong></span> 
     </span>
     <span class='ocr_line' id='line_1_29' title="bbox 282 3379 1390 3462; baseline -0.005 -19"><span class='ocrx_word' id='word_1_229' title='bbox 282 3381 398 3458; x_wconf 91' lang='lat' dir='ltr'><strong>lianus,</strong></span> <span class='ocrx_word' id='word_1_230' title='bbox 434 3380 530 3462; x_wconf 89' lang='lat' dir='ltr'><strong>qualis</strong></span> <span class='ocrx_word' id='word_1_231' title='bbox 558 3383 640 3462; x_wconf 92' lang='lat' dir='ltr'><strong>apud</strong></span> <span class='ocrx_word' id='word_1_232' title='bbox 669 3383 805 3446; x_wconf 90' lang='lat' dir='ltr'><strong>Graecos</strong></span> <span class='ocrx_word' id='word_1_233' title='bbox 830 3401 867 3442; x_wconf 90' lang='lat' dir='ltr'><strong>eo</strong></span> <span class='ocrx_word' id='word_1_234' title='bbox 897 3388 1035 3461; x_wconf 89' lang='lat' dir='ltr'><strong>tempore</strong></span> <span class='ocrx_word' id='word_1_235' title='bbox 1065 3389 1095 3444; x_wconf 88' lang='lat' dir='ltr'><strong>et</strong></span> <span class='ocrx_word' id='word_1_236' title='bbox 1122 3382 1278 3444; x_wconf 82' lang='lat' dir='ltr'><strong>Romanos</strong></span> <span class='ocrx_word' id='word_1_237' title='bbox 1305 3379 1390 3440; x_wconf 87' lang='lat' dir='ltr'><strong>etiam</strong></span> 
     </span>
    </p>
   </div>
   <div class='ocr_carea' id='block_1_5' title="bbox 165 3487 1390 3575">
    <p class='ocr_par' dir='ltr' id='par_1_5' title="bbox 165 3487 1390 3575">
     <span class='ocr_line' id='line_1_30' title="bbox 165 3487 1390 3575; baseline -0.006 -24"><span class='ocrx_word' id='word_1_238' title='bbox 165 3533 171 3543; x_wconf 85' lang='lat'>.</span> <span class='ocrx_word' id='word_1_239' title='bbox 283 3489 472 3567; x_wconf 87' lang='lat' dir='ltr'><strong>censebatur,</strong></span> <span class='ocrx_word' id='word_1_240' title='bbox 494 3490 611 3552; x_wconf 89' lang='lat' dir='ltr'><strong>dierum</strong></span> <span class='ocrx_word' id='word_1_241' title='bbox 637 3491 729 3575; x_wconf 54' lang='lat' dir='ltr'><strong>doeg.</strong></span> <span class='ocrx_word' id='word_1_242' title='bbox 774 3490 836 3571; x_wconf 85' lang='lat' dir='ltr'><strong>Qui</strong></span> <span class='ocrx_word' id='word_1_243' title='bbox 864 3489 929 3551; x_wconf 86' lang='lat' dir='ltr'><strong>dies</strong></span> <span class='ocrx_word' id='word_1_244' title='bbox 956 3507 1014 3568; x_wconf 91' lang='lat' dir='ltr'><strong>per</strong></span> <span class='ocrx_word' id='word_1_245' title='bbox 1036 3491 1078 3552; x_wconf 90' lang='grc'><strong>89</strong></span> <span class='ocrx_word' id='word_1_246' title='bbox 1108 3487 1298 3569; x_wconf 90' lang='lat' dir='ltr'><strong>multiplicati</strong></span> <span class='ocrx_word' id='word_1_247' title='bbox 1318 3487 1390 3548; x_wconf 88' lang='lat' dir='ltr'><strong>fiunt</strong></span> 
     </span>
    </p>
   </div>
   <div class='ocr_carea' id='block_1_6' title="bbox 280 3593 1391 4216">
    <p class='ocr_par' dir='ltr' id='par_1_6' title="bbox 280 3593 1391 4216">
     <span class='ocr_line' id='line_1_31' title="bbox 283 3593 1390 3680; baseline -0.005 -22"><span class='ocrx_word' id='word_1_248' title='bbox 283 3598 388 3660; x_wconf 91' lang='grc'><strong>99950</strong></span> <span class='ocrx_word' id='word_1_249' title='bbox 412 3616 482 3658; x_wconf 88' lang='lat' dir='ltr'><strong>oum</strong></span> <span class='ocrx_word' id='word_1_250' title='bbox 511 3597 595 3659; x_wconf 86' lang='lat' dir='ltr'><strong>horis</strong></span> <span class='ocrx_word' id='word_1_251' title='bbox 622 3599 670 3660; x_wconf 91' lang='grc'><strong>19.</strong></span> <span class='ocrx_word' id='word_1_252' title='bbox 719 3599 817 3660; x_wconf 85' lang='lat' dir='ltr'><strong>Porro</strong></span> <span class='ocrx_word' id='word_1_253' title='bbox 845 3615 965 3659; x_wconf 89' lang='lat' dir='ltr'><strong>mensos</strong></span> <span class='ocrx_word' id='word_1_254' title='bbox 986 3593 1241 3680; x_wconf 77' lang='grc' dir='ltr'>τριακονθήμεροι</span> <span class='ocrx_word' id='word_1_255' title='bbox 1261 3596 1310 3672; x_wconf 90' lang='grc'><strong>98,</strong></span> <span class='ocrx_word' id='word_1_256' title='bbox 1332 3594 1390 3654; x_wconf 83' lang='lat' dir='ltr'><strong>lroc</strong></span> 
     </span>
     <span class='ocr_line' id='line_1_32' title="bbox 283 3700 1389 3786; baseline -0.005 -20"><span class='ocrx_word' id='word_1_257' title='bbox 283 3710 338 3781; x_wconf 87' lang='lat' dir='ltr'><strong>est,</strong></span> <span class='ocrx_word' id='word_1_258' title='bbox 358 3702 424 3766; x_wconf 90' lang='lat' dir='ltr'><strong>dies</strong></span> <span class='ocrx_word' id='word_1_259' title='bbox 443 3705 516 3781; x_wconf 80' lang='grc'><strong>810,</strong></span> <span class='ocrx_word' id='word_1_260' title='bbox 544 3704 582 3767; x_wconf 88' lang='lat' dir='ltr'><strong>de</strong></span> <span class='ocrx_word' id='word_1_261' title='bbox 614 3707 718 3769; x_wconf 89' lang='grc'><strong>99950</strong></span> <span class='ocrx_word' id='word_1_262' title='bbox 747 3704 869 3768; x_wconf 88' lang='lat' dir='ltr'><strong>deducti</strong></span> <span class='ocrx_word' id='word_1_263' title='bbox 889 3704 1062 3786; x_wconf 88' lang='lat' dir='ltr'><strong>relinquunt</strong></span> <span class='ocrx_word' id='word_1_264' title='bbox 1080 3704 1185 3766; x_wconf 89' lang='grc'><strong>99110</strong></span> <span class='ocrx_word' id='word_1_265' title='bbox 1207 3703 1259 3785; x_wconf 90' lang='lat' dir='ltr'><strong>qui</strong></span> <span class='ocrx_word' id='word_1_266' title='bbox 1275 3721 1330 3782; x_wconf 87' lang='lat' dir='ltr'><strong>per</strong></span> <span class='ocrx_word' id='word_1_267' title='bbox 1348 3700 1389 3762; x_wconf 88' lang='grc'><strong>89</strong></span> 
     </span>
     <span class='ocr_line' id='line_1_33' title="bbox 282 3806 1391 3890; baseline -0.007 -17"><span class='ocrx_word' id='word_1_268' title='bbox 282 3809 369 3874; x_wconf 85' lang='lat' dir='ltr'><strong>divisi</strong></span> <span class='ocrx_word' id='word_1_269' title='bbox 398 3810 531 3875; x_wconf 82' lang='lat' dir='ltr'><strong>alliciunt</strong></span> <span class='ocrx_word' id='word_1_270' title='bbox 557 3813 618 3877; x_wconf 88' lang='grc'><strong>355</strong></span> <span class='ocrx_word' id='word_1_271' title='bbox 648 3814 721 3876; x_wconf 88' lang='lat' dir='ltr'><strong>dies.</strong></span> <span class='ocrx_word' id='word_1_272' title='bbox 768 3814 831 3876; x_wconf 88' lang='lat' dir='ltr'><strong>Sed</strong></span> <span class='ocrx_word' id='word_1_273' title='bbox 861 3813 928 3876; x_wconf 87' lang='lat' dir='ltr'><strong>illas</strong></span> <span class='ocrx_word' id='word_1_274' title='bbox 957 3811 1118 3874; x_wconf 85' lang='lat' dir='ltr'><strong>duodecim</strong></span> <span class='ocrx_word' id='word_1_275' title='bbox 1146 3811 1237 3875; x_wconf 89' lang='lat' dir='ltr'><strong>horas</strong></span> <span class='ocrx_word' id='word_1_276' title='bbox 1261 3806 1391 3890; x_wconf 87' lang='lat' dir='ltr'><strong>neglexit</strong></span> 
     </span>
     <span class='ocr_line' id='line_1_34' title="bbox 280 3919 1389 4002; baseline -0.006 -22"><span class='ocrx_word' id='word_1_277' title='bbox 280 3919 483 3983; x_wconf 87' lang='lat' dir='ltr'><strong>Democritus.</strong></span> <span class='ocrx_word' id='word_1_278' title='bbox 533 3920 653 4002; x_wconf 84' lang='lat' dir='ltr'><strong>Quodsi</strong></span> <span class='ocrx_word' id='word_1_279' title='bbox 676 3921 796 4000; x_wconf 90' lang='lat' dir='ltr'><strong>triginta</strong></span> <span class='ocrx_word' id='word_1_280' title='bbox 821 3919 1063 3984; x_wconf 85' lang='lat' dir='ltr'><strong>intercalationes</strong></span> <span class='ocrx_word' id='word_1_281' title='bbox 1088 3919 1226 3994; x_wconf 87' lang='lat' dir='ltr'><strong>luissent,</strong></span> <span class='ocrx_word' id='word_1_282' title='bbox 1251 3936 1326 4000; x_wconf 86' lang='lat' dir='ltr'><strong>quae</strong></span> <span class='ocrx_word' id='word_1_283' title='bbox 1344 3919 1389 3976; x_wconf 92' lang='lat' dir='ltr'><strong>tot</strong></span> 
     </span>
     <span class='ocr_line' id='line_1_35' title="bbox 281 4025 1389 4110; baseline -0.005 -21"><span class='ocrx_word' id='word_1_284' title='bbox 281 4027 367 4091; x_wconf 88' lang='lat' dir='ltr'><strong>annis</strong></span> <span class='ocrx_word' id='word_1_285' title='bbox 389 4035 565 4107; x_wconf 88' lang='lat' dir='ltr'><strong>competunt</strong></span> <span class='ocrx_word' id='word_1_286' title='bbox 595 4031 634 4092; x_wconf 91' lang='lat' dir='ltr'><strong>ad</strong></span> <span class='ocrx_word' id='word_1_287' title='bbox 655 4029 752 4110; x_wconf 88' lang='lat' dir='ltr'><strong>spatia</strong></span> <span class='ocrx_word' id='word_1_288' title='bbox 772 4027 862 4090; x_wconf 89' lang='lat' dir='ltr'><strong>lunae</strong></span> <span class='ocrx_word' id='word_1_289' title='bbox 890 4026 1055 4108; x_wconf 81' lang='lat' dir='ltr'><strong>explenda,</strong></span> <span class='ocrx_word' id='word_1_290' title='bbox 1082 4047 1178 4090; x_wconf 86' lang='lat' dir='ltr'><strong>armus</strong></span> <span class='ocrx_word' id='word_1_291' title='bbox 1198 4026 1310 4089; x_wconf 88' lang='lat' dir='ltr'><strong>lunaris</strong></span> <span class='ocrx_word' id='word_1_292' title='bbox 1329 4025 1389 4084; x_wconf 87' lang='lat' dir='ltr'><strong>De-</strong></span> 
     </span>
     <span class='ocr_line' id='line_1_36' title="bbox 280 4132 1385 4216; baseline -0.003 -20"><span class='ocrx_word' id='word_1_293' title='bbox 280 4135 401 4198; x_wconf 90' lang='lat' dir='ltr'><strong>mocriti</strong></span> <span class='ocrx_word' id='word_1_294' title='bbox 435 4155 508 4198; x_wconf 86' lang='lat' dir='ltr'><strong>vere</strong></span> <span class='ocrx_word' id='word_1_295' title='bbox 535 4136 685 4200; x_wconf 81' lang='lat' dir='ltr'><strong>Arabicus</strong></span> <span class='ocrx_word' id='word_1_296' title='bbox 722 4143 775 4199; x_wconf 89' lang='lat' dir='ltr'><strong>aut</strong></span> <span class='ocrx_word' id='word_1_297' title='bbox 813 4155 885 4198; x_wconf 90' lang='lat' dir='ltr'><strong>sane</strong></span> <span class='ocrx_word' id='word_1_298' title='bbox 918 4135 1077 4216; x_wconf 83' lang='lat' dir='ltr'><strong>proximus</strong></span> <span class='ocrx_word' id='word_1_299' title='bbox 1110 4134 1244 4198; x_wconf 79' lang='lat' dir='ltr'><strong>Arabico</strong></span> <span class='ocrx_word' id='word_1_300' title='bbox 1275 4132 1385 4194; x_wconf 63' lang='lat' dir='ltr'><strong>iniisset</strong></span> 
     </span>
    </p>
   </div>
   <div class='ocr_carea' id='block_1_7' title="bbox 278 4235 1384 4408">
    <p class='ocr_par' dir='ltr' id='par_1_7' title="bbox 278 4235 1384 4408">
     <span class='ocr_line' id='line_1_37' title="bbox 278 4235 1384 4327; baseline 0.002 -21"><span class='ocrx_word' id='word_1_301' title='bbox 278 4243 418 4327; x_wconf 88' lang='lat' dir='ltr'><strong>Namque</strong></span> <span class='ocrx_word' id='word_1_302' title='bbox 439 4245 543 4308; x_wconf 88' lang='grc'><strong>99950</strong></span> <span class='ocrx_word' id='word_1_303' title='bbox 562 4245 626 4308; x_wconf 90' lang='lat' dir='ltr'><strong>dies</strong></span> <span class='ocrx_word' id='word_1_304' title='bbox 646 4265 715 4308; x_wconf 90' lang='lat' dir='ltr'><strong>cum</strong></span> <span class='ocrx_word' id='word_1_305' title='bbox 735 4243 818 4307; x_wconf 89' lang='lat' dir='ltr'><strong>lroris</strong></span> <span class='ocrx_word' id='word_1_306' title='bbox 838 4247 876 4307; x_wconf 92' lang='grc'><strong>19</strong></span> <span class='ocrx_word' id='word_1_307' title='bbox 899 4244 975 4307; x_wconf 76' lang='lat' dir='ltr'><strong>limat</strong></span> <span class='ocrx_word' id='word_1_308' title='bbox 995 4243 1065 4306; x_wconf 89' lang='lat' dir='ltr'><strong>anni</strong></span> <span class='ocrx_word' id='word_1_309' title='bbox 1083 4241 1207 4306; x_wconf 76' lang='lat' dir='ltr'><strong>Arabici</strong></span> <span class='ocrx_word' id='word_1_310' title='bbox 1228 4239 1316 4305; x_wconf 88' lang='lat' dir='ltr'><strong>solidi</strong></span> <span class='ocrx_word' id='word_1_311' title='bbox 1335 4235 1384 4308; x_wconf 69' lang='grc'><strong>84,</strong></span> 
     </span>
     <span class='ocr_line' id='line_1_38' title="bbox 1305 4359 1381 4408; baseline -0.079 0"><span class='ocrx_word' id='word_1_312' title='bbox 1305 4359 1381 4408; x_wconf 87' lang='lat' dir='ltr'><strong>meu-</strong></span> 
     </span>
    </p>
   </div>
   <div class='ocr_carea' id='block_1_8' title="bbox 0 0 1450 4872">
    <p class='ocr_par' dir='ltr' id='par_1_8' title="bbox 0 0 1450 4872">
     <span class='ocr_line' id='line_1_39' title="bbox 0 0 1450 4872; baseline 0 2"><span class='ocrx_word' id='word_1_313' title='bbox 0 0 1450 4872; x_wconf 95' lang='lat' dir='ltr'><strong> </strong></span> 
     </span>
    </p>
   </div>
  </div>
 </body>
</html>
