2938 4864
375 329 460 385 Liber
478 331 527 388 ΙΙΙ.
563 335 632 391 Ado.
654 335 688 388 ad
709 335 784 390 Dem.
805 353 847 406 op.
866 339 962 408 fragm.
1165 343 1230 410 279

114 495 196 560 εἶναί
215 517 268 579 μοι
289 497 375 560 δοκεῖ
395 497 412 560 δ
435 501 495 560 τῶν
518 497 687 583 ἐπιθυμιῶν
708 501 727 583 ἦ
752 505 811 564 τῶν
836 502 994 586 πολεμίων
1017 513 1152 589 κρατῶν·
1174 514 1224 576 καὶ

111 605 170 690 γὰρ
192 604 411 689 χαλεπώτατόν
435 601 513 666 ἐστιν
534 605 642 672 ἑαυτὸν
659 611 788 691 νικῆσαι.
839 611 892 674 Sic
912 616 942 672 et
962 610 1072 678 Anton.
1092 623 1123 680 et
1141 620 1220 683 Max.

112 737 142 798 p.
167 717 227 777 179
247 713 351 776 addito
382 714 490 775 eodem
521 713 672 777 lemmate:
708 713 939 800 Ἀνδρειδπερος
964 717 1046 783 είναί
1065 745 1116 806 μοι
1137 725 1226 790 δοκεῖ

111 846 139 886 ιι.
160 843 186 885 τ.
208 821 237 883 λ.
275 819 432 904 Ἀνδρεῖυς
462 817 498 882 οδ
522 819 614 902 μόνον
636 823 653 883 ὁ
674 827 792 907 κρατῶν
812 829 872 886 τῶν
893 827 1048 910 πολεμίων
1069 831 1149 894 ἀλλὰ
1170 836 1221 898 καὶ

111 930 128 992 δ
149 931 209 990 τῶν
232 927 352 1010 ἡδονῶν
368 927 526 1011 κρείσσων.
564 927 655 992 Ἀλλ’
680 931 706 994 ὢ
724 934 777 1013 τῆς
791 930 985 1017 ἀνθρωπίνης
1001 940 1219 1024 ταλαιπωρίας,

110 1035 157 1100 δτι
183 1036 294 1098 πολλοὶ
329 1036 477 1103 πολλάκις
509 1037 666 1120 πολεμίων
695 1041 876 1122 κρατοῦντες
909 1042 959 1104 καί
991 1042 1094 1108 ἄλλων
1120 1052 1218 1126 πινῶν,

108 1143 240 1227 γυναιξὶν
280 1143 483 1206 ἐδούλευσαν·
521 1144 571 1207 δεῖ
606 1144 660 1208 οὖν
695 1147 779 1230 πίση
810 1147 938 1230 δυνάμει
966 1151 1020 1219 τὰς
1046 1156 1218 1235 ηυναιιιείας

109 1251 196 1336 ὄψεις
219 1251 386 1336 ἐκφεύγειν.
441 1253 504 1315 Sed
535 1261 568 1316 ut
594 1255 746 1336 posterior
774 1257 939 1320 sente-ntiae
966 1281 1036 1339 pars
1063 1281 1159 1344 aeque
1180 1285 1216 1326 ac

108 1360 194 1440 prior
214 1361 253 1422 ad
281 1360 489 1423 Democritum
518 1369 673 1426 auctorem
701 1364 859 1425 referenda
885 1367 1214 1448 περιεποίησε.

109 1469 160 1543 Vl,
181 1469 214 1530 ll
239 1469 444 1548 etv11,uo):
474 1469 515 1531 ita
541 1471 652 1532 nemini
682 1471 829 1534 incertum
857 1474 1015 1552 videbitur,
1043 1475 1214 1538 Aristotelis

105 1596 216 1639 nomeu
236 1575 428 1639 librariorum
456 1577 571 1641 incuria
599 1578 748 1642 invectum
775 1599 858 1653 esse;
879 1601 1059 1664 quamquam
1080 1589 1214 1664 apparet,

104 1705 144 1748 ne
164 1684 331 1748 Democriti
354 1685 476 1768 quidem
502 1707 612 1750 nornen
637 1687 678 1750 ibi
698 1687 806 1766 reponi
827 1695 980 1768 oportere,
1004 1711 1094 1772 quum
1117 1690 1213 1770 pbilo-

104 1791 195 1874 sophi
216 1792 394 1854 Abderitani
414 1795 507 1856 verba
526 1795 644 1858 disertis
664 1794 769 1856 alienis
792 1795 973 1876 interpolata
994 1798 1062 1860 sint.

108 1930 111 1938 Δ
188 1903 238 1966 77.
281 1901 363 1964 ldem
389 1902 588 1982 fragmentum
615 1911 773 1965 servarunt
798 1902 908 1967 Aulon.
937 1911 968 1966 et
989 1907 1067 1967 lllax.
1089 1925 1118 1984 p.
1141 1906 1211 1967 329.

102 2008 238 2072 Similem
259 2009 437 2071 seutentiam
459 2011 612 2074 Heraclito
630 2010 755 2073 ascribit
774 2010 954 2074 Aristoteles
972 2012 1097 2075 liudem.
1118 2011 1169 2074 lib.
1186 2013 1211 2074 ll

101 2121 207 2197 capt
245 2123 276 2178 et
303 2115 391 2181 Polit.
418 2117 468 2181 lib.
492 2119 529 2196 V,
552 2121 600 2181 11.
649 2117 793 2181 Heracliti
824 2119 917 2182 verba
943 2130 1028 2181 sunt:
1073 2117 1210 2202 χαλεπὸν

101 2225 196 2308 θυμῷ
215 2222 387 2308 μάχεσθαι·
410 2228 512 2310 ψυχῆς
535 2224 593 2308 ηὰρ
616 2225 738 2287 ὠνεῖται
764 2225 886 2288 difficile
908 2233 955 2288 est
975 2226 1038 2288 irae
1059 2225 1208 2300 resistere,

99 2335 175 2396 baec
196 2335 275 2396 enim
294 2332 394 2396 αιιίιιιυ
417 2333 490 2395 emit
513 2333 611 2416 (quod
633 2331 740 2412 cupit).

184 2443 234 2504 79.
278 2441 411 2504 Eandem
444 2443 621 2504 senteutiam
658 2439 778 2504 exhibet
808 2439 915 2503 Codex
944 2441 1096 2504 Palatinus
1132 2441 1209 2503 inter

101 2547 439 2612 Pseudodemocraticas
458 2556 529 2629 post
547 2551 719 2613 vicesimam
741 2546 858 2610 tertiam
878 2569 925 2630 ap.
949 2549 1045 2611 Orell.
1068 2571 1095 2629 p.
1115 2551 1185 2610 -ίθθ,

185 2657 235 2718 80.
277 2657 366 2718 Edidi
401 2655 530 2724 νούσους
562 2663 592 2720 et
626 2656 753 2720 παθέυιν
787 2675 845 2736 pro
876 2652 986 2723 νόσους
1015 2663 1045 2717 ct
1081 2657 1206 2728 παθῶν;

98 2763 273 2848 ἀφαιρεῖται
289 2767 353 2843 Jam
373 2787 392 2828 a
411 2764 590 2828 Burcbardo
610 2765 640 2826 in
660 2762 842 2848 ἀραιρέεται
859 2770 1003 2826 mutatum
1027 2765 1162 2826 converti
1177 2764 1206 2824 in

96 2869 287 2955 ἀπαιρέεται.

182 2981 232 3043 81.
276 2980 405 3043 Restitni
431 2979 528 3042 ἐοῦσα
549 2999 607 3060 pro
637 2976 726 3041 οὖσα.
778 2981 857 3043 Cum
884 2979 940 3040 bac
966 2980 1112 3042 sententia
1134 2999 1206 3042 cort-

97 3089 170 3152 lerri
193 3095 321 3169 possunt
341 3089 435 3151 rerba
455 3089 618 3152 Horatiana
639 3087 689 3151 lib.
710 3089 724 3151 l
744 3087 831 3168 epist.
854 3087 905 3162 Vl,
929 3089 960 3148 l:

282 3216 320 3265 Nil
340 3215 466 3266 admirari
489 3229 574 3279 propa
595 3229 639 3266 ros
659 3217 701 3266 est
721 3227 782 3272 una,
804 3215 915 3277 Numici,

281 3297 403 3362 Solaque,
424 3311 494 3362 quae
513 3297 600 3360 possit
620 3296 708 3348 tacere
731 3301 759 3347 et
776 3309 886 3348 servaro
906 3296 1022 3348 beatum.

94 3406 168 3484 Sed,
186 3405 269 3490 quod
290 3406 319 3468 in
340 3417 513 3470 transcursu
528 3425 648 3482 moneo,
670 3424 730 3468 non
746 3424 865 3468 omnem
884 3404 945 3466 vim
964 3405 1049 3467 vocis
1065 3403 1202 3488 ἀθαρβίη

94 3514 245 3595 expressit
273 3513 384 3578 Cicero
410 3515 448 3577 do
481 3515 531 3579 tin.
560 3515 611 3578 lib.
636 3515 674 3590 V,
697 3515 737 3576 θθ
765 3515 906 3575 animum
933 3520 1048 3574 terrore
1074 3510 1203 3573 liberum

93 3625 303 3704 interpretans.
350 3623 406 3685 Est
434 3623 513 3684 enim
546 3619 684 3706 ἀθαρβίη
720 3639 781 3682 non
812 3621 911 3684 murus
936 3621 1080 3697 terroris,
1114 3641 1204 3702 quum

94 3731 230 3811 stuporis
260 3739 291 3792 et
314 3730 519 3793 admirationis
550 3729 693 3792 vacuitas.
743 3729 898 3811 Quocirca
927 3727 1037 3812 σοφίην
1060 3725 1201 3810 ἅθαμβον

94 3839 200 3919 accepi
213 3859 269 3919 pro
277 3839 423 3920 sapientia
437 3859 514 3921 quae
527 3837 600 3900 nibil
616 3856 713 3918 neque
726 3837 890 3898 admiratur
907 3855 1005 3920 neque
1018 3833 1202 3897 reformidat

177 3948 228 4010 82.
271 3945 488 4010 Substituimus
508 3943 622 4030 δρίῖιες
643 3945 793 4028 τυφλοῦσι
812 3965 868 4025 pro
892 3941 1006 4027 ὀρέξεις
1026 3942 1201 4026 τυρλοῦσιν.

177 4057 228 4118 83.
272 4055 418 4118 Dedimus
442 4049 616 4136 ἐπιθυμέειν
638 4072 697 4132 ριο
720 4049 888 4134 ἐπιθυμεῖν.

177 4164 228 4244 84.
271 4163 332 4226 Pro
355 4161 466 4224 ἑαυτοῦ
488 4161 665 4241 scripsimus
687 4159 822 4232 ἑωυτοῖς
853 4178 910 4239 pro
940 4156 1085 4242 συνηθείᾳ
1104 4163 1208 4219 antona

89 4271 302 4336 substituimus
325 4267 480 4351 Ευνηθείη.
525 4269 584 4330 l'ix
605 4268 683 4330 enim
705 4267 763 4330 alia
790 4269 887 4330 lorrna
910 4266 953 4329 uti
973 4265 1072 4346 potuit
1092 4266 1204 4326 Demo-
