2984 4876
353 332 439 388 Liber
457 331 506 388 lll.
539 333 690 389 Democriti
709 349 819 405 operum
838 335 1000 408 fragmenta.
1170 337 1232 402 241

116 499 326 585 ἐκθλίβεσθαι.
377 496 420 564 Τδ
446 498 481 562 δὲ
502 497 642 579 σὺνολον,
664 497 714 561 διὰ
734 499 785 562 τόν
808 498 959 583 ἀνέχοντα
980 502 1073 566 τόπον
1096 503 1156 575 έως
1176 505 1229 570 llo·

115 607 239 690 λάττης,
266 607 401 693 φανέντα
429 605 624 677 ἐξωθεῖσθαι.
673 603 748 670 Τινὰ
771 607 806 670 δὲ
834 609 886 670 καὶ
912 607 961 671 ἐπὶ
988 611 1041 692 τἠν
1074 611 1291 700 θέλαττοινφφ,

115 714 168 778 διὰ
192 717 246 798 τῆς
265 718 321 798 γῆς
345 714 394 777 ἐπὶ
420 713 518 777 πολὺν
547 714 639 777 τόπον
674 715 705 779 έν
724 720 790 784 ταῖς
809 717 918 800 φλεψίν
943 715 1107 802 ἐνεχθέντα
1129 721 1228 792 οὑτως

114 823 275 910 ἀναβλύει,
297 821 437 906 καθάπερ
463 820 542 884 ἐστὶν
568 821 599 884 ἐν
625 819 751 908 Ἀράδῳ
780 822 918 907 ὑδρευμα
942 824 994 886 κοιλ
1021 827 1054 888 τδ
1084 826 1115 889 έν
1131 825 1225 910 Ἡρα·

114 931 205 1014 κλείᾳ
225 933 280 994 τοὺ
304 929 433 995 Πόντου.
474 924 537 998 Τὰς
558 930 593 992 δὲ
618 928 674 1014 ἀφ’
704 930 830 1013 ὑψηλῶν
853 929 954 994 τόπων
975 932 1075 1016 πηγὰς
1097 937 1226 1020 φερομέ-
1236 959 1258 1022 5.
1268 956 1310 1011 10,

114 1059 170 1107 νας
193 1037 327 1122 λέγουσι,
349 1035 398 1100 διὰ
418 1034 489 1104 τοὺς
511 1036 747 1122 ὑπερκειμένους
773 1037 896 1118 τόπους,
922 1039 1148 1124 παρακειμένου
1169 1047 1224 1107 τοὺ

114 1143 286 1229 λεγομένου
309 1143 458 1236 Σαιὺκους
476 1144 527 1206 καὶ
549 1142 675 1230 ἔχοντος
690 1144 726 1208 οὑ
749 1145 866 1229 μακρὰν
883 1150 936 1230 τῆς
956 1151 1094 1232 κορυφῆς
1112 1148 1226 1221 τόπους

115 1256 242 1339 τραχεῖς
263 1253 314 1315 καλ
337 1252 551 1335 φαραγγώδεις
567 1254 620 1316 καὶ
641 1250 829 1337 δυναμένους
849 1253 886 1316 τὰ
908 1256 1036 1317 πλεῖστα
1056 1261 1116 1318 τῶν
1138 1255 1228 1342 οὐρα-

116 1363 190 1426 νίων
214 1361 333 1424 ὑδάτων
358 1358 515 1444 δέχεσθαι.
566 1356 629 1429 Τὰς
656 1360 710 1443 μὲν
738 1357 791 1423 οὑν
813 1357 990 1444 ἐπιβρὑτους
1008 1361 1107 1446 πηγὰς
1134 1363 1308 1454 orep-34¹,

114 1491 183 1555 χειν
206 1468 428 1552 ἀποφαίνονται
453 1465 503 1528 διὰ
528 1465 582 1535 τὰς
605 1467 823 1551 δεδηλωμένοις
850 1469 957 1536 αἰτίας.
1005 1465 1093 1534 Εἶναι
1111 1473 1146 1536 δὲ
1171 1478 1223 1540 καὶ

117 1577 151 1639 ἐν
173 1579 235 1644 τοῖς
260 1575 413 1643 πλείστοις
435 1572 541 1658 μέρεσι
562 1577 615 1657 τῆς
634 1578 690 1657 γῆς
708 1573 826 1660 φλέβας
847 1574 980 1660 ἐχοὺσας
997 1577 1090 1662 ὑδωρ.
1119 1577 1224 1647 Kolta.
1234 1605 1258 1670 χ
1267 1604 1307 1660 12

114 1707 175 1769 περ
196 1684 265 1768 γάρ,
297 1704 384 1768 φασι,
412 1681 463 1744 καλ
493 1680 542 1744 ἐπὶ
568 1687 628 1744 τῶν
656 1681 804 1768 ἐμψύχων
836 1685 986 1768 σωμοίτων
1016 1687 1175 1772 συμβαίνει
1193 1691 1227 1754 τδ

116 1793 192 1858 όλυν
214 1795 304 1875 σῶμα
326 1790 420 1875 φλεψὶ
441 1789 491 1852 καὶ
506 1788 662 1874 ἀρτηρίαις
682 1789 861 1875 διειλῆφθαι
882 1791 1051 1876 συνεχέσιν,
1074 1795 1156 1859 οὑτω
1178 1800 1230 1863 καὶ

116 1901 151 1966 ἐν
172 1905 212 1983 τῇ
232 1903 274 1982 γῇ
294 1896 407 1964 τόπους
426 1918 460 1958 τε
480 1895 608 1980 ἀραιοδς
628 1897 785 1983 ὑπάρχειν,
808 1897 900 1982 ἀέρος
918 1901 1045 1984 πλήρεις
1063 1897 1161 1984 ὄντας,
1178 1905 1229 1968 καλ

116 2007 238 2094 φλέβας
259 2005 341 2089 ὕδωρ
366 2003 510 2090 ἐχούσας,
534 2005 585 2068 καὶ
614 2001 646 2067 ἔν
676 2025 735 2068 τισι
761 2005 815 2088 μὲν
836 2007 915 2069 ποίνυ
937 2007 1052 2074 πυκνός
1078 2007 1157 2072 εἶναι
1177 2013 1229 2076 καλ

117 2113 160 2180 δι’
182 2115 326 2198 ἀλλήλων
343 2111 564 2196 πεπλεγμένας,
584 2111 616 2176 έν
638 2135 697 2175 τισι
722 2112 758 2175 δὲ
786 2111 979 2197 ἀραιοτέρας,
1001 2115 1050 2184 αἶς
1071 2115 1229 2204 ἐπιτυγχά-

115 2245 180 2286 νειν
202 2222 315 2308 ῥηιδίως
334 2219 405 2290 τοὺς
423 2219 461 2284 τό
483 2219 603 2306 φρέατα
629 2217 815 2304 όρόσσοντας
834 2219 885 2284 διὰ
906 2222 940 2285 τδ
965 2223 1085 2306 πλῆθος
1102 2227 1153 2289 καὶ
1174 2228 1228 2310 τὴν

116 2467 235 2534 parere,
254 2468 358 2511 verum
382 2448 435 2511 ubi
456 2449 534 2510 iutra
555 2453 663 2510 terram
691 2447 792 2528 aliquo
815 2453 902 2510 tenus
921 2447 1087 2512 subductae
1108 2471 1230 2516 cursum

116 2558 312 2639 perfecerint,
333 2565 397 2619 tum
417 2557 538 2618 demum
564 2573 773 2636 prorumpere.
815 2555 851 2616 ln
870 2555 1043 2619 uuiversum
1065 2565 1166 2621 autem
1183 2561 1229 2625 lo-

117 2687 189 2730 cum
211 2666 249 2726 ad
267 2684 349 2726 mare
371 2665 530 2726 ducentem
556 2663 587 2724 in
614 2681 706 2724 causa
727 2681 803 2738 esse,
825 2669 859 2725 ut
876 2671 1041 2744 appareant
1060 2672 1091 2727 et
1107 2669 1230 2748 propel-

116 2775 228 2836 lantur.
271 2772 426 2853 Quaedam
453 2790 527 2833 vero
550 2771 630 2832 etin
651 2789 734 2831 mare
758 2789 815 2849 per
833 2769 957 2850 longum
981 2779 1080 2835 terrae
1102 2779 1229 2839 tractum

117 2883 151 2944 in
173 2879 258 2943 verris
290 2880 455 2960 perductae
484 2881 529 2942 sic
557 2879 677 2940 taudem
702 2884 874 2966 erumpunt,
905 2879 1001 2961 qualis
1032 2888 1078 2943 est
1107 2883 1228 2964 aquatio

118 3007 219 3070 prope
238 2987 373 3049 Aradum
394 2994 424 3048 et
454 2987 491 3048 ad
511 2987 687 3050 llcracleam
717 2985 879 3049 Ponticam.
918 2989 1016 3051 Porro
1039 3008 1133 3070 aquas
1153 3010 1230 3071 quae

119 3115 160 3159 ex
181 3093 258 3156 locis
278 3095 365 3157 editis
388 3095 572 3169 delerrmtm,
596 3093 713 3156 defluos
740 3094 838 3156 tontes
864 3101 983 3171 vocant,
1009 3094 1100 3178 idque
1119 3097 1160 3160 ob
1182 3117 1231 3160 su-

118 3201 352 3286 perincubautes
380 3203 479 3279 locos,
502 3203 656 3280 adjacente
683 3200 769 3263 verbi
790 3202 885 3282 gratia
908 3211 1010 3265 monte
1043 3203 1095 3285 qui
1115 3205 1231 3267 Saoces

117 3310 298 3387 nominatur,
327 3317 356 3373 et
383 3311 511 3372 habente
531 3329 594 3372 non
625 3309 716 3389 longe
745 3305 764 3372 a
794 3311 908 3373 vertice
939 3311 1026 3374 locos
1054 3331 1181 3393 asperos
1202 3319 1233 3376 et

120 3436 306 3482 cavernosos
334 3424 364 3480 ct
390 3438 518 3498 capaces
542 3418 689 3497 plurimae
717 3417 857 3481 coelestis
878 3439 980 3501 aquae.
1024 3420 1119 3500 luges
1141 3421 1231 3501 igitur

119 3527 222 3588 t'outes
241 3530 370 3606 propter
397 3543 503 3586 causas
531 3533 710 3588 memoratas
738 3531 857 3588 exstare
876 3533 1017 3590 statuunt.
1061 3528 1136 3590 Esse
1156 3547 1231 3592 vero

120 3640 279 3715 praeterea
300 3633 390 3696 etiam
408 3632 438 3694 in
459 3632 597 3714 plurimis
618 3639 716 3696 terrae
735 3633 871 3714 partibus
892 3653 983 3697 venas
1004 3653 1112 3718 aquam
1134 3634 1232 3695 feren-

118 3749 177 3804 tes.
220 3739 480 3821 Quemadmodum
503 3740 590 3818 euim,
622 3741 767 3823 inquiunt,
797 3741 828 3802 iu
858 3740 934 3804 vivis
957 3749 987 3804 ct
1007 3741 1144 3804 animatis
1165 3760 1233 3802 ccr-

120 3847 250 3930 poribus
276 3847 439 3928 contingit,
464 3855 498 3910 ut
526 3855 623 3910 totum
646 3867 760 3929 corpus
787 3849 871 3911 venis
894 3857 925 3911 et
944 3849 1062 3913 arteriis
1083 3847 1233 3909 continuis

121 3953 295 4018 distinctum
321 3955 368 4031 sit,
396 3953 441 4017 sic
463 3953 551 4017 etiam
576 3955 607 4017 in
635 3961 716 4018 terra
743 3957 851 4038 partim
879 3955 967 4020 locos
994 3975 1082 4018 raros
1115 3958 1234 4015 exstare

122 4081 239 4143 eosque
259 4067 330 4124 aire
354 4063 472 4142 plenos,
495 4063 605 4142 partim
623 4082 715 4126 venas
731 4084 839 4146 aquam
861 4065 1049 4126 continentes
1070 4080 1180 4144 easque
1202 4059 1233 4122 in

122 4169 191 4232 ediis
212 4169 375 4232 admodum
404 4169 514 4232 densas
537 4175 567 4231 et
594 4170 673 4234 inter
699 4191 732 4234 sc
754 4171 936 4254 implicatas,
960 4172 990 4234 in
1014 4169 1081 4234 aliis
1101 4167 1234 4232 rariores

122 4296 200 4352 esse,
231 4297 307 4359 quas
329 4275 417 4340 facile
436 4275 589 4340 offendant
607 4285 767 4359 puteorum
789 4279 925 4343 fossores
945 4281 985 4343 ob
1014 4276 1235 4342 multitudinem

950 4391 988 4452 16
