2984 4876
218 297 283 362 Ἀθ
542 289 738 354 Quaestionum
765 287 998 342 comminare·

389 458 443 528 ιο.
486 452 742 520 rmeucuru
773 401 885 516 vueu
911 453 1159 518 uecuunun.

636 599 698 674 Περὶ
715 601 804 655 κώνου
819 605 911 675 τομῆς.

307 723 333 782 1.
369 713 438 781 Ἔτι
465 715 564 780 τοίνυν
592 711 668 798 δρα,
695 712 762 775 τίνα
790 710 902 796 τρόπον
939 710 1094 796 ἀπήντησε
1121 707 1331 792 (Χρύσιππος)

221 825 412 912 Δημοκρίτῳ,
433 825 628 906 διαποροῦντι
641 823 777 906 φυσικῶς
792 819 844 882 καὶ
859 818 1017 905 ἐμψύχως,
1032 819 1059 880 ei
1074 825 1171 886 κῶνος
1190 815 1330 899 τέμνοιτο

220 933 304 1018 παρὰ
326 934 379 1015 τὴν
404 933 490 1017 βάσιν
523 927 670 1013 ἐπιπέδιρ,
696 926 727 989 τί
755 927 815 1011 χρὴ
845 927 1036 989 διανοεῖσθαι
1057 925 1111 995 τὰς
1131 931 1191 989 τῶν
1213 926 1331 1010 τμημά-

220 1064 281 1106 των
303 1038 493 1125 ἐπιφανείας,
513 1035 580 1105 ’ίσας
602 1035 622 1118 ἢ
642 1034 766 1102 ἀνίσους
787 1032 964 1117 γινομέναις
985 1031 1106 1098 Ἀνισοι
1126 1034 1180 1117 μὲν
1199 1033 1256 1117 γὰρ
1282 1031 1332 1096 οῦ-

223 1171 275 1213 σαι
293 1148 344 1211 τδν
364 1149 462 1209 κῶνον
490 1143 655 1227 ἀνώμαλον
681 1141 864 1225 παρέξουσι,
889 1141 1007 1210 πολλὰς
1029 1141 1236 1227 ἀποχαράξεις
1257 1143 1332 1223 λαμ-

223 1257 354 1342 βάνοντα
374 1251 570 1339 βαθμοειδεῖς
591 1249 643 1312 καὶ
660 1247 861 1332 τραχύτητας·
891 1245 964 1310 iem
995 1245 1025 1310 δ’
1049 1247 1162 1326 οὐσῶν,
1187 1247 1238 1311 ἴσα
1259 1251 1333 1334 τμή·

224 1385 306 1450 ματα
326 1359 421 1437 ἔσται,
445 1358 498 1421 καὶ
517 1359 658 1440 φανεῖται
678 1355 713 1418 τὸ
735 1357 789 1418 τοῦ
817 1354 978 1438 κυλίνδρου
999 1357 1163 1427 πεπονθὼς
1185 1360 1201 1421 ὁ
1224 1364 1333 1434 κῶνος,

224 1470 257 1542 ἐξ
278 1467 351 1534 ίσαν
370 1464 565 1548 συγκείμενος
581 1463 634 1526 καὶ
648 1461 706 1526 οὐκ
726 1461 839 1525 ἀνίσων
862 1460 993 1539 κύκλιον,
1015 1461 1090 1547 ὅπερ
1114 1464 1192 1528 ἐστὶν
1215 1466 1334 1529 ἀτοπώ-

223 1600 324 1643 τατον.
356 1573 506 1638 Plntarcb.
527 1572 593 1634 adv.
616 1571 711 1634 Stoic.
729 1570 767 1632 de
790 1589 941 1632 commun.
963 1571 1049 1634 notit.
1061 1593 1091 1654 p.
1109 1575 1190 1637 1079
1212 1573 1286 1654 (vol.
1300 1574 1334 1634 X

224 1705 293 1768 pag.
314 1685 376 1746 ilfi
398 1681 445 1745 ed.
467 1679 584 1759 Reisk.)

670 1781 733 1856 Περὶ
749 1781 889 1855 ποιήσεως.

309 1893 338 1954 2.
382 1883 571 1970 Δημόκριτος
590 1883 722 1967 ὁμοίως·
742 1883 909 1966 ποιητὴς
930 1884 972 1946 δέ
989 1883 1170 1970 ἅσσαμέν
1186 1886 1229 1949 ἂν
1250 1891 1336 1972 γρά-

228 2019 278 2081 φῃ
306 1991 385 2079 μετ’
420 1991 717 2072 ἐνθουσιασμοῦ
754 1993 815 2053 καὶ
846 1993 933 2075 ἱροῦ
961 1993 1204 2076 πνεύματος,
1233 1997 1337 2058 καλὰ

227 2104 348 2186 κάρτα
366 2099 457 2164 ἐστί.
479 2099 573 2162 Clem.
581 2099 742 2162 Alexandr.
751 2099 862 2162 Strom.
873 2101 915 2160 Vl
924 2103 1023 2180 peu&
1031 2105 1075 2182 (ρ.
1084 2105 1144 2166 827
1154 2105 1199 2166 ed.
1209 2106 1337 2183 Potter.)

680 2227 742 2301 Περὶ
756 2225 883 2302 Ὁμήρου.

311 2325 340 2388 3.
366 2319 407 2388 ‘O
424 2322 478 2406 μὲν
492 2319 681 2405 Δημόκριτος
694 2317 912 2406 περὶδθμήρου
929 2323 1019 2406 φησὶν
1037 2323 1152 2392 οὕτως·
1164 2317 1261 2406 Ὀμη
1272 2345 1340 2407 ρος

229 2425 771 2517 φύσιοςλαχιδνδεαζοῦσης,
794 2427 918 2492 ἐπέων
941 2428 1088 2513 κόσμον
1105 2431 1339 2513 ἐτεκτήνατο

648 2647 687 2697 Dc
708 2649 768 2697 coni
788 2649 915 2698 sectione.

316 2742 343 2801 1.
384 2739 481 2799 Porro
504 2743 604 2799 autem
631 2737 712 2813 vide,
744 2739 899 2819 quomodo
929 2739 1097 2800 occurrerit
1120 2739 1340 2822 (Chrysippus)

229 2843 408 2910 Democrito
426 2843 622 2923 physicorum
646 2863 732 2907 more
758 2849 789 2907 et
818 2846 929 2908 acriter
947 2847 1119 2928 quaerenti,
1132 2848 1158 2909 si
1178 2867 1273 2910 conus
1293 2868 1343 2910 se-

231 2953 365 3018 curulum
384 2951 472 3013 basin
490 2949 614 3030 planitie
635 2959 764 3028 secetur,
787 2953 860 3035 quid
871 2953 1069 3032 judicandum
1088 2954 1127 3016 sit
1147 2957 1185 3016 de
1204 2975 1342 3035 segmen-

230 3069 332 3125 torum
351 3057 580 3140 superficiebus,
604 3059 784 3141 aequalesne
811 3061 891 3134 fiant,
913 3079 951 3122 au
971 3063 1164 3143 inaequales?
1206 3061 1240 3123 Si
1260 3062 1343 3123 enim

231 3167 290 3231 sint
308 3165 490 3247 inaequales,
510 3185 620 3229 conum
640 3167 767 3229 reddent
787 3167 1014 3249 inaequabilem,
1037 3169 1146 3231 multas
1165 3169 1343 3256 nanciscen-

231 3279 292 3335 tem
307 3271 455 3352 gradwm
478 3272 572 3334 instar
592 3273 738 3336 incisuras
761 3283 792 3336 et
814 3275 1006 3356 asperitates:
1025 3277 1071 3338 sin
1086 3275 1236 3358 aequales,
1252 3282 1343 3336 erunt

232 3389 386 3460 segmento
406 3379 550 3459 aequalia,
572 3379 782 3462 videbitnrque
800 3401 881 3444 cono
903 3385 1031 3459 evenire,
1042 3385 1124 3465 quod
1138 3389 1185 3445 est
1204 3382 1344 3462 cylindri,

232 3493 267 3550 ut
284 3505 323 3547 ex
349 3485 534 3566 aequalibus,
559 3505 621 3549 non
651 3486 856 3569 inaequalibus
884 3497 1003 3552 constet
1029 3489 1160 3567 circulis,
1188 3490 1270 3572 quod
1297 3496 1346 3550 est

234 3589 492 3656 absurdissimum.

715 3679 755 3732 De
772 3681 857 3744 poesi

317 3767 346 3828 2.
390 3765 536 3828 Similiter
559 3769 767 3832 Democritus:
805 3773 1010 3852 Quaecunque
1031 3781 1126 3852 poeta
1146 3792 1218 3833 cum
1239 3771 1346 3832 divino

234 3873 348 3954 spiritu
368 3880 533 3954 sanctoque
545 3873 665 3958 surore
682 3877 796 3956 scribit,
811 3880 981 3958 ρνασσίανα
1000 3888 1082 3941 sunt.

703 4009 742 4059 De
759 4011 883 4061 Homero.

318 4095 347 4157 3.
389 4094 581 4158 Democritus
602 4097 640 4160 de
662 4101 795 4164 Homero
815 4102 861 4163 sic
883 4101 937 4164 ait:
959 4102 1112 4164 Hmuerm
1133 4101 1238 4163 diuino
1252 4119 1347 4182 prae-

236 4198 321 4262 ditur
340 4200 466 4280 ingenio
487 4210 600 4265 ornata
629 4209 728 4270 munis
753 4210 872 4289 gereris
897 4209 1040 4272 carmina
1068 4209 1245 4290 cmnposuit,
1265 4209 1350 4290 qnod
