2892 4872
289 333 351 400 ltD
618 335 814 398 Quaestionum
831 335 1064 391 Democriteum

288 525 366 581 rum,
383 503 422 568 de
443 505 473 566 vi
495 510 526 567 et
545 509 653 566 natura
675 503 916 580 chamaeleontis,
946 523 1128 586 eumquese
1146 505 1250 586 legisse
1269 501 1371 565 Plinius

289 616 449 676 Secundus
471 611 501 673 iu
524 611 669 675 naturalis
693 612 837 675 historiae
863 612 1002 676 XXVIII
1022 613 1127 676 refert:
1145 613 1289 695 monitaque
1306 629 1373 672 vana

289 727 319 784 et
337 719 525 786 intoleranda
546 721 669 784 auribus
692 720 801 782 deinde
822 721 908 802 quasi
928 742 947 782 a
965 723 1140 786 Democrito
1162 724 1270 802 scripta
1287 719 1372 792 tradit,

288 829 458 913 exquibus
484 848 583 910 pauca
609 827 683 891 haec
708 828 792 892 inviti
817 829 1014 908 meminimus,
1042 831 1112 912 quia
1138 839 1300 912 pertaesum
1327 833 1372 887 est

287 938 474 1018 Accipitrem
500 957 586 1000 avem
611 935 830 1017 rapidissimam
854 958 873 999 a
899 938 1123 1003 chamaeleonte
1147 941 1227 1003 humi
1244 941 1372 1018 reptante,

288 1048 315 1111 si
337 1068 407 1110 eum
424 1047 504 1109 torte
533 1044 723 1126 supervolet,
751 1045 874 1124 detrahi,
902 1053 933 1109 et
954 1047 1063 1110 cadere
1086 1049 1116 1110 vi
1137 1050 1259 1132 quadam
1279 1045 1307 1106 in
1325 1051 1373 1104 ter-

287 1177 360 1232 ram,
381 1154 568 1236 caeterisque
589 1153 696 1216 avibus
719 1153 890 1218 laniandum
911 1175 979 1218 sese
1002 1164 1111 1238 sponte
1131 1177 1186 1219 sua
1205 1155 1327 1234 objicere
1343 1171 1372 1212 ae

287 1264 407 1326 dedere.
446 1265 520 1325 ltem
539 1259 622 1324 aliud
642 1260 723 1326 ultra
743 1263 902 1326 humanam
918 1264 1010 1327 iidem
1023 1266 1030 1298 ¹
1042 1264 1087 1348 ²):
1117 1268 1214 1346 Caput
1231 1241 1372 1326 etecllum

289 1370 531 1448 chamaeleontis,
565 1370 592 1432 si
616 1377 722 1432 uratur
738 1369 834 1452 ligno,
865 1373 947 1454 quod
968 1374 1139 1455 appellatur
1163 1374 1260 1450 robur,
1279 1371 1374 1434 imbres

288 1485 319 1544 et
338 1481 470 1543 tonitrua
495 1479 660 1559 derepente
686 1478 767 1542 fieri:
803 1479 894 1561 idque
921 1481 1019 1562 ipsum
1045 1483 1235 1559 usuvenire,
1261 1481 1286 1542 si
1300 1481 1374 1558 jecur

288 1587 424 1667 ejusdcm
452 1587 589 1650 animalis
616 1587 648 1648 io
676 1588 800 1651 summis
830 1589 939 1670 tegulis
960 1598 1074 1656 uratur.
1111 1593 1184 1654 Item
1201 1591 1286 1663 aliud,
1305 1585 1374 1670 quod

288 1695 390 1758 hercle
420 1715 458 1757 au
483 1714 630 1776 ponerem
650 1695 797 1773 dubitavi,
826 1696 866 1759 ita
888 1704 934 1760 est
954 1698 1139 1762 deridiculae
1160 1698 1304 1763 vanitatis:
1327 1693 1374 1756 nisi

287 1804 403 1868 idcirco
424 1803 514 1885 plane
535 1803 636 1884 posui,
663 1803 746 1886 quod
774 1805 910 1885 oportuit
935 1825 993 1870 uos
1014 1806 1126 1887 dicere,
1148 1808 1218 1890 quid
1239 1809 1274 1870 de
1292 1803 1375 1866 istius

287 1913 372 1976 modi
391 1913 621 1974 admirationum
644 1911 743 1975 ludaei
764 1910 907 1977 illecebra
928 1917 1116 1993 sentiremus,
1140 1937 1199 1999 qua
1219 1916 1375 1998 plerumque

287 2019 448 2102 capiuntur
468 2028 500 2085 et
525 2021 565 2083 ad
595 2021 759 2101 perniciem
788 2019 947 2086 elabuntur
967 2025 1086 2105 ingenia
1107 2025 1232 2088 mamma
1252 2019 1374 2091 sollertia,

288 2148 384 2211 eaque
413 2128 619 2210 potissimum,
645 2149 721 2212 quae
749 2127 885 2191 discendi
913 2131 1073 2211 cupidiora
1101 2141 1179 2198 sunt
1220 2133 1279 2197 Sed
1297 2129 1375 2192 redeo

287 2237 327 2300 ad
348 2235 554 2317 PIInium'³):
596 2236 759 2300 Sinistrum
786 2239 896 2317 pedem
925 2239 966 2300 ait
993 2242 1225 2306 chamaeleontis
1248 2242 1276 2302 in
1301 2241 1375 2300 inmo

288 2344 349 2425 igni
367 2344 514 2408 calefacto
535 2345 645 2408 torreri
661 2365 731 2408 cmn
742 2345 844 2423 herba,
866 2367 944 2429 quae
964 2351 1136 2430 appellatur
1153 2352 1257 2416 codem
1273 2345 1376 2410 nominc
1429 2369 1430 2426 j

289 2452 491 2532 chamaeleon,
521 2460 551 2516 et
570 2458 731 2537 utrumque
757 2448 902 2516 macerari
922 2467 1076 2537 unguento
1105 2459 1263 2542 colligique
1281 2457 1308 2518 iu
1325 2473 1377 2515 me

289 2561 361 2624 dum
380 2560 492 2642 pastilli
517 2567 607 2646 atque
635 2561 666 2622 in
691 2580 745 2623 vas
764 2561 842 2624 mitti
866 2561 1016 2643 ligneum:
1047 2571 1079 2629 et
1105 2590 1175 2632 eum
1207 2565 1309 2651 quiid
1334 2577 1377 2622 vas
1429 2571 1430 2574 ’

289 2671 374 2744 ierat,
396 2669 512 2732 etiamsi
530 2669 557 2732 Is
579 2670 610 2731 in
628 2669 730 2733 medlo
750 2668 849 2750 palam
872 2678 1017 2750 versetur,
1044 2677 1165 2741 anullo
1184 2675 1276 2738 videri
1294 2687 1377 2753 posse.

287 2778 342 2839 llis
364 2777 512 2857 portentis
539 2785 629 2860 atque
649 2777 819 2859 praestigiis
849 2798 868 2840 o
894 2779 992 2843 Plinio
1015 2783 1163 2847 Secundo
1191 2781 1305 2864 scriph's
1327 2794 1378 2839 non

288 2886 412 2966 dignum
432 2905 499 2948 esse
521 2904 691 2965 cognomen
714 2885 882 2949 Democriti
910 2895 994 2969 puto.
1040 2892 1098 2954 Vel
1126 2893 1210 2970 illud,
1243 2887 1379 2973 quaeest
1429 2887 1430 2954 j

288 2993 373 3076 qued
393 2993 471 3056 idem
494 2993 608 3056 Plinius
628 2993 659 3055 in
680 2993 896 3058 decimalibus
915 2999 1124 3061 Democritum
1142 2999 1294 3080 scripsisse
1312 3011 1379 3055 aest*

287 3107 386 3163 verat:
416 3121 487 3164 aves
516 3101 661 3182 quasdam
690 3121 758 3164 esse
787 3103 880 3166 certis
906 3107 1075 3184 vocabulis,
1107 3116 1139 3172 et
1167 3127 1268 3171 earum
1295 3103 1378 3167 adum

289 3211 418 3272 confuso
440 3209 584 3289 sanguine
605 3210 688 3290 gigni
707 3219 892 3290 serpentem:
920 3233 988 3276 eum
1015 3217 1040 3276 si
1063 3217 1131 3298 quis
1154 3216 1256 3291 ederit,
1279 3213 1378 3290 linguas

287 3315 387 3378 avium
409 3322 439 3378 et
466 3315 619 3400 colloquia
647 3323 919 3399 interpretaturum.
965 3324 1060 3386 hlulta
1086 3331 1187 3386 autem
1205 3324 1335 3385 videntur
1348 3313 1379 3376 ab

288 3423 460 3487 homiuibus
486 3424 564 3486 male
596 3426 771 3490 sollertibus
800 3429 1010 3507 hujuscemodi
1039 3431 1379 3496 commentantium

288 3531 354 3593 criti
372 3551 482 3594 nomen
503 3531 580 3612 data,
601 3533 766 3598 nobliitatis
788 3537 1037 3623 auctoritatisque
1064 3542 1130 3619 ejus
1154 3539 1291 3622 perfugio
1310 3537 1380 3594 uten-

288 3636 401 3702 tibus.''

371 3746 428 3826 39)
456 3743 556 3809 Αἰτίαι
587 3746 746 3832 Εὑμμικτοι
767 3751 910 3836 περὶτῆς
934 3752 1023 3816 iabou
1047 3755 1065 3819 i.
1087 3776 1112 3818 e.
1133 3753 1319 3839 quaestiones
1338 3743 1380 3807 mi·
1429 3827 1430 3842 χ

286 3855 397 3918 scellae
418 3853 455 3916 dc
483 3863 629 3937 magnete,
656 3878 715 3940 qua
742 3860 960 3941 significatione
994 3869 1100 3926 notum
1128 3869 1173 3927 cst
1204 3853 1381 3925 Aristotelem

287 3963 437 4026 utiendum
457 3961 510 4043 τὴν
539 3961 626 4026 λίθον
652 3968 828 4048 slutplicher
851 3970 961 4034 dicere.
1002 3973 1158 4055 Menagius
1190 3977 1220 4034 et
1240 3960 1381 4031 Fabricios
1429 4047 1430 4050 Ἴ

358 4209 396 4272 ¹²)
417 4208 453 4258 cr.
474 4209 537 4259 ann
559 4211 603 4262 nu
624 4213 643 4262 x
666 4226 724 4278 cap.
743 4211 784 4264 uo.

359 4301 396 4366 ¹³)
417 4297 454 4350 Ci.
473 4299 535 4351 Ptin.
555 4301 597 4353 lib.
614 4303 714 4356 XXVIII
733 4303 834 4371 capra
