2892 4872
376 310 460 384 Liber
476 311 511 366 ll.
548 310 590 364 lle
610 307 760 366 Democriti
778 310 897 380 seriptis.
1132 315 1193 380 149

84 477 179 554 pago
200 476 249 538 ed
271 477 451 540 Boissouad.
470 477 519 553 ait,
541 477 759 554 Democritum,
781 477 895 555 rejecta
915 479 1103 560 Pythagorae
1124 503 1191 546 seu-

84 583 174 660 tonlia,
201 584 254 666 qui
276 585 369 648 verba
396 582 488 668 φύσει
509 603 576 646 esse
596 590 748 657 statuerat,
768 585 800 646 iu
821 584 881 646 boo
901 585 1084 666 elaborasse,
1105 599 1138 654 ut
1156 611 1193 654 ea

82 687 159 750 θέσει
176 709 247 753 esse
271 692 405 756 doceret.
449 672 496 753 ilc
524 693 655 773 primum
682 693 802 775 quidem
828 695 1013 757 memorabat
1033 697 1086 780 τὴν
1109 699 1190 782 ὁμω-

81 796 191 877 νυμίαν,
209 801 298 882 quod
319 822 381 864 uno
397 800 493 864 verbo
512 799 616 879 plures
637 818 687 862 res
710 800 951 880 significarentur
969 802 1189 887 (πολύσημσν),

81 901 180 966 deinde
200 906 255 988 τὴν
285 906 513 989 πσλιιωνυμίαν,
536 906 621 988 qnod
641 907 780 987 pluribus
806 906 908 970 verbis
933 929 994 970 una
1020 931 1069 973 res
1092 915 1191 994 expri-

80 1018 205 1074 meretur
225 1011 433 1099 (ίσόῤῥσπον),
460 1021 523 1078 tum
543 1015 596 1098 τὴν
619 1017 678 1077 τῶν
703 1013 861 1096 ὀνομάτων
885 1015 1057 1097 μετάθεσιν,
1078 1022 1190 1102 (μετώ-

80 1134 164 1198 νυμον
172 1121 222 1200 i');
250 1130 354 1186 ortum
379 1123 460 1186 euim
489 1141 567 1198 esse,
592 1122 675 1185 addit
696 1121 840 1200 Proclus,
861 1143 899 1186 ex
919 1123 1072 1188 Aristocle
1091 1127 1191 1192 Plato-

7 1235 8 1256 ³
79 1241 148 1304 uem,
170 1248 208 1289 ex
233 1231 382 1310 'l'yrtamo
405 1231 662 1311 Theophrastum
691 1232 821 1312 denique
844 1231 897 1314 rba
921 1235 981 1294 τῶν
1004 1233 1120 1315 ὁμοίων
1143 1233 1189 1296 ἔλ-

6 1323 8 1387 ¹.
80 1331 168 1418 λειψιν
192 1337 379 1420 (νώνυμον),
401 1357 470 1399 uam
493 1336 638 1421 φρόνησιν
662 1339 810 1420 originem
830 1339 942 1402 ducere
959 1360 978 1401 a
998 1341 1092 1403 verbo
1117 1363 1189 1426 φρο-

6 1515 7 1531 ¹
78 1443 141 1518 νεῖν,
174 1445 232 1506 sed
264 1444 459 1528 δικαιοσύνην
494 1446 533 1507 ad
562 1446 677 1510 nullum
712 1447 885 1526 hujusmodi
916 1448 1042 1510 verbum
1073 1450 1189 1512 reterri.

80 1547 207 1612 Tertium
233 1572 275 1614 ex
303 1553 362 1617 illis
382 1553 570 1630 nominibus,
599 1553 707 1635 quibus
730 1556 923 1618 Democritus
946 1557 1191 1637 quadripartitam

6 1637 7 1646 ί
80 1653 147 1719 banc
179 1661 333 1725 rationem
367 1661 553 1742 designabat,
586 1681 667 1724 nuuc
701 1662 732 1722 in
760 1662 862 1724 Procli
885 1663 973 1726 codd.
994 1663 1189 1728 desideratur.

80 1763 215 1830 Fortasse
250 1770 432 1852 μετώνυμσν
465 1769 529 1846 luit,
562 1770 645 1852 qnod
672 1769 803 1849 conjecit
834 1771 1056 1862 lleimsoetuius
1086 1795 1117 1854 p.
1139 1775 1189 1837 35.

80 1871 168 1940 l'orro
194 1885 286 1940 vetus
310 1877 530 1940 Grammaticus
557 1877 588 1938 in
613 1877 744 1940 Bekkeri
769 1875 885 1940 Anecd.
911 1900 940 1959 p.
959 1883 1019 1943 781
1045 1881 1191 1944 certiores

81 1997 130 2043 nos
146 1985 227 2062 iacit,
249 1987 463 2048 Democritum
486 1985 652 2048 litterarum
673 1985 795 2047 nomina
815 1985 992 2064 declbrasse,
1021 1990 1062 2052 ita
1080 1997 1116 2053 ut
1135 1993 1191 2054 τοῦ

81 2085 225 2172 δέλτατσς,
250 2095 386 2177 θήτσιτος
405 2099 463 2156 eto.
483 2093 606 2155 diceret.
650 2092 782 2155 Omnino
804 2093 930 2154 forsitan
950 2115 1012 2158 uon
1033 2099 1191 2162 solusDe

82 2200 219 2264 macutus
249 2203 421 2265 litterarum
450 2203 571 2264 uomina
599 2201 723 2264 flexerit.
774 2206 892 2282 Quare,
926 2210 960 2265 ut
984 2213 1068 2268 recte
1087 2214 1193 2270 monet

82 2299 281 2388 burchardus,
302 2330 364 2372 non
387 2317 434 2373 est
459 2329 516 2372 cur
544 2309 741 2392 reprobemus
759 2307 910 2388 vulgatam
928 2310 1089 2375 lectionem
1110 2315 1192 2394 apud

6 2439 7 2450 ι
83 2407 316 2496 Xenophontem
344 2418 460 2482 llelleu.
482 2419 534 2496 lV,
554 2421 586 2495 l,
607 2421 663 2480 10:
692 2415 824 2499 ὁρῶντες
850 2415 888 2478 τὰ
912 2417 1040 2501 σίγματα
1061 2419 1111 2482 ἐπὶ
1131 2426 1190 2483 τῶν

6 2535 7 2542 “
84 2513 222 2590 ἀσπίδων.
270 2528 319 2589 cf.
341 2527 469 2589 Person.
492 2527 531 2588 ad
548 2525 618 2588 Eur.
641 2524 721 2587 lllcd
735 2525 806 2585 476.
849 2524 1002 2589 Sebacler.
1015 2528 1128 2591 Melett
1149 2549 1190 2616 or·

83 2643 108 2700 p.
127 2629 166 2693 96
187 2642 219 2698 et
240 2635 297 2699 Fr.
318 2635 430 2698 Osann
453 2635 491 2696 de
513 2633 631 2696 Claudii
654 2631 849 2712 Imperatoris
872 2631 1029 2715 ἀντίσιγμα
1051 2636 1081 2696 iu
1103 2637 1190 2699 Misc.

85 2749 121 2796 cr·
136 2739 150 2798 l
167 2763 195 2822 p.
216 2746 269 2808 Ob.
313 2743 473 2804 Praeterea
494 2741 587 2803 multa
606 2739 729 2802 novavit
746 2739 948 2817 Democritus,
971 2739 1191 2822 ἑπιτηδσιέστα-

85 2857 129 2908 τος
144 2867 297 2933 usurpans
318 2858 393 2914 teste
413 2850 571 2912 Eustatbio
590 2849 629 2910 ad
644 2849 754 2928 Odyss.
778 2846 894 2932 β190;
916 2846 1068 2932 χρηέσντα
1089 2849 1192 2913 diceus

86 2953 158 3026 apuu
176 2959 265 3022 Stob.
296 2959 378 3022 Flor.
399 2957 511 3034 XLIV,
535 2959 574 3020 15
599 2962 630 3018 ct
648 2955 711 3018 Ecl.
734 2957 769 3034 ll,
792 2959 821 3034 9,
842 2957 870 3018 3.
913 2955 1001 3018 Adde
1023 2955 1123 3018 media
1143 2956 1191 3018 σίν-

86 3056 265 3142 τῑλογεῑσθσιι
276 3067 464 3148 (Democrat.
475 3065 569 3127 Oceli.
580 3085 609 3126 u.
623 3065 693 3143 bl);
715 3061 957 3147 λσσχηνεὺσσθαι
969 3063 1057 3138 ibiu.;
1080 3063 1191 3126 δυσθυ-

90 3167 203 3238 sertum
226 3175 314 3238 Stob.
337 3174 420 3237 Flor.
441 3173 519 3250 Clll,
545 3175 600 3246 17;
632 3169 813 3232 διωθεῖσθαι
835 3171 905 3232 ibid.
926 3171 948 3248 1,
971 3173 1023 3247 lO,
1042 3191 1120 3253 quae
1140 3171 1193 3234 ali-

88 3271 151 3346 quid
178 3279 314 3344 insolens
339 3283 459 3360 babent,
484 3287 514 3342 et
533 3278 666 3364 πορίζειν
688 3298 746 3358 pro
776 3276 958 3362 πορίζεσθαι
985 3279 1097 3343 dictum
1121 3280 1192 3344 ibid.

88 3370 191 3462 XCIV,
210 3393 261 3452 25.
305 3389 352 3450 Ex
373 3389 419 3449 bis
438 3392 531 3467 patet,
555 3385 771 3462 Democritum,
798 3386 897 3450 virum
925 3386 973 3450 sui
1002 3387 1033 3450 in
1054 3389 1193 3452 omnibus

88 3481 169 3552 rebus
187 3497 305 3576 judicii,
328 3495 460 3577 linguam
488 3515 628 3576 graecam
654 3493 693 3555 ad
714 3513 803 3557 suum
824 3515 913 3557 usum
934 3495 1055 3558 illuxisse
1080 3503 1110 3558 et
1130 3517 1192 3559 mu-

91 3589 168 3660 tasse.

165 3707 471 3794 51)’ονομαστιιι6ν.
515 3710 576 3771 Pro
595 3707 664 3790 περὶ
687 3705 831 3791 ῥημάτων
858 3706 1089 3795 Ὀνομαστικόν,
1111 3710 1194 3793 quod

92 3799 118 3864 l¹¹
134 3823 200 3881 vett
223 3819 290 3882 edd.
312 3825 373 3895 est,
395 3817 552 3899 lllenagius
577 3815 707 3893 dubitat,
736 3817 966 3882 scribendumue
988 3818 1028 3880 sit
1048 3815 1124 3902 Περὶ
1144 3817 1193 3902 ῥη-

93 3913 186 3986 μάτων
218 3927 237 4010 ἢ
268 3921 488 4018 Ὀνσμσστιιιθν
522 3925 632 4008 (quam
662 3928 866 4006 conjecturatur
899 3933 1006 4006 postea
1035 3925 1194 3988 Fabricius

93 4025 247 4115 probavit),
271 4055 310 4097 an
332 4033 492 4114 separatim
511 4030 587 4116 Περὶ
609 4031 761 4116 ῥημάτων.
801 4029 1031 4116 Ὀνομσιστικόν,
1053 4033 1195 4115 quemad-

94 4133 206 4202 modum
235 4143 266 4206 in
294 4141 461 4205 Basilecusi
490 4141 623 4204 editione
652 4139 771 4222 legitur.
831 4140 990 4203 Fabricius
1022 4139 1082 4222 legi
1107 4141 1195 4220 jubet

91 4221 288 4332 Ὀννματσιόν,
316 4271 376 4334 qua
395 4249 602 4314 emendatione
624 4248 698 4310 nibil
721 4267 799 4332 opus
822 4257 876 4313 cst.
