2892 4872
347 317 432 372 Libat
450 315 486 370 11.
519 314 561 370 Do
580 313 732 370 Democriti
749 311 869 382 seriptis.
1103 305 1165 372 105

137 489 182 552 En
202 485 294 568 igitur
313 482 483 548 Democriti
504 480 618 564 scripta
636 481 676 546 ad
694 477 847 562 Thrasylli
866 495 1003 542 normam
1023 477 1054 541 in
1075 481 1165 540 tetra·

26 673 30 683 ¹
64 596 151 680 logias
171 595 275 660 divisa.
347 639 373 683 .'

106 791 141 862 Α.
190 783 324 884 Scripta
349 776 504 860 moralia.

138 941 156 1004 i.
245 941 273 1003 1.
294 931 487 1017 Πυθαγόρης.

243 1047 272 1108 1.
296 1041 372 1126 Περί
392 1044 446 1122 τῆς
467 1041 522 1104 τοῦ
545 1041 646 1124 σοφοῦ
666 1035 830 1118 διαδέσιος,

242 1152 273 1214 3.
296 1146 373 1232 Περὶ
390 1152 451 1212 τῶν
476 1147 507 1210 ἐν
529 1139 617 1232 ᾅδου,

6 1327 9 1334 ,
239 1259 269 1322 4.
292 1252 493 1340 Τριτογένεια.
549 1239 562 1270 ⁴

1 1426 8 1463 ,
134 1371 167 1434 ll.
238 1370 268 1431 5.
291 1361 368 1448 Περί
389 1358 597 1447 ἀνδραγαθίης
615 1357 635 1444 ἢ
657 1359 727 1444 περὶ
745 1356 866 1443 ἀρετῆς,

241 1476 273 1538 6.
291 1469 484 1555 Ἀμαλθείης
502 1467 605 1553 κόρας,

241 1585 272 1646 7.
295 1577 372 1664 Περὶ
393 1577 552 1662 εὐθυμίης,
762 1645 766 1654 ,

242 1692 272 1754 8.
290 1684 536 1772 Ὑπομνημάτων
559 1683 675 1770 ἠδικῶν
695 1679 733 1766 η’.

104 1846 137 1916 Β.
186 1838 326 1937 Scripta
350 1835 503 1937 physica.

135 1989 182 2060 lii.
243 1995 274 2057 9.
291 1987 403 2074 -ΑῙέηας
425 1990 603 2072 διάκοσμος,

221 2103 277 2166 10.
298 2095 415 2183 Μικρὸς
439 2097 615 2179 διάκοσμος,

222 2213 277 2276 11.
299 2203 536 2291 Κοσμογραφίη,

225 2319 280 2383 11.
302 2311 379 2400 Περὶ
398 2317 459 2378 τῶν
480 2311 652 2395 πλανήτων.
756 2341 758 2346 -

139 2429 190 2494 Ν.
224 2425 279 2491 13.
302 2419 379 2506 Περὶ
402 2420 511 2506 φόσιος
530 2421 661 2503 πρῶτον,

225 2535 280 2600 tt.
301 2527 378 2615 Περὶ
400 2528 566 2613 ἀνθρώπου
587 2521 731 2609 φόσιοςῆ
752 2521 823 2607 παρί
844 2518 956 2607 σαρκός
975 2517 1012 2604 β.

226 2643 282 2706 16.
304 2635 381 2723 Περὶ
402 2634 486 2716 νόου,

227 2750 281 2813 16.
303 2743 380 2829 Περὶ
402 2743 581 2828 αἰσδησίων.

141 2863 181 2926 V.
225 2859 280 2922 17.
302 2850 379 2938 Περὶ
399 2856 524 2937 χυμῶν,

233 2965 283 3028 18.
306 2959 383 3046 Περὶ
404 2957 548 3045 χροιέων,

230 3073 281 3136 19.
303 3066 381 3152 Περὶ
401 3070 462 3130 τῶν
486 3063 694 3152 διαφερόντων
721 3058 855 3144 ῥυσμῶν,

234 3181 284 3243 10.
305 3173 382 3260 Περὶ
404 3170 698 3260 ἀμειψιρρυσμιέων.

146 3293 199 3356 Vl.
237 3289 288 3353 11.
309 3281 531 3368 Κρατυντήρια,

235 3397 287 3460 11.
310 3388 387 3476 Περὶ
408 3389 542 3453 εἰδώλου
563 3387 584 3474 ἢ
608 3386 679 3471 ττερί
700 3377 856 3467 προνοίης,

235 3503 287 3568 13.
309 3496 386 3582 Περὶ
407 3498 524 3582 λοιμῶν
542 3497 563 3582 ἣ
587 3493 733 3579 λοιμικῶν
756 3487 857 3552 κακῶν
881 3477 907 3543 οί
932 3477 956 3563 β
977 3473 1011 3558 ί,

237 3611 290 3678 tt.
307 3605 546 3691 Ἀπορημάτων.

121 3778 155 3850 C.
192 3767 346 3868 'Scripta
366 3757 604 3839 ἀσύντακτα.

156 3935 223 4000 Vll.
244 3934 303 3997 25·
318 3926 420 3994 Αἰτίαι
440 3928 590 4014 οὐράνιαι,

244 4043 296 4106 16.
318 4038 419 4104 Αἰτίαι
439 4035 549 4121 ἠέριοι,

245 4153 296 4214 17.
317 4146 419 4212 Αἰτίαι
444 4141 595 4223 ἐπίπεδοι,

247 4259 297 4321 18.
320 4253 421 4320 Αἰτίαι
442 4251 511 4339 περὶ
534 4251 630 4338 τυρὸς
649 4250 701 4316 κοιί
724 4247 783 4312 τῶν
809 4241 841 4308 ἐν
863 4238 944 4326 πυρί.
