2892 4872
377 291 463 347 Liber
479 290 514 347 11.
547 291 590 348 Do
611 291 762 348 Democriti
780 295 899 364 scriptis.
1137 295 1199 362 135

86 458 176 522 varias
221 481 323 524 rerum
363 462 477 522 formas
522 460 605 522 varia
644 467 814 524 atomorum
855 457 1075 541 compositione
1110 465 1191 542 oriri,

85 567 271 652 ρυσμοδσδαι
302 568 341 630 ab
367 567 520 648 liesychio
554 567 717 647 exponitur
752 569 973 653 συγκρίνεσθαι,
1001 578 1032 632 ot
1053 571 1190 656 ἀμειψιρ-

83 676 201 759 ῥυσμσῖν
224 678 262 740 ab
282 678 391 740 eodem
410 675 579 738 declaratur
602 677 822 759 μεταλλάσσειν
849 677 902 760 τὴν
926 677 1076 760 σύγκρισιν
1097 679 1116 762 ἢ
1140 701 1188 762 με-

82 783 324 868 ταμορροῦσδαι.

159 896 216 972 20)
240 890 315 976 ssepi
335 888 615 976 ἀμειψιρρυσμιέιυν
638 892 746 973 (vulgo
773 890 1034 976 ἀμειψιρρυσμιῶν
1059 893 1077 954 i.
1098 913 1124 954 e.
1152 895 1188 956 de

81 1005 249 1064 mutatione
257 1001 457 1081 formarum,
476 1005 510 1060 ut
533 999 625 1061 modo
646 999 786 1064 vidimus.
827 999 930 1062 Possis
952 999 1050 1078 otiam,
1073 1001 1099 1062 si
1121 1022 1188 1063 sen-

80 1131 141 1174 sum
159 1110 257 1192 magis
280 1129 369 1192 quam
389 1106 516 1169 verbum
544 1106 699 1186 respicias,
726 1107 916 1188 interpretari
946 1108 985 1168 do
1013 1111 1187 1172 mutatione

80 1221 313 1292 concretionem,
333 1217 392 1278 hoc
411 1219 458 1278 est
477 1235 582 1277 rerum
603 1235 680 1297 quae
705 1217 813 1278 atomis
828 1215 942 1294 junctis
959 1222 1011 1277 aut
1031 1216 1186 1294 disjunctis

79 1329 164 1389 modo
189 1327 332 1389 oriuntur
358 1323 451 1385 modo
478 1324 629 1387 occidunt.
680 1326 824 1388 Fortasse
854 1323 1020 1386 Democriti
1045 1323 1185 1387 volumen

79 1437 113 1498 de
132 1435 240 1498 atomis
270 1432 442 1495 confectum
471 1433 555 1514 quod
581 1432 723 1497 laudatur
752 1455 771 1494 a
790 1433 928 1513 Diogene
951 1433 1003 1495 lib.
1025 1434 1109 1510 11,ιί
1139 1435 1184 1496 his

79 1545 189 1607 vorbis:
208 1541 248 1606 τὰ
273 1542 328 1602 τοῦ
348 1537 540 1622 Δημοκρίτου
568 1540 639 1625 τερί
660 1538 795 1625 ἀτόμων,
816 1560 878 1603 non
898 1543 995 1604 differt
1014 1543 1053 1604 ab
1075 1562 1123 1620 eo,
1145 1544 1182 1604 do

81 1673 136 1734 quo
153 1653 203 1715 hic
221 1649 351 1732 agimus.
383 1648 481 1710 Porro
500 1648 661 1710 verisimile
680 1655 734 1726 est,
755 1651 865 1713 librum
885 1671 903 1712 a
924 1651 1018 1712 Sexto
1030 1651 1182 1732 Empirieo

79 1760 138 1821 adv.
156 1760 301 1822 Mathem.
328 1777 358 1836 p.
376 1757 438 1818 399
464 1756 511 1818 ecl.
535 1756 625 1818 Febr.
653 1758 815 1822 excitatum
839 1758 928 1839 plone
956 1759 1084 1822 eundem
1107 1779 1181 1822 esse.

79 1865 123 1929 air
141 1869 268 1930 Scxnrs:
309 1859 362 1928 Ἐν
393 1862 429 1926 δὲ
450 1859 496 1948 τῷ
524 1861 598 1946 Ιίερί
619 1864 709 1926 ἰδεῶν
732 1869 905 1948 γιγνώσκειν
922 1889 955 1930 τε
976 1867 1046 1950 χρή,
1069 1867 1101 1946 (ό
1125 1865 1181 1950 Δγ·

81 1972 226 2058 μόκριτός)
257 1993 358 2058 φησιν,
388 1971 550 2055 ἄνθρωπον
579 1971 659 2055 τῷδε
685 1976 729 2056 τῷ
755 1972 866 2051 κανόνι,
896 1973 942 2039 ότι
969 1974 1064 2056 αἰτίης
1087 1977 1181 2055 (corr.

80 2077 171 2164 ἰτεῆς)
196 2081 403 2165 ἀπήλλακται.
444 2079 528 2142 idern
552 2088 675 2160 postea:
705 2079 805 2163 Δγλοῖ
824 2082 878 2165 μὲν
911 2082 948 2165 δὴ
976 2082 1027 2145 καὶ
1054 2079 1180 2150 οὖτοςό

81 2185 171 2270 λόγος,
204 2189 253 2253 ότι
287 2187 360 2270 ἐτεῇ
382 2185 472 2250 οὐδὲν
503 2185 589 2270 ἴσμεν
619 2189 689 2271 περὶ
721 2187 862 2254 οὐδενός·
894 2186 964 2250 ἀλλ’
1002 2188 1180 2273 ἐπιρρυσμίγ

81 2293 242 2360 ἑκάστοισιν
273 2297 292 2380 ἡ
321 2293 410 2364 δόΕις.
458 2296 538 2358 Nam
571 2295 637 2379 ἰδέη
666 2296 715 2359 vel
746 2295 828 2364 εἶδος
862 2300 944 2378 apud
977 2300 1180 2363 Democritum

81 2406 178 2481 partim
197 2414 373 2470 atomorum
393 2406 529 2483 sormam,
558 2407 666 2485 partim
687 2407 768 2487 ipsos
797 2412 917 2469 atomos
937 2406 1093 2487 significat.
1115 2409 1181 2470 Ari·

81 2518 142 2576 stet
170 2514 327 2596 physicor.
360 2514 446 2575 lib.i
476 2515 584 2593 capi
612 2514 749 2576 -aei
777 2515 806 2576 εἰ
835 2513 994 2602 ἀπείρους,
1029 2515 1048 2597 ἢ
1084 2515 1182 2583 οὕτως

82 2617 175 2706 ὥσπερ
202 2619 405 2705 Δημόκριτος,
434 2618 579 2701 τὸγένος
603 2620 644 2699 ἕν,
669 2624 841 2707 σχήματι
862 2622 882 2705 ἢ
907 2622 973 2684 καί
994 2621 1097 2684 εἴδει
1120 2623 1181 2686 δια-

83 2729 228 2812 φερούσας
249 2729 269 2814 i,
292 2729 343 2792 καί
363 2729 507 2806 ἐναντίας,
525 2730 577 2792 ubi
597 2731 727 2814 σχημῆ
750 2755 778 2794 κ.
802 2754 827 2794 ε.
854 2731 881 2792 δ.
906 2731 1036 2794 refertur
1057 2731 1095 2792 ad
1119 2737 1178 2792 aio-

82 2854 140 2900 mos
156 2841 275 2922 figura
306 2839 354 2902 vel
374 2838 492 2921 sermo
516 2840 731 2919 discrepantes.
782 2839 869 2902 Solet
898 2840 976 2900 enim
1001 2837 1180 2900 Aristoteles

83 2961 144 3008 suos
162 2969 257 3012 voces
277 2947 477 3010 Democriteis
499 2948 720 3030 explorationis
742 2948 838 3030 gratia
859 2968 1022 3029 apponere.
1067 2947 1181 3009 Plutar-

84 3051 150 3116 chus
175 3059 244 3120 adv.
272 3055 373 3120 Colot.
399 3077 468 3137 pag.
491 3061 570 3121 1111
599 3059 673 3139 (vol.
696 3059 729 3120 X
758 3079 787 3139 p.
810 3061 871 3122 568
884 3078 967 3139 seqq.
997 3056 1042 3119 υι1
1065 3056 1180 3134 Reisk.)

86 3155 153 3223 εἶναι
174 3163 207 3226 δὲ
230 3163 330 3225 πάντα
356 3163 416 3243 (sic
437 3166 517 3228 errim
538 3166 612 3248 leg.)
639 3164 692 3234 τάς
720 3164 869 3249 ἀτόμους,
902 3162 987 3233 ἰδέας
1012 3160 1063 3225 ὑπ’
1087 3160 1180 3224 αὐτοῦ

86 3268 285 3355 καλουμένας,
312 3269 415 3353 ἕτερον
443 3272 478 3334 δὲ
508 3272 614 3356 μηδέν.
668 3275 797 3354 Hesych.
829 3295 857 3338 ν.
889 3270 958 3334 ἰδέα
988 3311 1056 3324 --
1078 3269 1129 3334 καί
1146 3269 1180 3332 τὸ

88 3369 236 3461 ἐλάχιστον
270 3383 361 3462 σῶμα
390 3379 409 3442 i.
431 3400 457 3443 e.
494 3383 724 3462 corpusculum,
761 3389 888 3446 atomus.
944 3385 1047 3462 Quare
1082 3379 1182 3442 titulus

87 3479 155 3560 iibri,
176 3489 274 3551 Sexto
296 3489 461 3566 memorati,
484 3490 553 3572 cepi
577 3491 667 3554 ἰδεῶν
690 3491 763 3553 nihil
783 3493 863 3554 valet
881 3491 938 3554 nisi
960 3489 1030 3572 cepi
1050 3485 1182 3568 ἀτόμων.

88 3589 168 3670 apuu
182 3597 382 3676 Theophrast.
400 3596 451 3659 lib.
474 3597 543 3681 περὶ
560 3599 735 3683 αἰσθήσεως
756 3600 806 3662 καί
822 3600 976 3681 αἰσίἰγτῶν
989 3595 1018 3680 §.
1031 3600 1067 3658 51
1092 3593 1184 3656 verba

88 3701 224 3781 περὶτῶν
248 3703 339 3767 εἰδῶν
361 3705 529 3786 significant
550 3706 618 3789 trapi
638 3704 772 3788 ἀτόμων.
815 3709 861 3770 Gi.
888 3708 989 3770 adnot.
1020 3706 1058 3767 ad
1080 3705 1182 3782 fragm.

91 3807 167 3886 phys.
191 3815 240 3876 14.
280 3816 412 3876 Omnino
433 3815 627 3878 Democritus
653 3815 794 3880 dictionis
814 3816 987 3878 varietatem
1006 3812 1131 3885 attrabat,
1152 3813 1185 3869 ut

93 3915 137 3993 qui
154 3927 269 3984 atomos
290 3942 352 3984 non
373 3923 473 3984 solum
501 3921 555 3990 τάς
576 3921 718 4005 ἀτόμους,
739 3945 842 3986 verum
866 3925 954 3987 otiam
977 3920 1014 3984 τδι
1037 3919 1137 4001 ἄτομα
1156 3923 1187 3978 ot

93 4017 240 4108 ἀδιαίρετα
264 4033 394 4116 σώματα
419 4032 472 4114 (ci.
493 4030 618 4097 aristot
641 4032 679 4094 de
703 4033 800 4095 anima
830 4031 881 4095 lib.
903 4034 924 4110 1,
945 4033 980 4108 1)
1001 4037 1032 4092 et
1053 4025 1136 4094 ἰδέας
1157 4031 1188 4086 et

96 4121 155 4211 εἴδη
181 4143 211 4198 ot
239 4135 346 4220 φύσεις
371 4146 504 4204 vocaret.
561 4143 749 4204 Postremum
785 4141 965 4205 vocabulum
997 4139 1107 4220 legitur
1140 4155 1187 4214 ap.

96 4233 220 4320 Simplie,
241 4249 326 4330 phya
348 4251 419 4314 310.
431 4271 456 4315 a.
484 4249 599 4334 οἱπερὶ
621 4249 809 4336 Δημόκριτον
828 4251 880 4334 τὴν
905 4245 982 4312 κατὰ
1001 4244 1093 4310 τόπον
1115 4242 1191 4324 κίνγ·

1306 4483 1438 4844 ἰ
