2938 4864
305 339 390 394 Liber
409 339 457 397 lli.
494 339 565 398 Aba.
584 339 618 396 el
637 339 716 396 lien.
736 358 779 414 op.
799 343 893 416 tregua.
1097 345 1160 411 307

43 509 94 572 vel
116 508 175 571 ion.
197 504 278 575 δκως
300 528 369 570 cum
390 507 538 571 Infinitivo
559 507 630 570 lieet
652 509 822 572 rarissimae
848 513 995 592 exemplis
1017 515 1056 576 ab
1076 515 1157 578 Hoo-

44 635 167 699 geveen.
193 616 232 678 ed
254 617 357 698 Viger.
378 636 407 697 p.
427 617 489 678 t55
510 615 557 678 ed.
579 616 740 679 Hermann.
767 619 880 681 noviss.
902 627 934 683 et
954 621 1158 703 wesselingio

44 727 84 788 ad
101 725 227 787 Diodor.
250 725 388 789 Siculum
408 723 458 786 lib.
477 724 545 785 XX
566 743 631 804 cap.
654 727 696 786 lV
726 727 813 787 Tom.
832 727 878 788 lX
900 749 929 808 p.
950 729 1012 790 teo
1036 729 1082 792 ed.
1103 730 1161 792 Ar-

45 841 124 914 gent
147 833 244 896 citatis
273 833 342 894 add.
364 832 581 912 Xenophontis
611 832 726 895 llellen.
747 833 797 909 Vl,
823 836 851 910 9,
876 835 934 897 δθε
969 835 1050 898 ἀλλὰ
1070 841 1158 900 ταῦτα

44 940 172 1016 ἐπαινῶ,
192 937 237 1002 ὅτι
258 983 325 992 -
353 939 469 1024 εὕρετο,
502 937 586 1006 ὅπως
620 939 695 1022 μήτε
723 937 774 1002 διὰ
801 941 852 1002 τδν
881 943 978 1006 πλοῦν
1002 943 1158 1028 ἀνεπιστή·

44 1069 141 1131 μανας
165 1045 324 1110 εἶναιτῶν
347 1047 390 1115 εἰς
410 1045 581 1131 ναυμαχίαν
606 1045 681 1128 μήτε
696 1043 746 1108 διὰ
766 1047 799 1110 τδ
822 1052 917 1113 ταῦτα
937 1047 1066 1134 μελετᾷν
1088 1052 1158 1136 [ipe-

44 1154 169 1240 δῦτερθν
193 1177 220 1218 τι
243 1152 434 1240 ἀφικέσθαι.)
458 1153 540 1217 ἀλλά
565 1175 630 1217 τινα
654 1152 673 1234 ἦ
697 1152 811 1238 θεσμὸν
839 1155 860 1240 ἦ
881 1179 908 1220 τι
930 1155 1007 1220 ἄλλα
1031 1156 1156 1240 ἀμύνειν

42 1261 91 1347 τῷ
108 1262 144 1324 τὰ
165 1263 267 1326 δίκαια
294 1265 437 1324 ποιεῦντι.
488 1267 558 1345 Qua
585 1263 760 1339 conjectura
785 1263 833 1326 hie
858 1265 1020 1328 verborum
1051 1285 1159 1329 sensus

44 1373 231 1432 efficeretur:
256 1371 347 1448 „Non
356 1370 438 1450 fien'
448 1377 558 1451 potest,
577 1377 616 1431 ut
632 1390 719 1430 nunc
737 1391 785 1432 res
806 1368 951 1449 sehabet,
973 1375 1050 1451 quin
1067 1377 1159 1454 prin-

43 1481 125 1559 m'pes
145 1480 238 1540 etalem
267 1476 357 1540 uelde
382 1475 456 1538 boni
475 1495 702 1556 nonnunquam
723 1477 833 1555 iniquo
843 1476 989 1557 facebat.
1027 1481 1159 1544 Nullum

42 1585 165 1666 quidem
184 1588 285 1667 magis
310 1583 434 1647 decebat
458 1605 552 1664 quam
578 1589 680 1666 ebrum
706 1585 893 1665 (pn’eecipem
913 1587 995 1668 ecel.)
1019 1587 1159 1651 mnnebue

42 1693 173 1754 eunden
193 1714 225 1755 ae
236 1691 392 1774 praebere,
410 1712 468 1754 nec
487 1713 626 1773 unquam
647 1693 781 1772 pendere
802 1690 840 1754 ab
861 1693 997 1756 azimam
1017 1693 1155 1758 arbitreb.

43 1798 212 1881 Oportebat
223 1820 322 1881 porro
339 1821 387 1862 rea
405 1801 453 1860 ita
473 1801 606 1875 immisti,
626 1805 664 1859 nt
678 1800 786 1879 juttae
805 1806 836 1861 et
855 1801 969 1877 ιἰισυνισ,
991 1809 1158 1881 quantum·

40 1909 117 1973 libet
131 1927 253 1988 pauper
276 1909 317 1968 rit
345 1915 377 1969 et
401 1906 534 1991 abjectae
554 1908 645 1968 sortis
669 1907 713 1968 ad
732 1907 809 1984 ellos,
839 1909 895 1987 qui
918 1910 1019 1988 ebrum
1037 1911 1158 1990 e'njem'a

39 2016 227 2098 affecerunt,
256 2035 419 2094 nunquam
439 2017 505 2077 istis
521 2016 620 2096 fieret
645 2013 807 2092 obnoxius,
839 2015 892 2076 aed
917 2016 1068 2097 quaedam
1096 2020 1158 2080 rebe

39 2129 93 2189 lee
113 2126 237 2203 scripta,
259 2125 321 2184 siue
339 2122 432 2184 eliud
448 2123 525 2203 quid
549 2124 640 2185 illum
664 2127 804 2184 tueretur
824 2120 862 2182 ab
883 2140 989 2183 eorem
1009 2124 1156 2204 ebyimieff’

38 2233 104 2298 Sed
128 2238 259 2294 retracto
276 2232 338 2308 jam
362 2231 436 2292 hano
458 2231 662 2310 conjecturam
692 2227 819 2291 meliora
840 2228 967 2291 edoctus
987 2251 1005 2292 a
1026 2233 1157 2312 patrueli

38 2359 111 2404 meo
132 2337 317 2414 doctissimo,
341 2339 508 2420 quiveram
529 2337 592 2399 loci
611 2357 742 2414 sensnm,
765 2356 854 2419 quem
870 2338 932 2415 jam
955 2338 1069 2400 dndnm
1088 2339 1155 2420 ipse

38 2448 246 2512 subodoratus
267 2448 392 2521 fueram,
414 2447 467 2507 sed
491 2466 528 2507 ex
548 2446 648 2508 verbis
675 2445 829 2525 coemptis
851 2444 995 2524 expedire
1016 2465 1077 2506 non
1100 2467 1156 2528 po·

40 2565 145 2631 teram,
166 2573 232 2616 esse
252 2553 316 2615 scil.
339 2553 366 2615 Ιι.
387 2553 406 2615 l.
437 2573 607 2616 sermonem
633 2553 671 2615 de
699 2553 874 2633 magistratu
903 2551 1005 2634 aliquo
1033 2553 1081 2614 vel
1105 2555 1155 2632 ju-

39 2665 119 2739 dice,
142 2663 190 2745 qui
214 2667 284 2742 post
305 2681 414 2722 artuum
432 2662 623 2742 magistratus
645 2661 692 2724 sui
710 2667 848 2722 exactam
862 2657 1156 2758 iterumn-instillarem

36 2779 73 2837 sat
92 2780 122 2834 et
145 2771 271 2850 injuriae
290 2769 420 2846 illorum,
442 2790 519 2853 quos
546 2771 745 2843 damnaverat,
774 2767 936 2841 obnoxius,
965 2766 1154 2830 correctione

36 2879 192 2943 lenissima
217 2877 262 2940 sio
300 2877 443 2939 restitnit:
488 2873 628 2960 Οὐδεμία
666 2877 787 2960 μηχανὴ
826 2869 951 2959 rqi'vba
985 2873 1154 2936 καθεστῶτι

37 2983 152 3072 ῥυθμῷ
175 2985 238 3066 (vel
261 2984 364 3066 potius
386 2981 509 3069 ῥυσμῷ)
539 2983 580 3068 μὴ
610 2983 666 3048 οὐκ
688 2982 819 3046 ἀδικέειν
840 2980 912 3050 τοὺς
936 2979 1094 3065 ἄρχοντας,
1115 2982 1152 3063 ῆν

34 3091 88 3156 καὶ
110 3091 188 3153 πάνυ
208 3091 320 3174 ἀγαθαὶ
344 3087 445 3158 ἔωσιν.
476 3087 588 3156 Omen
605 3091 663 3176 γὰρ
683 3091 769 3175 ἄλλῳ
785 3090 882 3153 ἔαικεν
904 3089 1047 3170 (proprio
1062 3107 1154 3150 sensu

34 3207 67 3262 et
92 3199 236 3279 primario
258 3200 368 3261 similis
393 3207 445 3276 eat,
472 3199 537 3262 soil.
568 3200 584 3262 δ
614 3203 665 3262 νῦν
686 3199 884 3281 καθεστηκὼς
905 3194 1047 3281 ῥυθμός.)
1075 3195 1095 3278 ἣ
1120 3193 1152 3258 ἐν

34 3303 169 3389 ἐνιαυτῷ
190 3305 240 3367 τὸν
265 3305 357 3367 ebria
380 3308 453 3386 (pro
474 3302 584 3392 ἑωυτῷι
603 3307 651 3370 vel
684 3307 773 3369 etiam
796 3305 933 3368 ἐνιαυτὸν
956 3301 1030 3386 παρ’
1056 3300 1165 3368 erano.

30 3418 85 3480 τὸν
108 3413 159 3476 τδν
181 3411 288 3493 αὐτὸν)
320 3413 370 3498 ἐφ’
404 3412 535 3498 ἑτέραισι
563 3413 728 3496 γίγνεσθαι.
778 3413 835 3476 Δεῖ
858 3411 892 3475 δέ
913 3433 975 3479 κως
997 3409 1078 3472 οὕτω
1101 3409 1152 3472 καὶ

29 3527 130 3587 ταῦτα
150 3521 355 3603 κοσμηθῆναι,
387 3519 467 3588 δκως
493 3521 510 3582 δ
539 3521 634 3604 μηδὲν
663 3520 805 3597 ἀδικέων,
833 3519 870 3604 ἣν
889 3519 940 3582 καὶ
958 3518 1036 3581 πάνυ
1059 3516 1151 3600 ltalia

30 3631 134 3713 (qnod
154 3629 281 3691 verbum
307 3628 411 3690 eadem
438 3629 657 3710 significatione
689 3629 766 3690 intra
791 3629 918 3710 legimus
946 3627 977 3688 in
1003 3623 1067 3686 Nili
1087 3643 1155 3686 sen·

29 3738 126 3801 tentio
151 3737 225 3816 196)
247 3735 318 3803 τυδς
340 3733 528 3814 ἀδικέοντας,
549 3734 589 3817 μὴ
615 3734 666 3798 ὑπ’
691 3735 817 3804 ἐκείναις
834 3733 993 3818 γενέσθαι·
1017 3729 1099 3792 ἀλλά
1111 3749 1154 3796 τις

25 3847 46 3931 ἦ
72 3841 234 3926 θεσμδςῆ
263 3864 290 3904 τι
319 3841 396 3906 ἄλλο
429 3840 542 3925 ἀμυνεῖ
571 3845 676 3922 (futur.
711 3843 826 3906 debebit
853 3841 1025 3925 defendere.
1073 3836 1153 3900 Vide

25 3951 178 4018 Matthiae
205 3952 337 4014 Gramm.
349 3951 458 4014 Graec.
477 3969 545 4030 pag.
564 3953 637 4016 694.
680 3951 784 4014 Malim
798 3959 896 4014 tamen
915 3947 1017 4032 ἤτινα
1037 3943 1153 4028 θεσμὸν

24 4101 99 4114 ..-
123 4057 275 4140 ἀμύνειν.)
321 4059 439 4141 Quibus
462 4057 506 4119 sic
527 4058 698 4120 constitutis
720 4059 769 4120 hie
790 4077 897 4122 sensus
919 4056 1027 4118 exibit:
1058 4053 1154 4116 ll'ello

23 4167 120 4228 modo
131 4166 215 4247 fieri
227 4173 337 4246 potest,
360 4174 399 4228 eet
417 4187 505 4228 nunc
531 4187 580 4228 res
603 4165 749 4242 sehabet,
779 4169 855 4245 quia
876 4165 1080 4245 nragistratm
1095 4179 1153 4241 po-

23 4255 238 4356 pulorumque
253 4275 421 4355 praemites,
443 4275 515 4338 licet
522 4275 690 4355 J'mta'aer'me'
707 4276 782 4349 aiut,
797 4290 1024 4353 nonnunquam
1043 4269 1153 4349 e'ne'qua

863 4385 904 4445 90
925 4379 947 4421 *
