<?xml version="1.0" encoding="UTF-8"?>
<!DOCTYPE html PUBLIC "-//W3C//DTD XHTML 1.0 Transitional//EN"
    "http://www.w3.org/TR/xhtml1/DTD/xhtml1-transitional.dtd">
<html xmlns="http://www.w3.org/1999/xhtml" xml:lang="en" lang="en">
 <head>
  <title>
</title>
<meta http-equiv="Content-Type" content="text/html;charset=utf-8" />
  <meta name='ocr-system' content='tesseract 3.04.00' />
  <meta name='ocr-capabilities' content='ocr_page ocr_carea ocr_par ocr_line ocrx_word'/>
</head>
<body>
  <div class='ocr_page' id='page_1' title='image "./democritiabderi00mullgoog_0100.png"; bbox 0 0 2892 4872; ppageno 0'>
   <div class='ocr_carea' id='block_1_1' title="bbox 364 346 1153 416">
    <p class='ocr_par' dir='ltr' id='par_1_1' title="bbox 364 346 1153 416">
     <span class='ocr_line' id='line_1_1' title="bbox 364 346 1153 416; baseline -0.003 -15"><span class='ocrx_word' id='word_1_1' title='bbox 364 347 448 402; x_wconf 86' lang='lat' dir='ltr'><strong>Liber</strong></span> <span class='ocrx_word' id='word_1_2' title='bbox 468 346 490 401; x_wconf 94' lang='lat' dir='ltr'><strong>l.</strong></span> <span class='ocrx_word' id='word_1_3' title='bbox 532 347 574 401; x_wconf 86' lang='lat' dir='ltr'><strong>De</strong></span> <span class='ocrx_word' id='word_1_4' title='bbox 596 346 743 403; x_wconf 74' lang='lat' dir='ltr'><strong>Democriti</strong></span> <span class='ocrx_word' id='word_1_5' title='bbox 765 349 828 403; x_wconf 61' lang='lat' dir='ltr'><strong>rita,</strong></span> <span class='ocrx_word' id='word_1_6' title='bbox 1112 353 1153 416; x_wconf 86' lang='lat'><strong>79</strong></span> 
     </span>
    </p>
   </div>
   <div class='ocr_carea' id='block_1_2' title="bbox 52 514 1158 4140">
    <p class='ocr_par' dir='ltr' id='par_1_2' title="bbox 52 514 1158 4140">
     <span class='ocr_line' id='line_1_2' title="bbox 65 514 1151 600; baseline 0.008 -26"><span class='ocrx_word' id='word_1_7' title='bbox 65 523 206 592; x_wconf 84' lang='lat' dir='ltr'><strong>opacatum</strong></span> <span class='ocrx_word' id='word_1_8' title='bbox 226 514 388 593; x_wconf 78' lang='lat' dir='ltr'><strong>curarunt,</strong></span> <span class='ocrx_word' id='word_1_9' title='bbox 411 516 492 577; x_wconf 88' lang='lat' dir='ltr'><strong>unde</strong></span> <span class='ocrx_word' id='word_1_10' title='bbox 514 515 681 578; x_wconf 80' lang='lat' dir='ltr'>Democriti</span> <span class='ocrx_word' id='word_1_11' title='bbox 702 516 884 580; x_wconf 83' lang='lat' dir='ltr'><strong>domicilium</strong></span> <span class='ocrx_word' id='word_1_12' title='bbox 902 520 1151 600; x_wconf 75' lang='lat' dir='ltr'><strong>conspiciebatur.</strong></span> 
     </span>
     <span class='ocr_line' id='line_1_3' title="bbox 64 622 1151 707; baseline 0.009 -27"><span class='ocrx_word' id='word_1_13' title='bbox 64 622 121 700; x_wconf 88' lang='lat' dir='ltr'><strong>lpse</strong></span> <span class='ocrx_word' id='word_1_14' title='bbox 142 623 323 698; x_wconf 76' lang='lat' dir='ltr'><strong>Democritus</strong></span> <span class='ocrx_word' id='word_1_15' title='bbox 343 623 400 684; x_wconf 91' lang='lat' dir='ltr'><strong>sub</strong></span> <span class='ocrx_word' id='word_1_16' title='bbox 437 623 580 686; x_wconf 80' lang='lat' dir='ltr'><strong>rcurbrosa</strong></span> <span class='ocrx_word' id='word_1_17' title='bbox 612 631 642 686; x_wconf 89' lang='lat' dir='ltr'><strong>et</strong></span> <span class='ocrx_word' id='word_1_18' title='bbox 676 624 840 687; x_wconf 85' lang='lat' dir='ltr'><strong>humillima</strong></span> <span class='ocrx_word' id='word_1_19' title='bbox 866 627 987 707; x_wconf 87' lang='lat' dir='ltr'><strong>platano</strong></span> <span class='ocrx_word' id='word_1_20' title='bbox 1018 629 1151 704; x_wconf 83' lang='lat' dir='ltr'><strong>sedebat,</strong></span> 
     </span>
     <span class='ocr_line' id='line_1_4' title="bbox 65 730 1153 818; baseline 0.008 -30"><span class='ocrx_word' id='word_1_21' title='bbox 65 730 135 790; x_wconf 71' lang='lat' dir='ltr'><strong>brevi</strong></span> <span class='ocrx_word' id='word_1_22' title='bbox 155 750 308 814; x_wconf 89' lang='lat' dir='ltr'><strong>crassaque</strong></span> <span class='ocrx_word' id='word_1_23' title='bbox 339 731 440 793; x_wconf 84' lang='lat' dir='ltr'><strong>tunica</strong></span> <span class='ocrx_word' id='word_1_24' title='bbox 466 732 543 793; x_wconf 85' lang='lat' dir='ltr'><strong>intra</strong></span> <span class='ocrx_word' id='word_1_25' title='bbox 570 733 713 794; x_wconf 85' lang='lat' dir='ltr'><strong>humeros</strong></span> <span class='ocrx_word' id='word_1_26' title='bbox 747 733 911 810; x_wconf 90' lang='lat' dir='ltr'><strong>desinente,</strong></span> <span class='ocrx_word' id='word_1_27' title='bbox 932 756 1021 818; x_wconf 92' lang='lat' dir='ltr'><strong>quam</strong></span> <span class='ocrx_word' id='word_1_28' title='bbox 1039 737 1153 798; x_wconf 86' lang='lat' dir='ltr'><strong>exerui-</strong></span> 
     </span>
     <span class='ocr_line' id='line_1_5' title="bbox 63 838 1152 924; baseline 0.006 -27"><span class='ocrx_word' id='word_1_29' title='bbox 63 838 121 898; x_wconf 89' lang='lat' dir='ltr'><strong>dcm</strong></span> <span class='ocrx_word' id='word_1_30' title='bbox 144 847 256 917; x_wconf 74' lang='lat' dir='ltr'><strong>vocarit,</strong></span> <span class='ocrx_word' id='word_1_31' title='bbox 284 840 413 916; x_wconf 77' lang='lat' dir='ltr'><strong>irrdntrrs,</strong></span> <span class='ocrx_word' id='word_1_32' title='bbox 434 841 529 916; x_wconf 78' lang='lat' dir='ltr'><strong>soluS,</strong></span> <span class='ocrx_word' id='word_1_33' title='bbox 559 839 766 916; x_wconf 84' lang='lat' dir='ltr'><strong>discalceatus,</strong></span> <span class='ocrx_word' id='word_1_34' title='bbox 788 840 820 902; x_wconf 90' lang='lat' dir='ltr'><strong>in</strong></span> <span class='ocrx_word' id='word_1_35' title='bbox 841 841 960 921; x_wconf 89' lang='lat' dir='ltr'><strong>lapidea</strong></span> <span class='ocrx_word' id='word_1_36' title='bbox 979 843 1061 920; x_wconf 87' lang='lat' dir='ltr'><strong>selle,</strong></span> <span class='ocrx_word' id='word_1_37' title='bbox 1084 865 1152 924; x_wconf 87' lang='lat' dir='ltr'><strong>per-</strong></span> 
     </span>
     <span class='ocr_line' id='line_1_6' title="bbox 63 947 1152 1028; baseline 0.006 -22"><span class='ocrx_word' id='word_1_38' title='bbox 63 965 137 1026; x_wconf 86' lang='lat' dir='ltr'><strong>quam</strong></span> <span class='ocrx_word' id='word_1_39' title='bbox 156 947 280 1027; x_wconf 87' lang='lat' dir='ltr'><strong>pallidus</strong></span> <span class='ocrx_word' id='word_1_40' title='bbox 300 955 331 1011; x_wconf 88' lang='lat' dir='ltr'><strong>et</strong></span> <span class='ocrx_word' id='word_1_41' title='bbox 347 968 459 1023; x_wconf 89' lang='lat' dir='ltr'><strong>macer,</strong></span> <span class='ocrx_word' id='word_1_42' title='bbox 469 948 563 1010; x_wconf 90' lang='lat' dir='ltr'><strong>barba</strong></span> <span class='ocrx_word' id='word_1_43' title='bbox 584 947 741 1028; x_wconf 85' lang='lat' dir='ltr'><strong>promissa.</strong></span> <span class='ocrx_word' id='word_1_44' title='bbox 768 949 859 1011; x_wconf 82' lang='lat' dir='ltr'><strong>Juxta</strong></span> <span class='ocrx_word' id='word_1_45' title='bbox 872 968 939 1011; x_wconf 89' lang='lat' dir='ltr'><strong>eum</strong></span> <span class='ocrx_word' id='word_1_46' title='bbox 961 951 998 1012; x_wconf 91' lang='lat' dir='ltr'><strong>ad</strong></span> <span class='ocrx_word' id='word_1_47' title='bbox 1018 952 1152 1013; x_wconf 85' lang='lat' dir='ltr'><strong>dextram</strong></span> 
     </span>
     <span class='ocr_line' id='line_1_7' title="bbox 62 1055 1152 1138; baseline 0.008 -25"><span class='ocrx_word' id='word_1_48' title='bbox 62 1055 144 1116; x_wconf 81' lang='lat' dir='ltr'><strong>terreis</strong></span> <span class='ocrx_word' id='word_1_49' title='bbox 164 1057 269 1138; x_wconf 82' lang='lat' dir='ltr'><strong>equulo</strong></span> <span class='ocrx_word' id='word_1_50' title='bbox 291 1076 347 1137; x_wconf 89' lang='lat' dir='ltr'><strong>per</strong></span> <span class='ocrx_word' id='word_1_51' title='bbox 366 1056 515 1118; x_wconf 89' lang='lat' dir='ltr'><strong>declivem</strong></span> <span class='ocrx_word' id='word_1_52' title='bbox 533 1055 680 1119; x_wconf 86' lang='lat' dir='ltr'><strong>tumulum</strong></span> <span class='ocrx_word' id='word_1_53' title='bbox 704 1057 868 1120; x_wconf 85' lang='lat' dir='ltr'><strong>decurrens</strong></span> <span class='ocrx_word' id='word_1_54' title='bbox 889 1059 1008 1138; x_wconf 90' lang='lat' dir='ltr'><strong>placide</strong></span> <span class='ocrx_word' id='word_1_55' title='bbox 1031 1079 1152 1122; x_wconf 89' lang='lat' dir='ltr'><strong>resona-</strong></span> 
     </span>
     <span class='ocr_line' id='line_1_8' title="bbox 61 1158 1151 1246; baseline 0.008 -26"><span class='ocrx_word' id='word_1_56' title='bbox 61 1158 109 1223; x_wconf 90' lang='lat' dir='ltr'><strong>bat</strong></span> <span class='ocrx_word' id='word_1_57' title='bbox 159 1165 228 1227; x_wconf 84' lang='lat' dir='ltr'><strong>Erat</strong></span> <span class='ocrx_word' id='word_1_58' title='bbox 252 1171 352 1228; x_wconf 90' lang='lat' dir='ltr'><strong>autem</strong></span> <span class='ocrx_word' id='word_1_59' title='bbox 382 1163 541 1226; x_wconf 83' lang='lat' dir='ltr'><strong>delubrum</strong></span> <span class='ocrx_word' id='word_1_60' title='bbox 572 1164 723 1245; x_wconf 75' lang='lat' dir='ltr'><strong>quoddam</strong></span> <span class='ocrx_word' id='word_1_61' title='bbox 757 1184 850 1244; x_wconf 91' lang='lat' dir='ltr'><strong>super</strong></span> <span class='ocrx_word' id='word_1_62' title='bbox 880 1166 1025 1228; x_wconf 91' lang='lat' dir='ltr'><strong>tumulum</strong></span> <span class='ocrx_word' id='word_1_63' title='bbox 1058 1167 1151 1246; x_wconf 93' lang='lat' dir='ltr'><strong>illum,</strong></span> 
     </span>
     <span class='ocr_line' id='line_1_9' title="bbox 61 1269 1153 1355; baseline 0.008 -27"><span class='ocrx_word' id='word_1_64' title='bbox 61 1269 202 1350; x_wconf 80' lang='lat' dir='ltr'><strong>Nymphis,</strong></span> <span class='ocrx_word' id='word_1_65' title='bbox 224 1281 366 1355; x_wconf 86' lang='lat' dir='ltr'><strong>quantum</strong></span> <span class='ocrx_word' id='word_1_66' title='bbox 387 1271 538 1349; x_wconf 80' lang='lat' dir='ltr'><strong>conjicere</strong></span> <span class='ocrx_word' id='word_1_67' title='bbox 558 1270 677 1348; x_wconf 79' lang='lat' dir='ltr'><strong>licebat,</strong></span> <span class='ocrx_word' id='word_1_68' title='bbox 706 1271 846 1350; x_wconf 89' lang='lat' dir='ltr'><strong>dicatum,</strong></span> <span class='ocrx_word' id='word_1_69' title='bbox 869 1279 977 1353; x_wconf 89' lang='lat' dir='ltr'><strong>sponte</strong></span> <span class='ocrx_word' id='word_1_70' title='bbox 996 1275 1090 1337; x_wconf 85' lang='lat' dir='ltr'><strong>enatis</strong></span> <span class='ocrx_word' id='word_1_71' title='bbox 1109 1275 1153 1337; x_wconf 85' lang='lat' dir='ltr'><strong>vi-</strong></span> 
     </span>
     <span class='ocr_line' id='line_1_10' title="bbox 62 1375 1152 1462; baseline 0.009 -27"><span class='ocrx_word' id='word_1_72' title='bbox 62 1375 127 1440; x_wconf 89' lang='lat' dir='ltr'><strong>tibus</strong></span> <span class='ocrx_word' id='word_1_73' title='bbox 152 1379 373 1443; x_wconf 84' lang='lat' dir='ltr'><strong>circumdatum.</strong></span> <span class='ocrx_word' id='word_1_74' title='bbox 426 1377 619 1441; x_wconf 87' lang='lat' dir='ltr'><strong>Democritus</strong></span> <span class='ocrx_word' id='word_1_75' title='bbox 647 1378 765 1441; x_wconf 90' lang='lat' dir='ltr'><strong>iuterim</strong></span> <span class='ocrx_word' id='word_1_76' title='bbox 792 1382 961 1462; x_wconf 90' lang='lat' dir='ltr'><strong>composite</strong></span> <span class='ocrx_word' id='word_1_77' title='bbox 990 1383 1152 1446; x_wconf 80' lang='lat' dir='ltr'><strong>admodum</strong></span> 
     </span>
     <span class='ocr_line' id='line_1_11' title="bbox 60 1482 1153 1572; baseline 0.008 -28"><span class='ocrx_word' id='word_1_78' title='bbox 60 1482 154 1548; x_wconf 88' lang='lat' dir='ltr'><strong>librum</strong></span> <span class='ocrx_word' id='word_1_79' title='bbox 183 1507 275 1568; x_wconf 91' lang='lat' dir='ltr'><strong>super</strong></span> <span class='ocrx_word' id='word_1_80' title='bbox 301 1507 399 1568; x_wconf 88' lang='lat' dir='ltr'><strong>genna</strong></span> <span class='ocrx_word' id='word_1_81' title='bbox 421 1487 565 1562; x_wconf 84' lang='lat' dir='ltr'><strong>habebat,</strong></span> <span class='ocrx_word' id='word_1_82' title='bbox 595 1487 693 1548; x_wconf 89' lang='lat' dir='ltr'><strong>etalii</strong></span> <span class='ocrx_word' id='word_1_83' title='bbox 717 1487 836 1570; x_wconf 90' lang='lat' dir='ltr'><strong>quidam</strong></span> <span class='ocrx_word' id='word_1_84' title='bbox 858 1495 985 1572; x_wconf 91' lang='lat' dir='ltr'><strong>utraque</strong></span> <span class='ocrx_word' id='word_1_85' title='bbox 1008 1499 1153 1571; x_wconf 86' lang='lat' dir='ltr'><strong>exparte</strong></span> 
     </span>
     <span class='ocr_line' id='line_1_12' title="bbox 60 1593 1153 1679; baseline 0.01 -28"><span class='ocrx_word' id='word_1_86' title='bbox 60 1593 82 1652; x_wconf 89' lang='lat' dir='ltr'><strong>ei</strong></span> <span class='ocrx_word' id='word_1_87' title='bbox 101 1595 280 1674; x_wconf 85' lang='lat' dir='ltr'><strong>adjacebant;</strong></span> <span class='ocrx_word' id='word_1_88' title='bbox 302 1615 397 1678; x_wconf 92' lang='lat' dir='ltr'><strong>porro</strong></span> <span class='ocrx_word' id='word_1_89' title='bbox 422 1595 530 1657; x_wconf 88' lang='lat' dir='ltr'><strong>crebra</strong></span> <span class='ocrx_word' id='word_1_90' title='bbox 555 1593 729 1656; x_wconf 86' lang='lat' dir='ltr'><strong>animalium</strong></span> <span class='ocrx_word' id='word_1_91' title='bbox 754 1597 901 1658; x_wconf 87' lang='lat' dir='ltr'><strong>cadavera</strong></span> <span class='ocrx_word' id='word_1_92' title='bbox 921 1618 999 1679; x_wconf 91' lang='lat' dir='ltr'><strong>quae</strong></span> <span class='ocrx_word' id='word_1_93' title='bbox 1023 1599 1153 1662; x_wconf 85' lang='lat' dir='ltr'><strong>dissecta</strong></span> 
     </span>
     <span class='ocr_line' id='line_1_13' title="bbox 60 1703 1152 1778; baseline 0.009 -19"><span class='ocrx_word' id='word_1_94' title='bbox 60 1710 146 1778; x_wconf 84' lang='lat' dir='ltr'><strong>erant,</strong></span> <span class='ocrx_word' id='word_1_95' title='bbox 176 1704 363 1767; x_wconf 86' lang='lat' dir='ltr'><strong>accumulata</strong></span> <span class='ocrx_word' id='word_1_96' title='bbox 394 1703 603 1766; x_wconf 86' lang='lat' dir='ltr'><strong>cernebantur.</strong></span> <span class='ocrx_word' id='word_1_97' title='bbox 666 1705 820 1766; x_wconf 85' lang='lat' dir='ltr'><strong>Interdum</strong></span> <span class='ocrx_word' id='word_1_98' title='bbox 851 1704 1047 1768; x_wconf 87' lang='lat' dir='ltr'><strong>intentissima</strong></span> <span class='ocrx_word' id='word_1_99' title='bbox 1078 1727 1152 1769; x_wconf 88' lang='lat' dir='ltr'><strong>cura</strong></span> 
     </span>
     <span class='ocr_line' id='line_1_14' title="bbox 59 1809 1153 1896; baseline 0.011 -31"><span class='ocrx_word' id='word_1_100' title='bbox 59 1809 197 1890; x_wconf 85' lang='lat' dir='ltr'><strong>scriptioni</strong></span> <span class='ocrx_word' id='word_1_101' title='bbox 209 1813 409 1889; x_wconf 89' lang='lat' dir='ltr'><strong>incumbebat,</strong></span> <span class='ocrx_word' id='word_1_102' title='bbox 421 1812 571 1874; x_wconf 89' lang='lat' dir='ltr'><strong>interdum</strong></span> <span class='ocrx_word' id='word_1_103' title='bbox 586 1811 638 1872; x_wconf 91' lang='lat' dir='ltr'><strong>diu</strong></span> <span class='ocrx_word' id='word_1_104' title='bbox 650 1829 770 1874; x_wconf 89' lang='lat' dir='ltr'><strong>cessans</strong></span> <span class='ocrx_word' id='word_1_105' title='bbox 791 1812 998 1894; x_wconf 88' lang='lat' dir='ltr'><strong>meditansque</strong></span> <span class='ocrx_word' id='word_1_106' title='bbox 1017 1814 1153 1896; x_wconf 89' lang='lat' dir='ltr'><strong>quiesce-</strong></span> 
     </span>
     <span class='ocr_line' id='line_1_15' title="bbox 59 1914 1153 1999; baseline 0.007 -24"><span class='ocrx_word' id='word_1_107' title='bbox 59 1914 106 1978; x_wconf 85' lang='lat' dir='ltr'><strong>bat</strong></span> <span class='ocrx_word' id='word_1_108' title='bbox 144 1921 257 1982; x_wconf 85' lang='lat' dir='ltr'><strong>Deinde</strong></span> <span class='ocrx_word' id='word_1_109' title='bbox 284 1941 348 1982; x_wconf 89' lang='lat' dir='ltr'><strong>nou</strong></span> <span class='ocrx_word' id='word_1_110' title='bbox 377 1919 473 1982; x_wconf 91' lang='lat' dir='ltr'><strong>multo</strong></span> <span class='ocrx_word' id='word_1_111' title='bbox 501 1925 572 1999; x_wconf 89' lang='lat' dir='ltr'><strong>post</strong></span> <span class='ocrx_word' id='word_1_112' title='bbox 600 1918 646 1980; x_wconf 90' lang='lat' dir='ltr'><strong>his</strong></span> <span class='ocrx_word' id='word_1_113' title='bbox 673 1919 803 1998; x_wconf 86' lang='lat' dir='ltr'><strong>peractis</strong></span> <span class='ocrx_word' id='word_1_114' title='bbox 828 1939 956 1999; x_wconf 79' lang='lat' dir='ltr'><strong>surgens</strong></span> <span class='ocrx_word' id='word_1_115' title='bbox 982 1921 1153 1984; x_wconf 79' lang='lat' dir='ltr'><strong>ambulabat</strong></span> 
     </span>
     <span class='ocr_line' id='line_1_16' title="bbox 59 2025 1154 2110; baseline 0.008 -28"><span class='ocrx_word' id='word_1_116' title='bbox 59 2034 82 2082; x_wconf 88' lang='lat' dir='ltr'><strong>et</strong></span> <span class='ocrx_word' id='word_1_117' title='bbox 100 2026 260 2090; x_wconf 87' lang='lat' dir='ltr'><strong>animalium</strong></span> <span class='ocrx_word' id='word_1_118' title='bbox 281 2028 401 2091; x_wconf 83' lang='lat' dir='ltr'><strong>viscera</strong></span> <span class='ocrx_word' id='word_1_119' title='bbox 422 2033 534 2091; x_wconf 91' lang='lat' dir='ltr'><strong>attente</strong></span> <span class='ocrx_word' id='word_1_120' title='bbox 557 2025 735 2107; x_wconf 90' lang='lat' dir='ltr'><strong>inspiciebat</strong></span> <span class='ocrx_word' id='word_1_121' title='bbox 760 2027 865 2110; x_wconf 90' lang='lat' dir='ltr'><strong>hisque</strong></span> <span class='ocrx_word' id='word_1_122' title='bbox 889 2027 1034 2108; x_wconf 86' lang='lat' dir='ltr'><strong>depositis</strong></span> <span class='ocrx_word' id='word_1_123' title='bbox 1053 2049 1154 2091; x_wconf 89' lang='lat' dir='ltr'><strong>rever-</strong></span> 
     </span>
     <span class='ocr_line' id='line_1_17' title="bbox 59 2134 1153 2215; baseline 0.006 -24"><span class='ocrx_word' id='word_1_124' title='bbox 59 2151 100 2194; x_wconf 85' lang='lat' dir='ltr'><strong>sus</strong></span> <span class='ocrx_word' id='word_1_125' title='bbox 124 2154 224 2199; x_wconf 86' lang='lat' dir='ltr'><strong>rursus</strong></span> <span class='ocrx_word' id='word_1_126' title='bbox 250 2135 437 2198; x_wconf 87' lang='lat' dir='ltr'><strong>considebat.</strong></span> <span class='ocrx_word' id='word_1_127' title='bbox 475 2137 554 2198; x_wconf 92' lang='lat' dir='ltr'><strong>Dum</strong></span> <span class='ocrx_word' id='word_1_128' title='bbox 582 2135 657 2198; x_wconf 90' lang='lat' dir='ltr'><strong>hacc</strong></span> <span class='ocrx_word' id='word_1_129' title='bbox 686 2141 840 2215; x_wconf 89' lang='lat' dir='ltr'><strong>geruntur,</strong></span> <span class='ocrx_word' id='word_1_130' title='bbox 864 2134 1028 2196; x_wconf 81' lang='lat' dir='ltr'><strong>Abderitae</strong></span> <span class='ocrx_word' id='word_1_131' title='bbox 1052 2134 1153 2198; x_wconf 88' lang='lat' dir='ltr'><strong>tristes</strong></span> 
     </span>
     <span class='ocr_line' id='line_1_18' title="bbox 58 2230 1152 2326; baseline 0.004 -27"><span class='ocrx_word' id='word_1_132' title='bbox 58 2259 86 2301; x_wconf 88' lang='lat' dir='ltr'><strong>ac</strong></span> <span class='ocrx_word' id='word_1_133' title='bbox 96 2261 183 2320; x_wconf 83' lang='lat' dir='ltr'><strong>paene</strong></span> <span class='ocrx_word' id='word_1_134' title='bbox 197 2230 402 2306; x_wconf 86' lang='lat' dir='ltr'><strong>lacrimantes:</strong></span> <span class='ocrx_word' id='word_1_135' title='bbox 429 2245 531 2321; x_wconf 85' lang='lat' dir='ltr'><strong>vides,</strong></span> <span class='ocrx_word' id='word_1_136' title='bbox 552 2243 698 2326; x_wconf 90' lang='lat' dir='ltr'><strong>inquiunt,</strong></span> <span class='ocrx_word' id='word_1_137' title='bbox 718 2261 738 2304; x_wconf 94' lang='lat' dir='ltr'><strong>o</strong></span> <span class='ocrx_word' id='word_1_138' title='bbox 757 2243 965 2323; x_wconf 85' lang='lat' dir='ltr'><strong>llippocrates,</strong></span> <span class='ocrx_word' id='word_1_139' title='bbox 986 2241 1152 2304; x_wconf 87' lang='lat' dir='ltr'><strong>Democriti</strong></span> 
     </span>
     <span class='ocr_line' id='line_1_19' title="bbox 57 2349 1154 2434; baseline 0.003 -27"><span class='ocrx_word' id='word_1_140' title='bbox 57 2349 148 2429; x_wconf 77' lang='lat' dir='ltr'><strong>vitam,</strong></span> <span class='ocrx_word' id='word_1_141' title='bbox 176 2353 260 2414; x_wconf 91' lang='lat' dir='ltr'><strong>vides</strong></span> <span class='ocrx_word' id='word_1_142' title='bbox 297 2371 367 2414; x_wconf 88' lang='lat' dir='ltr'><strong>curn</strong></span> <span class='ocrx_word' id='word_1_143' title='bbox 396 2353 527 2415; x_wconf 87' lang='lat' dir='ltr'><strong>insanire</strong></span> <span class='ocrx_word' id='word_1_144' title='bbox 553 2371 652 2434; x_wconf 89' lang='lat' dir='ltr'><strong>neque</strong></span> <span class='ocrx_word' id='word_1_145' title='bbox 681 2349 754 2433; x_wconf 93' lang='lat' dir='ltr'><strong>quid</strong></span> <span class='ocrx_word' id='word_1_146' title='bbox 783 2350 856 2413; x_wconf 90' lang='lat' dir='ltr'><strong>velit</strong></span> <span class='ocrx_word' id='word_1_147' title='bbox 884 2359 935 2414; x_wconf 90' lang='lat' dir='ltr'><strong>aut</strong></span> <span class='ocrx_word' id='word_1_148' title='bbox 962 2351 1033 2433; x_wconf 91' lang='lat' dir='ltr'><strong>quid</strong></span> <span class='ocrx_word' id='word_1_149' title='bbox 1065 2350 1154 2411; x_wconf 78' lang='lat' dir='ltr'><strong>iaciat</strong></span> 
     </span>
     <span class='ocr_line' id='line_1_20' title="bbox 58 2457 1154 2542; baseline 0.005 -28"><span class='ocrx_word' id='word_1_150' title='bbox 58 2473 142 2520; x_wconf 90' lang='lat' dir='ltr'><strong>nosse.</strong></span> <span class='ocrx_word' id='word_1_151' title='bbox 184 2460 222 2522; x_wconf 88' lang='lat' dir='ltr'><strong>Et</strong></span> <span class='ocrx_word' id='word_1_152' title='bbox 242 2479 284 2522; x_wconf 89' lang='lat' dir='ltr'><strong>ex</strong></span> <span class='ocrx_word' id='word_1_153' title='bbox 305 2460 350 2522; x_wconf 86' lang='lat' dir='ltr'><strong>his</strong></span> <span class='ocrx_word' id='word_1_154' title='bbox 369 2459 478 2542; x_wconf 88' lang='lat' dir='ltr'><strong>aliquis</strong></span> <span class='ocrx_word' id='word_1_155' title='bbox 496 2479 588 2541; x_wconf 91' lang='lat' dir='ltr'><strong>quum</strong></span> <span class='ocrx_word' id='word_1_156' title='bbox 608 2461 674 2539; x_wconf 88' lang='lat' dir='ltr'><strong>ejus</strong></span> <span class='ocrx_word' id='word_1_157' title='bbox 692 2460 836 2522; x_wconf 89' lang='lat' dir='ltr'><strong>insaniam</strong></span> <span class='ocrx_word' id='word_1_158' title='bbox 857 2459 950 2540; x_wconf 89' lang='lat' dir='ltr'><strong>magis</strong></span> <span class='ocrx_word' id='word_1_159' title='bbox 973 2458 1061 2520; x_wconf 85' lang='lat' dir='ltr'><strong>etiam</strong></span> <span class='ocrx_word' id='word_1_160' title='bbox 1082 2457 1154 2519; x_wconf 90' lang='lat' dir='ltr'><strong>mihi</strong></span> 
     </span>
     <span class='ocr_line' id='line_1_21' title="bbox 57 2564 1153 2646; baseline 0.005 -23"><span class='ocrx_word' id='word_1_161' title='bbox 57 2564 244 2630; x_wconf 88' lang='lat' dir='ltr'><strong>demonstrare</strong></span> <span class='ocrx_word' id='word_1_162' title='bbox 270 2567 370 2642; x_wconf 87' lang='lat' dir='ltr'><strong>vellet,</strong></span> <span class='ocrx_word' id='word_1_163' title='bbox 391 2567 470 2629; x_wconf 86' lang='lat' dir='ltr'><strong>altos</strong></span> <span class='ocrx_word' id='word_1_164' title='bbox 492 2567 619 2646; x_wconf 89' lang='lat' dir='ltr'><strong>ejulatus</strong></span> <span class='ocrx_word' id='word_1_165' title='bbox 638 2568 738 2644; x_wconf 90' lang='lat' dir='ltr'><strong>edidit,</strong></span> <span class='ocrx_word' id='word_1_166' title='bbox 753 2569 860 2630; x_wconf 89' lang='lat' dir='ltr'><strong>deinde</strong></span> <span class='ocrx_word' id='word_1_167' title='bbox 879 2585 985 2628; x_wconf 88' lang='lat' dir='ltr'><strong>rursus</strong></span> <span class='ocrx_word' id='word_1_168' title='bbox 1001 2566 1153 2646; x_wconf 85' lang='lat' dir='ltr'><strong>ingemuit.</strong></span> 
     </span>
     <span class='ocr_line' id='line_1_22' title="bbox 57 2673 1154 2755; baseline 0 -21"><span class='ocrx_word' id='word_1_169' title='bbox 57 2674 116 2748; x_wconf 81' lang='lat' dir='ltr'><strong>Quo</strong></span> <span class='ocrx_word' id='word_1_170' title='bbox 136 2677 236 2738; x_wconf 86' lang='lat' dir='ltr'><strong>audito</strong></span> <span class='ocrx_word' id='word_1_171' title='bbox 263 2676 457 2738; x_wconf 87' lang='lat' dir='ltr'><strong>Democritus</strong></span> <span class='ocrx_word' id='word_1_172' title='bbox 476 2675 584 2755; x_wconf 88' lang='lat' dir='ltr'><strong>partim</strong></span> <span class='ocrx_word' id='word_1_173' title='bbox 598 2674 730 2751; x_wconf 89' lang='lat' dir='ltr'><strong>subrisit,</strong></span> <span class='ocrx_word' id='word_1_174' title='bbox 750 2675 859 2754; x_wconf 89' lang='lat' dir='ltr'><strong>partim</strong></span> <span class='ocrx_word' id='word_1_175' title='bbox 872 2673 1036 2735; x_wconf 89' lang='lat' dir='ltr'><strong>cachinnos</strong></span> <span class='ocrx_word' id='word_1_176' title='bbox 1056 2683 1154 2734; x_wconf 90' lang='lat' dir='ltr'><strong>sustu-</strong></span> 
     </span>
     <span class='ocr_line' id='line_1_23' title="bbox 56 2779 1154 2867; baseline 0.001 -26"><span class='ocrx_word' id='word_1_177' title='bbox 56 2779 197 2866; x_wconf 73' lang='lat' dir='ltr'><strong>litaeque</strong></span> <span class='ocrx_word' id='word_1_178' title='bbox 219 2783 384 2867; x_wconf 90' lang='lat' dir='ltr'><strong>quidquam</strong></span> <span class='ocrx_word' id='word_1_179' title='bbox 405 2782 533 2862; x_wconf 89' lang='lat' dir='ltr'><strong>amplius</strong></span> <span class='ocrx_word' id='word_1_180' title='bbox 558 2782 694 2844; x_wconf 88' lang='lat' dir='ltr'><strong>scribens</strong></span> <span class='ocrx_word' id='word_1_181' title='bbox 716 2790 807 2862; x_wconf 85' lang='lat' dir='ltr'><strong>caput</strong></span> <span class='ocrx_word' id='word_1_182' title='bbox 835 2785 1007 2864; x_wconf 80' lang='lat' dir='ltr'><strong>frequenter</strong></span> <span class='ocrx_word' id='word_1_183' title='bbox 1027 2799 1154 2842; x_wconf 89' lang='lat' dir='ltr'><strong>concus-</strong></span> 
     </span>
     <span class='ocr_line' id='line_1_24' title="bbox 56 2887 1154 2974; baseline 0.003 -27"><span class='ocrx_word' id='word_1_184' title='bbox 56 2889 94 2952; x_wconf 88' lang='lat' dir='ltr'><strong>sit.</strong></span> <span class='ocrx_word' id='word_1_185' title='bbox 126 2894 165 2954; x_wconf 82' lang='lat' dir='ltr'><strong>at</strong></span> <span class='ocrx_word' id='word_1_186' title='bbox 182 2913 252 2974; x_wconf 85' lang='lat' dir='ltr'><strong>ego,</strong></span> <span class='ocrx_word' id='word_1_187' title='bbox 282 2891 358 2967; x_wconf 88' lang='lat' dir='ltr'><strong>Vos,</strong></span> <span class='ocrx_word' id='word_1_188' title='bbox 384 2890 516 2972; x_wconf 88' lang='lat' dir='ltr'><strong>inquam,</strong></span> <span class='ocrx_word' id='word_1_189' title='bbox 542 2891 715 2967; x_wconf 87' lang='lat' dir='ltr'><strong>Abderitae,</strong></span> <span class='ocrx_word' id='word_1_190' title='bbox 743 2891 791 2952; x_wconf 91' lang='lat' dir='ltr'><strong>hic</strong></span> <span class='ocrx_word' id='word_1_191' title='bbox 818 2897 943 2966; x_wconf 87' lang='lat' dir='ltr'><strong>manete,</strong></span> <span class='ocrx_word' id='word_1_192' title='bbox 975 2887 1028 2951; x_wconf 93' lang='lat' dir='ltr'><strong>ubi</strong></span> <span class='ocrx_word' id='word_1_193' title='bbox 1054 2895 1154 2950; x_wconf 90' lang='lat' dir='ltr'><strong>autem</strong></span> 
     </span>
     <span class='ocr_line' id='line_1_25' title="bbox 56 2995 1155 3083; baseline 0.001 -26"><span class='ocrx_word' id='word_1_194' title='bbox 56 2995 110 3075; x_wconf 90' lang='lat' dir='ltr'><strong>ipse</strong></span> <span class='ocrx_word' id='word_1_195' title='bbox 129 3001 255 3082; x_wconf 87' lang='lat' dir='ltr'><strong>propius</strong></span> <span class='ocrx_word' id='word_1_196' title='bbox 284 3018 445 3062; x_wconf 88' lang='lat' dir='ltr'><strong>accessero</strong></span> <span class='ocrx_word' id='word_1_197' title='bbox 473 2999 590 3083; x_wconf 86' lang='lat' dir='ltr'><strong>virique</strong></span> <span class='ocrx_word' id='word_1_198' title='bbox 619 3007 649 3062; x_wconf 89' lang='lat' dir='ltr'><strong>et</strong></span> <span class='ocrx_word' id='word_1_199' title='bbox 666 2999 760 3061; x_wconf 85' lang='lat' dir='ltr'><strong>verba</strong></span> <span class='ocrx_word' id='word_1_200' title='bbox 778 2999 903 3061; x_wconf 87' lang='lat' dir='ltr'><strong>audiero</strong></span> <span class='ocrx_word' id='word_1_201' title='bbox 926 3005 956 3060; x_wconf 90' lang='lat' dir='ltr'><strong>et</strong></span> <span class='ocrx_word' id='word_1_202' title='bbox 977 3014 1091 3074; x_wconf 89' lang='lat' dir='ltr'><strong>corpus</strong></span> <span class='ocrx_word' id='word_1_203' title='bbox 1111 2996 1155 3058; x_wconf 90' lang='lat' dir='ltr'><strong>vi-</strong></span> 
     </span>
     <span class='ocr_line' id='line_1_26' title="bbox 56 3102 1154 3192; baseline 0.002 -28"><span class='ocrx_word' id='word_1_204' title='bbox 56 3105 128 3184; x_wconf 87' lang='lat' dir='ltr'><strong>dero,</strong></span> <span class='ocrx_word' id='word_1_205' title='bbox 148 3109 178 3170; x_wconf 89' lang='lat' dir='ltr'><strong>in</strong></span> <span class='ocrx_word' id='word_1_206' title='bbox 196 3122 261 3192; x_wconf 89' lang='lat' dir='ltr'><strong>quo</strong></span> <span class='ocrx_word' id='word_1_207' title='bbox 287 3113 367 3169; x_wconf 88' lang='lat' dir='ltr'><strong>statu</strong></span> <span class='ocrx_word' id='word_1_208' title='bbox 394 3113 532 3170; x_wconf 89' lang='lat' dir='ltr'><strong>versetur</strong></span> <span class='ocrx_word' id='word_1_209' title='bbox 552 3126 744 3188; x_wconf 78' lang='lat' dir='ltr'><strong>cognoscam.</strong></span> <span class='ocrx_word' id='word_1_210' title='bbox 790 3107 906 3188; x_wconf 82' lang='lat' dir='ltr'><strong>Quibus</strong></span> <span class='ocrx_word' id='word_1_211' title='bbox 929 3105 1016 3168; x_wconf 90' lang='lat' dir='ltr'><strong>dietis</strong></span> <span class='ocrx_word' id='word_1_212' title='bbox 1036 3102 1154 3186; x_wconf 92' lang='lat' dir='ltr'><strong>placide</strong></span> 
     </span>
     <span class='ocr_line' id='line_1_27' title="bbox 56 3211 1155 3298; baseline 0.005 -28"><span class='ocrx_word' id='word_1_213' title='bbox 56 3211 192 3279; x_wconf 88' lang='lat' dir='ltr'><strong>descendi.</strong></span> <span class='ocrx_word' id='word_1_214' title='bbox 221 3216 387 3279; x_wconf 86' lang='lat' dir='ltr'><strong>Caeterum</strong></span> <span class='ocrx_word' id='word_1_215' title='bbox 406 3215 495 3278; x_wconf 91' lang='lat' dir='ltr'><strong>locus</strong></span> <span class='ocrx_word' id='word_1_216' title='bbox 515 3215 566 3277; x_wconf 94' lang='lat' dir='ltr'><strong>illc</strong></span> <span class='ocrx_word' id='word_1_217' title='bbox 584 3234 733 3298; x_wconf 90' lang='lat' dir='ltr'><strong>praeceps</strong></span> <span class='ocrx_word' id='word_1_218' title='bbox 758 3221 788 3276; x_wconf 89' lang='lat' dir='ltr'><strong>et</strong></span> <span class='ocrx_word' id='word_1_219' title='bbox 809 3233 925 3295; x_wconf 92' lang='lat' dir='ltr'><strong>pronus</strong></span> <span class='ocrx_word' id='word_1_220' title='bbox 944 3219 1016 3276; x_wconf 81' lang='lat' dir='ltr'><strong>erat.</strong></span> <span class='ocrx_word' id='word_1_221' title='bbox 1046 3213 1155 3276; x_wconf 77' lang='lat' dir='ltr'><strong>Simul-</strong></span> 
     </span>
     <span class='ocr_line' id='line_1_28' title="bbox 56 3322 1155 3406; baseline 0.005 -27"><span class='ocrx_word' id='word_1_222' title='bbox 56 3327 132 3402; x_wconf 83' lang='lat' dir='ltr'><strong>atque</strong></span> <span class='ocrx_word' id='word_1_223' title='bbox 156 3326 248 3406; x_wconf 86' lang='lat' dir='ltr'><strong>igitur</strong></span> <span class='ocrx_word' id='word_1_224' title='bbox 279 3322 408 3403; x_wconf 91' lang='lat' dir='ltr'><strong>propius</strong></span> <span class='ocrx_word' id='word_1_225' title='bbox 436 3325 561 3402; x_wconf 87' lang='lat' dir='ltr'><strong>accessi,</strong></span> <span class='ocrx_word' id='word_1_226' title='bbox 591 3327 670 3386; x_wconf 81' lang='lat' dir='ltr'><strong>torte</strong></span> <span class='ocrx_word' id='word_1_227' title='bbox 697 3325 727 3385; x_wconf 91' lang='lat' dir='ltr'><strong>in</strong></span> <span class='ocrx_word' id='word_1_228' title='bbox 748 3344 816 3386; x_wconf 91' lang='lat' dir='ltr'><strong>eum</strong></span> <span class='ocrx_word' id='word_1_229' title='bbox 836 3322 935 3399; x_wconf 82' lang='lat' dir='ltr'><strong>hacidi,</strong></span> <span class='ocrx_word' id='word_1_230' title='bbox 968 3342 1059 3405; x_wconf 92' lang='lat' dir='ltr'><strong>quum</strong></span> <span class='ocrx_word' id='word_1_231' title='bbox 1082 3323 1155 3404; x_wconf 93' lang='lat' dir='ltr'><strong>quid</strong></span> 
     </span>
     <span class='ocr_line' id='line_1_29' title="bbox 56 3424 1156 3512; baseline 0.008 -29"><span class='ocrx_word' id='word_1_232' title='bbox 56 3424 142 3491; x_wconf 85' lang='lat' dir='ltr'><strong>livino</strong></span> <span class='ocrx_word' id='word_1_233' title='bbox 172 3433 279 3496; x_wconf 82' lang='lat' dir='ltr'><strong>lurore</strong></span> <span class='ocrx_word' id='word_1_234' title='bbox 312 3439 397 3494; x_wconf 85' lang='lat' dir='ltr'><strong>aetus</strong></span> <span class='ocrx_word' id='word_1_235' title='bbox 430 3438 460 3493; x_wconf 85' lang='lat' dir='ltr'><strong>et</strong></span> <span class='ocrx_word' id='word_1_236' title='bbox 493 3433 660 3495; x_wconf 88' lang='lat' dir='ltr'><strong>concitatus</strong></span> <span class='ocrx_word' id='word_1_237' title='bbox 692 3431 846 3496; x_wconf 88' lang='lat' dir='ltr'><strong>scriberet</strong></span> <span class='ocrx_word' id='word_1_238' title='bbox 901 3435 1003 3512; x_wconf 83' lang='lat' dir='ltr'><strong>Quare</strong></span> <span class='ocrx_word' id='word_1_239' title='bbox 1036 3429 1156 3493; x_wconf 86' lang='lat' dir='ltr'><strong>substiti</strong></span> 
     </span>
     <span class='ocr_line' id='line_1_30' title="bbox 54 3535 1154 3621; baseline 0.007 -27"><span class='ocrx_word' id='word_1_240' title='bbox 54 3535 215 3620; x_wconf 85' lang='lat' dir='ltr'><strong>paullisper,</strong></span> <span class='ocrx_word' id='word_1_241' title='bbox 237 3545 358 3619; x_wconf 90' lang='lat' dir='ltr'><strong>tempus</strong></span> <span class='ocrx_word' id='word_1_242' title='bbox 380 3547 595 3621; x_wconf 91' lang='lat' dir='ltr'><strong>opportunum,</strong></span> <span class='ocrx_word' id='word_1_243' title='bbox 616 3541 688 3602; x_wconf 89' lang='lat' dir='ltr'><strong>dum</strong></span> <span class='ocrx_word' id='word_1_244' title='bbox 716 3539 782 3620; x_wconf 89' lang='lat' dir='ltr'><strong>ipse</strong></span> <span class='ocrx_word' id='word_1_245' title='bbox 804 3545 944 3616; x_wconf 88' lang='lat' dir='ltr'><strong>cessaret,</strong></span> <span class='ocrx_word' id='word_1_246' title='bbox 967 3545 1154 3619; x_wconf 88' lang='lat' dir='ltr'><strong>exspectans.</strong></span> 
     </span>
     <span class='ocr_line' id='line_1_31' title="bbox 54 3639 1157 3728; baseline 0.01 -29"><span class='ocrx_word' id='word_1_247' title='bbox 54 3639 107 3702; x_wconf 84' lang='lat' dir='ltr'><strong>Sed</strong></span> <span class='ocrx_word' id='word_1_248' title='bbox 126 3643 175 3707; x_wconf 87' lang='lat' dir='ltr'><strong>ille</strong></span> <span class='ocrx_word' id='word_1_249' title='bbox 194 3667 258 3709; x_wconf 91' lang='lat' dir='ltr'><strong>uon</strong></span> <span class='ocrx_word' id='word_1_250' title='bbox 279 3647 375 3710; x_wconf 92' lang='lat' dir='ltr'><strong>multo</strong></span> <span class='ocrx_word' id='word_1_251' title='bbox 391 3659 469 3728; x_wconf 82' lang='lat' dir='ltr'><strong>post,</strong></span> <span class='ocrx_word' id='word_1_252' title='bbox 489 3655 522 3710; x_wconf 89' lang='lat' dir='ltr'><strong>ut</strong></span> <span class='ocrx_word' id='word_1_253' title='bbox 543 3648 674 3728; x_wconf 89' lang='lat' dir='ltr'><strong>primum</strong></span> <span class='ocrx_word' id='word_1_254' title='bbox 694 3647 824 3728; x_wconf 89' lang='lat' dir='ltr'><strong>impetus</strong></span> <span class='ocrx_word' id='word_1_255' title='bbox 844 3649 901 3709; x_wconf 87' lang='lat' dir='ltr'><strong>tuit</strong></span> <span class='ocrx_word' id='word_1_256' title='bbox 919 3647 1080 3724; x_wconf 87' lang='lat' dir='ltr'><strong>remissior,</strong></span> <span class='ocrx_word' id='word_1_257' title='bbox 1104 3646 1157 3710; x_wconf 90' lang='lat' dir='ltr'><strong>dc-</strong></span> 
     </span>
     <span class='ocr_line' id='line_1_32' title="bbox 53 3750 1155 3836; baseline 0.007 -29"><span class='ocrx_word' id='word_1_258' title='bbox 53 3750 145 3822; x_wconf 86' lang='lat' dir='ltr'><strong>posito</strong></span> <span class='ocrx_word' id='word_1_259' title='bbox 166 3753 238 3817; x_wconf 89' lang='lat' dir='ltr'><strong>stilo</strong></span> <span class='ocrx_word' id='word_1_260' title='bbox 258 3755 422 3834; x_wconf 91' lang='lat' dir='ltr'><strong>scriptorio</strong></span> <span class='ocrx_word' id='word_1_261' title='bbox 442 3774 490 3817; x_wconf 89' lang='lat' dir='ltr'><strong>me</strong></span> <span class='ocrx_word' id='word_1_262' title='bbox 511 3755 706 3818; x_wconf 84' lang='lat' dir='ltr'><strong>accedentem</strong></span> <span class='ocrx_word' id='word_1_263' title='bbox 726 3756 842 3836; x_wconf 86' lang='lat' dir='ltr'><strong>aspexit</strong></span> <span class='ocrx_word' id='word_1_264' title='bbox 864 3764 908 3817; x_wconf 87' lang='lat' dir='ltr'><strong>et:</strong></span> <span class='ocrx_word' id='word_1_265' title='bbox 931 3755 1030 3831; x_wconf 86' lang='lat' dir='ltr'><strong>Salve,</strong></span> <span class='ocrx_word' id='word_1_266' title='bbox 1051 3755 1155 3836; x_wconf 86' lang='lat' dir='ltr'><strong>inquit,</strong></span> 
     </span>
     <span class='ocr_line' id='line_1_33' title="bbox 53 3851 1157 3946; baseline 0.013 -36"><span class='ocrx_word' id='word_1_267' title='bbox 53 3851 162 3936; x_wconf 88' lang='lat' dir='ltr'><strong>hospes.</strong></span> <span class='ocrx_word' id='word_1_268' title='bbox 204 3861 244 3922; x_wconf 84' lang='lat' dir='ltr'><strong>Et</strong></span> <span class='ocrx_word' id='word_1_269' title='bbox 266 3880 331 3941; x_wconf 89' lang='lat' dir='ltr'><strong>ego,</strong></span> <span class='ocrx_word' id='word_1_270' title='bbox 355 3869 387 3923; x_wconf 95' lang='lat' dir='ltr'><strong>tu</strong></span> <span class='ocrx_word' id='word_1_271' title='bbox 409 3882 531 3945; x_wconf 90' lang='lat' dir='ltr'><strong>quoque</strong></span> <span class='ocrx_word' id='word_1_272' title='bbox 551 3863 722 3944; x_wconf 89' lang='lat' dir='ltr'><strong>plurimum,</strong></span> <span class='ocrx_word' id='word_1_273' title='bbox 745 3863 875 3946; x_wconf 90' lang='lat' dir='ltr'><strong>inquam,</strong></span> <span class='ocrx_word' id='word_1_274' title='bbox 897 3863 1081 3938; x_wconf 89' lang='lat' dir='ltr'><strong>Democritc,</strong></span> <span class='ocrx_word' id='word_1_275' title='bbox 1103 3862 1157 3924; x_wconf 91' lang='lat' dir='ltr'><strong>ho·</strong></span> 
     </span>
     <span class='ocr_line' id='line_1_34' title="bbox 52 3962 1158 4051; baseline 0.013 -33"><span class='ocrx_word' id='word_1_276' title='bbox 52 3962 154 4028; x_wconf 86' lang='lat' dir='ltr'><strong>urinum</strong></span> <span class='ocrx_word' id='word_1_277' title='bbox 183 3967 416 4048; x_wconf 84' lang='lat' dir='ltr'><strong>sapientissime,</strong></span> <span class='ocrx_word' id='word_1_278' title='bbox 446 3969 560 4031; x_wconf 82' lang='lat' dir='ltr'><strong>salve.&#39;’</strong></span> <span class='ocrx_word' id='word_1_279' title='bbox 611 3971 684 4031; x_wconf 89' lang='lat' dir='ltr'><strong>hlox</strong></span> <span class='ocrx_word' id='word_1_280' title='bbox 706 3969 898 4031; x_wconf 89' lang='lat' dir='ltr'><strong>Democritus</strong></span> <span class='ocrx_word' id='word_1_281' title='bbox 918 3969 1022 4030; x_wconf 90' lang='lat' dir='ltr'><strong>audito</strong></span> <span class='ocrx_word' id='word_1_282' title='bbox 1042 3971 1158 4051; x_wconf 91' lang='lat' dir='ltr'><strong>llippo-</strong></span> 
     </span>
     <span class='ocr_line' id='line_1_35' title="bbox 52 4072 1156 4140; baseline 0.009 -10"><span class='ocrx_word' id='word_1_283' title='bbox 52 4072 134 4133; x_wconf 87' lang='lat' dir='ltr'><strong>cratis</strong></span> <span class='ocrx_word' id='word_1_284' title='bbox 165 4075 286 4136; x_wconf 90' lang='lat' dir='ltr'><strong>nomine</strong></span> <span class='ocrx_word' id='word_1_285' title='bbox 314 4075 411 4138; x_wconf 87' lang='lat' dir='ltr'><strong>virum</strong></span> <span class='ocrx_word' id='word_1_286' title='bbox 438 4077 510 4138; x_wconf 91' lang='lat' dir='ltr'><strong>artis</strong></span> <span class='ocrx_word' id='word_1_287' title='bbox 536 4074 675 4138; x_wconf 88' lang='lat' dir='ltr'><strong>salutaris</strong></span> <span class='ocrx_word' id='word_1_288' title='bbox 703 4075 827 4138; x_wconf 88' lang='lat' dir='ltr'><strong>scientia</strong></span> <span class='ocrx_word' id='word_1_289' title='bbox 854 4076 968 4137; x_wconf 90' lang='lat' dir='ltr'><strong>clarum</strong></span> <span class='ocrx_word' id='word_1_290' title='bbox 998 4079 1156 4140; x_wconf 87' lang='lat' dir='ltr'><strong>considere</strong></span> 
     </span>
    </p>
   </div>
   <div class='ocr_carea' id='block_1_3' title="bbox 47 4174 1158 4372">
    <p class='ocr_par' dir='ltr' id='par_1_3' title="bbox 47 4174 1158 4372">
     <span class='ocr_line' id='line_1_36' title="bbox 47 4174 1157 4264; baseline 0.01 -29"><span class='ocrx_word' id='word_1_291' title='bbox 47 4174 130 4249; x_wconf 83' lang='lat' dir='ltr'><strong>jussit</strong></span> <span class='ocrx_word' id='word_1_292' title='bbox 150 4201 279 4264; x_wconf 88' lang='lat' dir='ltr'><strong>eumque</strong></span> <span class='ocrx_word' id='word_1_293' title='bbox 300 4183 448 4248; x_wconf 86' lang='lat' dir='ltr'><strong>adventus</strong></span> <span class='ocrx_word' id='word_1_294' title='bbox 469 4201 589 4244; x_wconf 89' lang='lat' dir='ltr'><strong>causam</strong></span> <span class='ocrx_word' id='word_1_295' title='bbox 609 4182 813 4263; x_wconf 84' lang='lat' dir='ltr'><strong>interrogavit.</strong></span> <span class='ocrx_word' id='word_1_296' title='bbox 862 4183 916 4245; x_wconf 90' lang='lat' dir='ltr'><strong>llle</strong></span> <span class='ocrx_word' id='word_1_297' title='bbox 939 4183 1066 4247; x_wconf 86' lang='lat' dir='ltr'><strong>civitatis</strong></span> <span class='ocrx_word' id='word_1_298' title='bbox 1085 4205 1157 4248; x_wconf 88' lang='lat' dir='ltr'><strong>suae</strong></span> 
     </span>
     <span class='ocr_line' id='line_1_37' title="bbox 50 4286 1158 4372; baseline 0.009 -30"><span class='ocrx_word' id='word_1_299' title='bbox 50 4286 165 4348; x_wconf 78' lang='lat' dir='ltr'><strong>nonnae</strong></span> <span class='ocrx_word' id='word_1_300' title='bbox 185 4289 366 4368; x_wconf 78' lang='lat' dir='ltr'><strong>legationem</strong></span> <span class='ocrx_word' id='word_1_301' title='bbox 384 4309 417 4354; x_wconf 89' lang='lat' dir='ltr'><strong>se</strong></span> <span class='ocrx_word' id='word_1_302' title='bbox 437 4290 523 4356; x_wconf 88' lang='lat' dir='ltr'><strong>obire</strong></span> <span class='ocrx_word' id='word_1_303' title='bbox 547 4289 660 4368; x_wconf 89' lang='lat' dir='ltr'><strong>dicens,</strong></span> <span class='ocrx_word' id='word_1_304' title='bbox 690 4289 786 4370; x_wconf 91' lang='lat' dir='ltr'><strong>ipsius</strong></span> <span class='ocrx_word' id='word_1_305' title='bbox 809 4290 976 4352; x_wconf 89' lang='lat' dir='ltr'><strong>Democriti</strong></span> <span class='ocrx_word' id='word_1_306' title='bbox 998 4291 1102 4372; x_wconf 85' lang='lat' dir='ltr'><strong>gratia,</strong></span> <span class='ocrx_word' id='word_1_307' title='bbox 1123 4296 1158 4354; x_wconf 91' lang='lat' dir='ltr'><strong>ut</strong></span> 
     </span>
    </p>
   </div>
   <div class='ocr_carea' id='block_1_4' title="bbox 0 0 1450 4872">
    <p class='ocr_par' dir='ltr' id='par_1_4' title="bbox 0 0 1450 4872">
     <span class='ocr_line' id='line_1_38' title="bbox 0 0 1450 4872; baseline 0 2"><span class='ocrx_word' id='word_1_308' title='bbox 0 0 1450 4872; x_wconf 95' lang='lat' dir='ltr'><strong> </strong></span> 
     </span>
    </p>
   </div>
  </div>
 </body>
</html>
