2984 4876
351 323 496 382 Liberlll.
531 321 681 378 Democriti
699 335 810 394 operum
830 322 990 394 fragmenta.
1161 319 1226 386 253

114 499 229 584 κέρατα
249 495 301 560 καὶ
321 492 359 558 τὰ
380 491 466 565 ὀστᾶ,
496 488 619 558 καὶτὰς
638 489 753 574 τρίχας,
775 488 851 553 ἄλλο
874 488 909 552 δὲ
934 488 1040 573 μηδέν.
1082 489 1165 554 Φασὶ
1186 491 1223 556 δὲ
1234 507 1306 577 330.

116 607 151 670 ἐκ
170 610 223 668 τοῦ
244 602 417 688 ἐγκεφάλου
443 597 581 682 γίνεσθαι
611 597 682 666 τοὺς
707 596 869 683 βασιλέας,
896 597 930 661 ἐκ
956 598 991 660 δὲ
1015 603 1075 662 τῶν
1103 605 1224 684 σαρκῶν

114 715 169 783 τὰς
198 713 294 780 ἄλλας
321 710 482 794 μελίσσας·
510 706 655 790 (γίνονται
682 707 716 770 δὲ
739 705 791 770 καὶ
811 703 846 768 ἐκ
866 709 922 770 τού
943 706 1085 769 νωτιαίου
1108 709 1224 789 μυελοῦ

117 823 268 910 βασιλεῖς)
297 815 501 902 κρατιστεύειν
532 814 636 901 μέντοι
658 813 730 883 τούς
760 812 794 878 ἐκ
822 811 1075 898 τοῶέγκερσίλου
1101 813 1225 897 μεγέθει

116 953 150 994 τε
171 931 222 993 καὶ
246 929 363 1002 ιιοὶλλει,
390 925 442 987 καὶ
465 923 555 1008 ῥώμῃ
583 927 643 986 τῶν
669 921 784 986 ἄλλων.
829 919 891 1006 Τὴν
915 921 949 984 δὲ
967 923 1089 1006 πρώτην
1109 923 1222 1007 τροπὴν
1233 944 1256 1009 5,
1265 939 1308 997 31,

117 1040 169 1102 καὶ
191 1035 362 1121 μεταβολὴν
388 1037 448 1095 τῶν
478 1035 599 1116 σαρκῶν
627 1031 670 1100 εἰς
689 1033 755 1102 ζῶα
773 1030 825 1094 καὶ
848 1029 942 1092 οἱονεὶ
962 1028 1068 1112 κύησίν
1088 1053 1154 1095 τινα
1175 1033 1226 1096 καὶ

116 1148 234 1232 γένεσιν
263 1142 494 1224 καθιστορήσεις
518 1137 669 1202 ἐντεῦθεν.
713 1136 941 1223 ’Λνιμιιισμένοο
971 1136 1028 1222 γὰρ
1051 1143 1105 1202 τού
1125 1139 1223 1222 οἴκου,
1235 1159 1307 1228 §.32

120 1251 211 1340 μικρὰ
234 1251 285 1315 καὶ
309 1247 403 1312 λευκὰ
426 1246 460 1310 τθ
489 1244 588 1322 εἶδος,
616 1244 668 1308 καὶ
689 1245 835 1330 ἀλλήλοις
859 1246 962 1330 ύμσια,
985 1247 1037 1311 καὶ
1058 1245 1094 1310 ού
1115 1248 1226 1330 τέλεια,

119 1360 191 1424 οὔτε
229 1357 290 1442 ήδη
331 1356 427 1438 πάντη
467 1358 533 1426 ζῶα
569 1353 639 1438 περὶ
675 1354 725 1417 τθν
762 1352 878 1440 μόσχον
911 1355 1105 1441 πλήθύνοντα
1139 1353 1227 1440 ύψει·

119 1466 247 1549 ἀκίνητα
281 1465 335 1548 μὲν
371 1462 487 1538 πάντα,
520 1459 598 1526 κατὰ
636 1462 740 1545 μικρὸν
778 1461 813 1524 δὲ
843 1461 1051 1547 αὐξανόμενα·
1084 1463 1159 1534 ἴδοις
1193 1465 1308 1552 δ’ρω,

121 1573 157 1638 ἂν
185 1573 235 1636 καὶ
266 1572 319 1654 τὴν
346 1569 552 1656 πτεροφύήσιν
581 1569 641 1654 ήδη
673 1567 935 1654 θιαρθρουμένήν,
969 1573 1022 1656 τήν
1049 1593 1083 1634 τε
1115 1575 1228 1638 οἰκείαν

119 1681 229 1768 χροιὰν
270 1677 486 1764 λαμβανούσας
516 1680 567 1742 καὶ
597 1675 877 1762 περικαθεζομένας
911 1679 961 1741 τὸν
999 1679 1144 1765 βασιλέα,
1178 1683 1230 1766 καὶ

119 1785 395 1874 προσπετωμένας·
419 1786 606 1872 βραχύτερον
628 1787 663 1850 δὲ
685 1786 735 1848 καὶ
757 1785 1001 1870 ύποτρεμούσαις
1022 1793 1088 1858 ταῖς
1108 1790 1231 1876 πτέρυξι

121 1895 173 1959 διὰ
200 1893 255 1978 τήν
288 1893 417 1977 ἀήθειαν
453 1899 506 1977 πής
538 1895 679 1977 πτήσεως
711 1894 762 1957 καὶ
789 1891 844 1976 τήν
870 1899 930 1956 τῶν
960 1896 1061 1977 μελῶν
1097 1896 1229 1962 ἀτονίαν.

122 2001 346 2086 ΙΙροσιξάνουσι
370 2001 405 2064 δὲ
429 2006 494 2070 ταῖς
512 2001 613 2085 θυρίσι
641 1999 793 2086 βοιζηθύν,
821 2001 960 2063 ὠθοῦσαι
977 2003 1028 2066 καὶ
1050 2005 1312 2092 βιαζόμεναιρξις,

120 2111 271 2194 ἀλλήλας,
291 2109 382 2196 πύθιρ
403 2115 457 2173 τοῦ
488 2108 600 2194 μοιτύς.
632 2107 777 2192 ’Ἄμεινον
802 2108 836 2171 δὲ
859 2108 912 2178 τὰς
935 2111 1062 2182 ἀνοίξεις
1084 2115 1135 2178 καὶ
1155 2114 1313 2200 ἀπορῶ,

122 2219 247 2304 φράξεις
274 2223 334 2280 τῶν
363 2217 505 2301 θυριθων,
530 2217 635 2286 καθὼς
663 2217 790 2302 εἴρηται,
816 2214 892 2302 παρ’
922 2218 1040 2305 ἡμέραν
1061 2221 1233 2286 ποιεῖσθαι·

122 2326 195 2396 δέος
215 2327 283 2411 γάρ,
308 2325 349 2410 μή
377 2326 627 2410 μεταβάλλονται
655 2325 716 2411 ήθή
738 2324 792 2411 τήν
819 2330 879 2390 τῶν
901 2331 1052 2410 μελισσῶν
1072 2329 1161 2414 φύσιν
1183 2331 1234 2394 διὰ

122 2547 240 2629 reliqua
261 2553 382 2612 atussa
394 2566 431 2608 ao
451 2545 539 2626 pilos,
562 2543 617 2607 sed
637 2551 794 2626 praeterea
814 2545 896 2610 nihil.
938 2546 1033 2626 Ajunt
1048 2569 1085 2610 ex
1107 2549 1233 2614 cerebro

123 2656 206 2738 gigni
230 2675 328 2736 reges,
350 2676 388 2716 ex
415 2655 556 2717 cantibus
583 2674 657 2717 vero
686 2660 803 2716 ceteras
826 2674 914 2735 apem
937 2657 1115 2736 (nascuntur
1135 2665 1234 2720 autent

124 2769 155 2826 et
186 2782 223 2824 ex
252 2762 384 2826 medulla
413 2762 523 2844 spinuli
545 2765 662 2844 reges);
691 2769 845 2845 praestare
874 2770 973 2826 tamen
1002 2765 1141 2826 omnibus
1168 2764 1234 2828 aliis

123 2891 162 2934 ex
185 2871 312 2934 cerebro
332 2877 420 2934 natos
448 2878 479 2934 ot
504 2871 706 2951 magnitudine
740 2877 771 2932 et
796 2871 1017 2951 pulchritudine
1051 2880 1082 2933 et
1111 2871 1234 2934 robore.

123 2979 255 3042 Primam
274 2999 369 3058 porro
392 2979 621 3042 conversionem
643 2979 897 3062 mutationemque
918 2980 1052 3043 carnium
1074 2979 1104 3040 in
1124 2979 1235 3040 animo-

124 3087 166 3150 lia
197 3093 227 3148 et
264 3084 351 3168 quasi
389 3086 620 3166 conceptionem
659 3087 808 3169 quandam
847 3109 884 3151 ao
915 3087 1137 3169 generationem
1167 3086 1236 3148 inde

124 3209 311 3274 cognoscas·
344 3191 462 3254 Etenim
481 3195 579 3256 statim
597 3203 757 3278 postquam
778 3202 929 3258 exstructa
942 3197 1050 3258 domus
1068 3201 1123 3270 est,
1144 3213 1238 3275 parva

125 3302 272 3384 quaedam
294 3309 325 3362 et
351 3299 419 3362 alba
448 3303 566 3381 specio,
591 3304 668 3366 inter
696 3323 789 3386 sequa
818 3303 936 3380 similia,
958 3311 989 3366 at
1008 3323 1071 3366 nou
1092 3304 1236 3383 perlecta,

124 3428 224 3490 neque
239 3410 304 3487 jam
326 3407 450 3470 omnino
469 3409 616 3486 animalia,
643 3410 724 3474 circa
744 3411 870 3474 vitulum
887 3409 1019 3491 plurima
1037 3411 1163 3488 videbis,
1183 3411 1237 3471 im-

124 3517 250 3578 mobilia
273 3516 394 3598 quidam
416 3515 524 3590 omnia,
537 3515 679 3595 paulatim
700 3537 774 3580 vero
793 3519 998 3599 augescentim
1019 3519 1237 3581 animadvertes

126 3623 216 3688 etiam
238 3622 352 3684 alarum
380 3631 560 3704 proventum
581 3623 645 3700 jam
674 3623 807 3686 articulis
829 3624 1001 3686 distinctum
1022 3631 1053 3686 et
1072 3645 1145 3706 apes
1167 3645 1238 3705 pro

125 3731 226 3813 prium
247 3729 382 3792 colorem
410 3729 603 3810 accipientes,
632 3730 946 3814 circumsedentesque
968 3751 1071 3813 regem
1095 3739 1126 3794 et
1146 3732 1239 3793 advo·

126 3840 233 3912 lantes,
253 3836 309 3899 sed
330 3835 453 3902 brevius
473 3845 504 3900 et
524 3837 679 3919 paululum
692 3837 887 3902 trementibus
899 3838 955 3904 uis
975 3845 1103 3920 propter
1113 3837 1238 3900 volandi

127 3945 318 4010 insolentiam
348 3951 378 4007 et
399 3945 602 4008 membrorum
620 3946 828 4010 infirmitatem.
870 3946 1014 4010 Assident
1036 3954 1136 4010 autem
1157 3947 1239 4006 leno

127 4053 199 4116 sti-ie
219 4073 288 4116 cum
314 4073 477 4130 murmura,
503 4052 693 4133 impellentes
726 4061 757 4118 et
782 4061 925 4136 urgentes
947 4075 980 4118 se
1001 4055 1140 4131 inuicem,
1162 4052 1239 4114 luois

128 4159 282 4224 desiderio
304 4168 417 4242 captae.
462 4161 599 4223 Praestat
617 4167 716 4222 nmen
735 4163 853 4244 aperire
876 4169 906 4226 et
920 4165 1061 4227 obturare
1083 4162 1239 4237 fenestrae,

128 4286 248 4352 eoquo
268 4267 382 4332 dictum
409 4275 457 4332 est
481 4268 586 4346 modo,
610 4268 755 4333 interdiu:
782 4289 820 4333 ne
846 4270 926 4336 forte
956 4292 1049 4354 apum
1068 4279 1176 4336 natura
1197 4269 1238 4331 ob
