2938 4864
389 303 473 360 Liber
491 303 540 362 lll.
575 301 646 362 aaa.
662 302 698 360 ad
716 302 795 360 Dan.
814 321 858 377 op.
876 305 973 378 tran.
1177 308 1243 376 273

120 474 263 552 librariis,
285 472 388 536 insciis
418 475 556 550 sonasse,
585 472 832 553 interpolaretur,
853 489 916 534 non
937 473 1128 558 discrepabat
1147 479 1185 540 ab
1206 498 1242 542 ea

120 601 200 665 quae
220 580 327 643 subest
342 579 430 644 titulo
451 581 494 643 X
517 639 521 652 ,

204 691 255 752 bl.
301 687 411 772 ζημίην
447 707 506 769 pro
542 687 652 771 ζημίαν
675 689 740 768 jam
774 695 857 750 reete
885 689 1007 771 scripsit
1038 693 1240 758 Burclrardus
1287 709 1291 716 '

119 799 204 862 ldern
227 797 355 860 eontulit
373 817 443 860 cunr
462 795 688 868 baeseutentia
704 795 837 859 Thaletis
859 797 972 862 dietum
993 821 1041 880 ap.
1059 801 1239 865 StobFlor.

118 907 159 969 lll
181 927 211 988 p.
235 906 275 969 97
302 903 342 988 μὴ
366 901 493 966 πλούτει
511 907 623 971 κακῶς.

206 1015 257 1076 66.
302 1009 428 1096 μέζονος
458 1009 573 1094 ὀρέξεις
599 1011 794 1074 Burclrardus
822 1013 915 1076 edidit
934 1034 992 1096 pro
1015 1017 1153 1098 μείζονες
1173 1017 1238 1101 dpe'-

121 1120 181 1192 ξεις
204 1120 287 1202 quod
309 1125 356 1184 est
377 1119 461 1200 apud
483 1119 640 1182 Orelliurn.
683 1119 725 1180 At
746 1121 941 1184 scribendum
963 1131 1010 1186 est
1024 1123 1152 1207 μέζονες
1173 1124 1238 1209 dpa'·

121 1228 182 1298 ξιες
202 1227 251 1290 vel
282 1225 380 1310 dpdits
406 1246 491 1290 ruore
515 1228 637 1292 tonum.
687 1228 849 1292 daeobsius
874 1229 894 1292 l.
915 1230 936 1294 l.
963 1251 1021 1313 pro
1054 1230 1138 1318 κόρῳ
1164 1235 1237 1315 poui

5 1323 9 1342 ’
116 1337 208 1416 jubet
230 1332 323 1420 λόγῳ,
345 1355 405 1419 qua
424 1335 634 1398 emendatione
654 1355 718 1398 aon
739 1343 785 1400 est
807 1357 896 1417 opus.

208 1446 257 1508 67.
300 1444 481 1507 Mutavimus
506 1447 570 1511 τοῖς
594 1444 625 1506 ia
646 1445 735 1522 τοῖσι,
758 1442 878 1528 νόσημα
900 1446 930 1508 in
954 1447 1094 1531 aodaqpa
1114 1449 1235 1528 (iisdem

121 1553 160 1614 de
189 1552 287 1616 camis
315 1553 426 1636 quibus
460 1553 584 1616 Diezius
616 1551 810 1632 llippocratis
844 1554 956 1617 librum
984 1556 1138 1638 inscripsit
1166 1559 1235 1641 cepi

121 1661 188 1744 ἱρῆς
214 1659 353 1742 νούσου),
379 1657 506 1744 συνεχές
530 1661 560 1721 in
588 1655 720 1743 Ευνεχές,
750 1659 879 1742 denique
907 1662 1121 1746 προςαρμόοαν
1151 1668 1235 1748 quod

118 1769 192 1832 terri
210 1769 296 1832 nullo
318 1769 411 1832 modo
439 1775 558 1850 potest,
584 1769 613 1830 in
640 1765 862 1852 προςαρμόζον.
913 1765 1043 1834 Sensum
1062 1773 1151 1853 hrpus
1171 1773 1234 1840 loci

116 1897 181 1942 non
201 1887 248 1940 est
270 1885 426 1941 assecutus
448 1878 602 1940 Gesnerus
621 1877 715 1938 verba
733 1895 842 1958 graeca
861 1877 907 1939 sie
927 1878 1072 1942 reddens:
1091 1883 1235 1960 qumod·

115 1987 242 2048 modum
269 1989 306 2048 in
335 1983 489 2047 ulceribus
510 1987 643 2066 pannea
667 2005 855 2066 guragraena
883 1993 943 2061 est,
969 1986 1016 2047 ita
1043 1988 1094 2064 (in
1122 1987 1234 2052 morbis

116 2096 236 2174 uninn')
263 2094 389 2154 animus
417 2094 453 2154 iu
475 2094 684 2173 pecuniarum
709 2095 911 2173 acquisitione
935 2111 1000 2154 nore
1021 2103 1183 2158 contentae
1203 2107 1235 2162 et

116 2201 177 2264 ridi
196 2202 379 2282 inaequalia.
421 2201 505 2262 ldern
534 2221 592 2283 pro
621 2200 655 2263 τὸ
688 2197 815 2284 συνεχές
848 2199 965 2262 exarari
995 2200 1092 2268 voluit
1122 2204 1156 2266 rb
1189 2205 1231 2291 μὴ

119 2307 248 2394 συνεχές
268 2309 351 2392 quod
383 2309 594 2390 comprobavit
626 2306 766 2371 Orellius.
829 2307 948 2370 Neuter
984 2327 1107 2371 sensura
1144 2312 1233 2392 liujus

118 2417 277 2497 fragmenti
297 2417 491 2480 adnotatione
512 2416 680 2478 illustravit.
723 2415 918 2478 Burelrardus
940 2437 970 2498 p.
997 2419 1037 2480 29
1058 2418 1126 2480 adu.
1153 2422 1233 2484 lla·

118 2529 211 2600 tetur,
229 2545 262 2588 se
286 2525 488 2588 contentionis
509 2524 718 2587 aDernocrito
740 2525 836 2586 iactae
859 2543 978 2586 eausam
998 2525 1105 2608 (vulgo
1128 2526 1232 2590 dicunt

119 2631 241 2694 tertium
263 2632 513 2713 comparationis)
536 2651 598 2694 666
620 2631 796 2712 intelligere.
838 2633 908 2708 Res,
931 2633 988 2695 nisi
1010 2633 1108 2712 fallor,
1131 2634 1176 2698 sie
1198 2655 1231 2699 se

117 2740 218 2804 babet.
269 2741 424 2822 Pauperes
451 2739 615 2817 interdum,
646 2745 680 2802 ut
710 2739 741 2800 in
770 2739 939 2819 fragmento
974 2742 1162 2806 antecedenti
1189 2745 1231 2807 ait

116 2849 327 2926 DemocrituS,
357 2849 510 2912 feliciores
536 2854 621 2924 sunt,
654 2867 744 2928 quam
772 2847 887 2910 divites.
937 2850 999 2931 Qui
1020 2850 1098 2912 enirn
1120 2851 1231 2934 opibus

115 2957 165 3020 vel
188 2957 283 3039 partis
314 2957 362 3019 vel
385 2956 574 3019 hereditariis
607 2960 690 3016 reete
715 2954 759 3017 uti
787 2955 942 3034 nesciunt,
969 2958 1024 3020 sed
1053 2977 1113 3042 quo
1143 2959 1231 3039 plura

115 3065 357 3140 accumularunt,
378 3084 416 3127 eo
443 3065 531 3144 plura
557 3068 703 3144 appetunt
726 3081 877 3145 nunquam
906 3066 1047 3142 contenti,
1078 3085 1229 3158 uunquam

114 3171 198 3236 aliud
220 3173 278 3236 nisi
301 3172 419 3234 luerunt
441 3173 619 3253 capitanea,
638 3189 745 3232 eorum
765 3171 866 3246 aniani,
888 3174 1140 3255 quemadmodum
1162 3195 1230 3238 cor-

114 3301 195 3362 pora
217 3280 378 3364 aliquando
406 3280 560 3360 paullatim
589 3283 730 3359 serpente
759 3299 929 3360 gangraena
955 3281 1166 3364 depascuntur,
1190 3283 1230 3346 ita

113 3388 228 3452 sensim
251 3395 432 3469 augescente
453 3409 489 3449 ac
510 3387 629 3448 tandeur
649 3387 824 3468 inexplebili
843 3389 1006 3470 eupiditate
1026 3389 1090 3454 dies
1109 3397 1229 3453 noctes-

113 3515 174 3580 que
194 3495 358 3575 agitantur,
383 3515 482 3578 neque
510 3497 667 3579 quiescere
697 3502 839 3576 possunt,
869 3495 976 3578 inopes
1005 3519 1039 3560 se
1061 3517 1128 3561 esse
1151 3497 1229 3560 iuter

110 3603 257 3666 maximas
288 3623 364 3683 opes
399 3603 465 3666 rati.
518 3605 635 3666 llorurn
666 3603 758 3683 igitur
788 3604 849 3664 vita
880 3613 993 3685 quanto
1022 3605 1144 3685 longior
1173 3613 1228 3685 est,

111 3718 196 3774 tanto
224 3713 257 3772 tit
283 3709 502 3773 intolerabilior
525 3717 614 3792 atque
644 3709 723 3772 inter
751 3719 916 3793 perpetuos
943 3713 1094 3776 cruciatus
1113 3713 1226 3775 transit.

111 3818 279 3900 Quodnisi
302 3819 412 3900 quibus
435 3817 503 3880 irati
522 3817 564 3880 dii
581 3837 657 3896 opes
679 3817 835 3894 dederunt,
856 3817 893 3881 iis
916 3819 1096 3883 benevolum
1117 3840 1227 3882 nuureu

109 3923 330 3988 calauritatibns
359 3933 389 3988 et
416 3925 506 3987 rebus
532 3923 666 3986 adversis
697 3925 814 3987 divitias
846 3927 949 4008 eripit,
981 3947 1065 3991 mors
1096 3927 1147 3990 tali
1167 3927 1228 3990 rita

108 4031 214 4114 potior
234 4041 289 4095 est.
334 4034 380 4096 Cf.
402 4031 539 4096 duvenal.
564 4033 626 4102 Sat
646 4031 731 4107 xlv,
758 4033 817 4096 135
836 4053 918 4116 seqq.
962 4035 1144 4118 caeteroqui
1163 4035 1228 4116 ptri·

108 4140 233 4221 losephi
255 4139 369 4202 dictnru
393 4141 442 4201 vix
463 4139 551 4200 aliter
579 4158 667 4220 quarn
692 4159 727 4200 ea
752 4159 811 4221 qua
833 4141 880 4204 usi
900 4162 1005 4208 sumus
1027 4143 1228 4208 circumlocu-

109 4246 191 4308 tione
210 4247 301 4308 latinc
324 4248 395 4310 lieet
418 4245 597 4326 exprimere.
641 4245 822 4308 Germanice
842 4249 941 4314 dicas:
963 4251 1040 4328 „wie
1060 4259 1149 4316 unter
1168 4249 1228 4312 den

938 4361 977 4420 18
