2892 4872
280 335 342 401 100
622 333 819 396 Quaestionum
839 330 1072 388 Democritearnm

281 504 390 579 dicam,
419 507 452 564 nt
481 501 631 564 hominem
653 503 737 566 nulla
756 521 790 564 re
812 501 909 563 minus
931 519 1021 582 quam
1049 499 1154 563 critica
1183 497 1315 562 facultate
1330 515 1372 558 νι-

281 611 375 674 luisse
398 609 573 672 existimem.
622 610 778 695 Siquidem
803 627 857 671 eos
888 609 977 672 etiam
998 609 1134 688 dialogos
1155 607 1318 672 Platonicos
1332 607 1372 682 jn-

282 713 446 794 dicar·it⁸),
478 737 555 799 quos
587 719 749 780 doctorum
778 717 876 778 nostri
909 716 1024 779 sacculi
1057 717 1189 779 virorum
1219 733 1333 779 acumen
1359 733 1373 772 e

283 826 431 889 librorum
452 823 678 888 Platonicorum
700 845 828 886 numero
850 825 968 888 exemit.
1000 826 1068 886 lluo
1088 824 1211 900 accedit,
1233 823 1308 905 cprod
1326 821 1374 882 sin-

283 934 362 1014 gulis
384 931 470 994 libris
494 930 645 1012 duplicem
673 931 792 994 titulum
821 931 987 1011 inscripsit,
1010 931 1146 1008 alterurn,
1173 938 1206 994 ut
1224 931 1263 992 ait
1280 930 1376 1007 Dioge-

284 1041 392 1118 rres⁹)‚
419 1059 438 1100 a
465 1041 602 1118 nomme,
634 1039 761 1102 alterum
789 1059 807 1100 a
837 1057 871 1098 re
900 1038 1032 1100 ductura.
1076 1040 1109 1100 lu
1138 1059 1198 1122 quo
1216 1037 1299 1098 valde
1316 1035 1376 1096 aritri

284 1148 403 1210 videtur
424 1167 579 1226 peccasse.
632 1148 714 1208 Nam
742 1167 834 1228 quum
862 1145 985 1208 nomina
1004 1147 1157 1209 lrorrrirrum
1177 1145 1295 1226 propria
1313 1163 1376 1226 qrrao

285 1255 444 1318 titulorum
466 1255 537 1316 loco
558 1255 748 1318 hauddubie
764 1257 828 1333 jam
851 1253 888 1314 ab
911 1253 978 1332 ipso
1000 1253 1127 1316 Platone
1147 1253 1231 1316 libris
1257 1251 1376 1332 imposita

286 1369 364 1438 sunt,
385 1363 472 1424 novis
501 1362 594 1426 titulis
622 1363 673 1444 qui
708 1363 896 1442 dialogorum
920 1369 1096 1441 arguurcnta
1117 1362 1377 1442 complecterentur,

286 1471 464 1550 explicanda
484 1489 551 1532 esse
574 1471 632 1532 sibi
645 1472 853 1551 persuasisset,
867 1487 1016 1550 nonunquam
1037 1487 1073 1530 ca
1093 1490 1167 1532 usus
1187 1475 1231 1532 est
1249 1469 1378 1539 cautione,

286 1584 319 1638 nt
340 1577 477 1656 pluribus
507 1577 607 1640 verbis
626 1578 761 1640 auctoris
790 1577 820 1638 in
847 1575 1010 1638 scribendo
1030 1577 1152 1657 dialogo
1173 1576 1321 1638 consilium
1338 1593 1379 1634 ex·

286 1685 437 1764 prirrreret,
457 1686 511 1746 sed
534 1705 571 1748 ea
592 1707 682 1768 quarn
703 1685 794 1765 elegit
817 1684 1012 1764 inscriptione
1032 1684 1114 1745 lrarrd
1133 1704 1205 1746 raro
1229 1682 1377 1745 aPlatouis

286 1801 385 1854 artearte
406 1793 555 1856 aberravit
575 1799 628 1855 aut
648 1799 764 1874 partem
792 1800 905 1856 tantum
929 1791 1107 1873 propositae
1130 1789 1308 1874 quaestionis
1326 1786 1378 1848 atti-

286 1899 339 1980 git
379 1905 451 1982 Quo
473 1901 584 1962 iactam
607 1908 661 1978 est,
683 1907 717 1962 ut
744 1901 830 1962 multi
857 1899 1049 1962 interioribus
1075 1899 1208 1962 saeculis
1230 1896 1379 1979 posteriore

288 2007 483 2086 inscriptione
503 2008 534 2068 iu
553 2027 688 2072 errorem
707 2009 822 2071 inducti
846 2008 923 2070 male
942 2008 980 2070 dc
1002 2006 1156 2090 plerisque
1174 2007 1303 2069 Platonis
1320 2019 1379 2082 ope

288 2116 370 2177 ribus
387 2115 598 2193 judicaverint.

371 2225 573 2284 'l'ranseamns
610 2225 648 2286 ad
681 2225 899 2300 Democritum,
932 2223 983 2285 cni
1016 2223 1143 2286 eandem
1174 2244 1260 2307 quam
1282 2215 1378 2281 Platoni

287 2348 413 2408 operam
440 2330 559 2392 navavit
587 2331 780 2411 Thrasyllus,
815 2333 929 2412 scripta
958 2332 1022 2410 ejus
1044 2350 1101 2411 per
1122 2331 1292 2412 tetralogias
1312 2326 1376 2404 digc-

287 2439 392 2499 rerrdo.
436 2437 530 2518 Quod
550 2439 647 2518 ipsum
670 2446 797 2502 testatur
816 2441 969 2519 Diogenes
989 2438 1126 2500 Laertius
1148 2439 1201 2501 lilr.
1222 2439 1275 2514 lX,
1291 2439 1326 2497 ts
1343 2431 1379 2492 iris

287 2545 403 2608 verbis:
436 2543 473 2605 τὰ
504 2543 539 2606 δὲ
570 2545 672 2629 βιβλία
701 2543 797 2607 αὐτοῦ
826 2547 876 2607 καί
897 2544 1077 2629 Θράσυλλος
1106 2545 1299 2628 ἀναγέγραφε
1317 2535 1380 2603 κατὰ

287 2648 367 2718 τάξιν
389 2649 495 2728 οὕτως,
527 2653 660 2734 ὡσπερεὶ
689 2652 739 2714 nal
768 2651 804 2714 ττλ
825 2651 999 2728 illicientes,
1020 2649 1097 2714 κατὰ
1119 2652 1319 2736 τετραλογίαν.
1351 2647 1381 2707 Ut
1435 2637 1436 2642 ¹

287 2758 511 2820 Platonicorum
529 2759 676 2851 librorum
701 2759 837 2822 ordinem
864 2781 953 2842 quorrr
982 2760 1011 2820 irr
1034 2761 1156 2841 scriptis
1179 2755 1380 2841 exemplaribus

287 2865 534 2944 deprehenderat,
561 2885 629 2928 mea
654 2867 798 2946 opinione
825 2867 870 2930 sic
897 2867 1026 2928 servavit
1048 2868 1235 2948 Thrasyllus,
1255 2873 1287 2928 ut
1304 2864 1329 2924 oi
1347 2867 1380 2920 te-

289 2972 431 3052 tralogias
451 2993 521 3034 suas
541 2981 671 3054 aptaret:
706 2974 746 3034 ita
773 2995 841 3036 oum
868 2975 898 3036 irr
920 2975 1093 3036 ordinandis
1113 2975 1278 3038 Democriti
1298 2969 1381 3052 operi·

287 3079 344 3140 bus
363 3087 515 3142 versatum
533 3101 599 3142 esse
622 3081 771 3158 conjecto.
803 3081 920 3144 Eterrirrr
941 3082 1042 3143 rrrrrltis
1062 3083 1100 3142 de
1122 3084 1222 3144 causis
1239 3075 1381 3142 verisimile

286 3193 341 3264 est,
361 3187 510 3250 librorum
530 3188 794 3251 Democriteornm
814 3189 972 3252 elenchum
994 3189 1045 3272 qui
1070 3209 1108 3251 ex
1135 3189 1286 3270 Thrasylli
1307 3193 1381 3248 tetra-

285 3292 376 3371 logiis
399 3294 597 3375 depromptus
621 3296 701 3375 apud
721 3297 874 3358 Laertinm
892 3296 943 3357 lib.
967 3297 1024 3370 lX,
1044 3298 1184 3361 ‹to-tu
1209 3304 1309 3372 exstat,
1330 3309 1381 3354 non

287 3398 421 3477 differre,
449 3407 501 3464 ant
531 3421 592 3463 rrorr
624 3402 750 3465 multum
781 3405 932 3467 diversum
960 3423 1042 3478 esse,
1073 3405 1104 3468 in
1126 3405 1317 3486 disponendis
1335 3417 1382 3480 pet

285 3523 396 3584 genera
417 3505 564 3590 locosque
597 3509 723 3589 singulis
751 3511 880 3591 scriptis,
912 3512 1076 3592 avulgata
1110 3515 1228 3574 ratione
1250 3533 1306 3596 qua
1325 3513 1381 3570 aute

286 3612 477 3692 'l'lrrasyllnm
503 3623 592 3697 atquc
617 3617 695 3678 adeo
718 3619 886 3681 Democriti
904 3626 1010 3698 aetate,
1032 3621 1095 3684 sive
1120 3621 1158 3683 ab
1178 3622 1246 3702 ipso
1264 3623 1381 3686 anctore,

355 3865 378 3928 ⁸)
398 3865 471 3930 Diog.
491 3867 575 3918 Laert.
595 3867 638 3918 lib.
660 3869 700 3932 ill,
721 3869 767 3922 57:
786 3869 834 3924 eloi
853 3871 948 3936 τοίνυν,
966 3873 1042 3945 φηαλν
1062 3867 1086 3935 (δ
1105 3867 1272 3944 Θράσυλλος),
1290 3869 1312 3922 ol
1328 3865 1381 3918 :ir-

284 3959 326 4002 τις
352 3942 423 4014 αὐτῷ
444 3946 542 4018 γνήσιοι
561 3945 676 4017 διάλογοι
700 3949 726 4010 ἓξ
744 3952 789 4003 rial
808 3951 978 4022 πεντήκοντα,
997 3957 1043 4023 τῆς
1062 3951 1108 4020 μὲν
1129 3953 1256 4012 πολιτείας
1277 3953 1310 4009 τίς
1327 3947 1381 3998 ὖίῑβ

283 4021 472 4095 διαιρουμένης,
496 4033 549 4079 τιῖιν
573 4026 601 4079 δὲ
623 4028 712 4097 νόμιον
737 4031 771 4090 είς
798 4030 968 4084 δυοκαίδεκα·
994 4031 1154 4103 τετραλογίαι
1180 4033 1207 4086 il
1232 4034 1312 4088 ἐννέα.
1332 4024 1380 4080 ἑνὸς

283 4101 383 4172 βιβλίου
402 4106 491 4178 χώραν
510 4105 653 4179 ἐπεχοίνσης
670 4111 716 4178 τῆς
735 4109 864 4170 πολιτείας
882 4113 928 4165 καὶ
946 4111 1003 4170 ἑνὸς
1021 4119 1074 4166 τῶν
1095 4113 1193 4182 νόμιον.

350 4199 373 4260 ⁹)
392 4201 463 4262 Diog.
483 4202 568 4250 Lacrt.
588 4201 603 4250 1.
621 4201 635 4250 l.
661 4195 763 4258 διπλαῖς
790 4200 817 4252 δὲ
841 4205 934 4272 χρῆται
960 4207 1015 4261 ταῖς
1043 4203 1193 4276 ἐπιγραφαῖς
1212 4203 1318 4256 indotos
1335 4199 1379 4248 mit

280 4275 397 4346 βιβλίων,
418 4295 449 4353 τγγ
472 4280 518 4350 μὲν
538 4277 588 4330 ἀπὸ
608 4283 654 4330 τοῦ
677 4277 814 4348 ὀνόματος,
835 4287 865 4356 τῇ
886 4281 914 4334 δὲ
934 4281 1049 4337 ἀπὸτοῦ
1070 4288 1227 4358 πράγματος.
