2956 4860
406 326 491 384 Lihar
511 329 532 386 l.
569 330 612 385 lle
631 331 784 386 Democriti
804 331 869 387 ritu.
1152 333 1195 398 55

106 495 202 578 parari
229 495 278 558 καὶ
312 495 382 565 τοὺς
412 494 587 578 ἐγκυκλίους
612 497 738 579 λόγους,
769 498 820 560 καὶ
847 499 916 580 περὶ
946 504 1061 582 τεχνῶν
1091 501 1191 562 πᾶσαν

104 601 174 687 εἶχεν
205 602 366 686 ἐμπειρίαν.
417 607 597 668 lluehnerns
627 607 858 684 interpretatur:
898 603 1072 690 „Siquidem
1101 609 1192 671 Ante-

103 717 186 774 rastae
204 712 330 774 Platonis
358 719 443 790 sunt,
477 715 518 774 ait
541 713 722 793 l'lrrasylns,
752 715 800 777 hic
828 735 895 778 esse
923 715 1042 777 ridotnr
1070 716 1120 778 ille
1140 717 1191 799 qni

101 840 152 882 uon
171 819 333 883 nominatus
363 822 474 898 aderat,
505 820 642 882 divorsus
668 821 706 880 ab
725 823 850 885 asseclis
870 824 1038 904 Oenopidis
1060 831 1090 885 et
1111 825 1191 886 Ana-

100 947 221 1008 xagorae,
248 929 277 990 in
305 929 461 1012 colloquio
490 947 558 990 omn
586 929 714 990 Socrate
744 931 895 994 disserens
928 932 965 992 de
990 933 1189 1013 philosophia,
1216 911 1219 918 Δ

100 1037 140 1098 cui
160 1037 227 1098 dicit
253 1039 413 1112 Socrates,
441 1037 597 1116 pentathlo
625 1036 753 1099 similem
784 1059 851 1102 esse
879 1039 1103 1119 philosophum.
1152 1041 1190 1101 Et

99 1153 153 1206 erut
174 1165 274 1207 revera
297 1145 327 1206 in
348 1144 541 1226 philosophia
562 1145 694 1228 quinque
710 1147 904 1209 certaminum
924 1148 1033 1209 victor:
1064 1148 1190 1210 ornabat

98 1253 163 1312 enim
184 1261 212 1316 et
232 1253 381 1316 traturallo
402 1256 431 1314 et
449 1251 587 1327 moralia,
606 1274 710 1315 verum
730 1254 818 1316 etiarn
835 1255 1042 1318 mathematica
1064 1263 1094 1318 et
1117 1253 1190 1318 libe-

98 1361 163 1422 rales
187 1361 359 1441 disciplinas
384 1359 552 1441 artiumque
582 1381 701 1423 omnem
722 1361 859 1442 peritiam
882 1362 1035 1425 callebat'’
1079 1368 1189 1444 Quam-

96 1467 134 1529 ris
151 1469 222 1530 bene
249 1467 375 1530 verterit
403 1467 583 1530 llnehnerus
614 1488 712 1552 neque
737 1470 889 1532 Ambrosii
921 1475 950 1532 et
970 1470 1189 1533 Aldobrandini

95 1576 203 1638 sonmiis
230 1576 259 1638 in
294 1595 432 1638 errorem
456 1573 597 1638 inductus
625 1578 679 1654 sit,
710 1583 756 1640 est
784 1585 883 1640 tanren
910 1579 940 1639 in
970 1579 1028 1641 hoc
1061 1578 1187 1640 mirabili

95 1683 226 1764 Thrasylli
244 1684 338 1760 dicto,
366 1683 450 1764 quod
472 1703 564 1765 qunm
585 1684 672 1746 valde
694 1685 850 1765 displiceat
869 1707 905 1748 ac
932 1706 1059 1766 prorsus
1078 1688 1186 1748 ridicu-

93 1789 202 1872 lum⁶⁷)
220 1791 419 1871 judicandum
439 1791 486 1867 sit,
505 1791 659 1854 Huebneri
677 1793 782 1869 aciem,
798 1793 849 1876 qui
868 1793 940 1854 nihil
961 1801 1117 1874 praeterea
1137 1795 1187 1855 ad-

94 1907 172 1976 notat,
199 1901 311 1980 fugisse
344 1905 479 1979 apparet.
528 1899 646 1962 Etenim
676 1903 820 1963 Socrates
844 1901 874 1962 in
909 1901 968 1962 isto
998 1902 1119 1982 dialogo
1135 1899 1187 1982 ⁶⁸)

93 2027 143 2068 non
170 2015 226 2070 iarn
257 2008 324 2089 ipsc
350 2008 440 2084 dicit,
466 2007 689 2090 quinquertioni
715 2009 842 2071 similem
870 2027 937 2070 osse
963 2008 1186 2089 philosophum,

93 2115 137 2176 sed
155 2117 257 2180 musici
284 2117 367 2180 illius
388 2117 476 2194 cujus
497 2135 608 2178 nomen
631 2117 775 2180 reticetur
801 2116 974 2198 opinionem
994 2118 1090 2179 rrrinus
1112 2116 1187 2179 dilu-

92 2223 148 2284 cide
164 2228 345 2290 enuntiatam
368 2225 458 2306 plane
478 2224 685 2288 intellecturus
707 2245 745 2286 ex
765 2224 833 2306 ipso
854 2225 978 2308 quaerit,
1001 2245 1072 2287 num
1091 2224 1187 2304 philo·

91 2333 203 2412 sophum
227 2335 455 2420 quinquertium
472 2343 637 2413 comparet,
654 2333 706 2414 qui
723 2332 754 2394 in
774 2334 901 2415 singulis
919 2333 1099 2416 qrrinquertii
1118 2353 1186 2412 por-

92 2441 158 2504 tibus
175 2443 210 2506 iis
229 2445 283 2526 qni
316 2463 407 2506 unam
429 2443 494 2521 ejus
516 2447 633 2523 partem
654 2442 846 2504 tractaverint
867 2441 1001 2518 inferior,
1029 2445 1136 2502 contra
1156 2440 1186 2500 in

90 2548 221 2614 universis
237 2552 306 2614 sine
327 2551 536 2614 controversia
557 2550 685 2614 caeteris
705 2549 823 2613 athletis
843 2550 985 2630 superior
1005 2549 1052 2610 sit.
1103 2547 1187 2608 Licet

90 2663 174 2720 auteur
198 2661 334 2724 musicus
366 2659 416 2721 ille
452 2659 551 2720 statim
576 2658 766 2739 respondens
793 2657 840 2718 his
868 2657 967 2720 verbis
1002 2659 1102 2718 utatur
1118 2651 1185 2732 ⁶⁹):

90 2761 174 2844 ,dena
195 2788 214 2829 o
236 2770 392 2845 Socrates,
408 2767 585 2848 philosophi
602 2769 755 2828 ratonem
771 2767 959 2845 perperisse
978 2763 1098 2838 uideris,
1116 2781 1186 2839 qno-

91 2873 166 2934 niam
185 2897 252 2938 cum
284 2897 358 2938 cum
378 2875 539 2956 penicillo
566 2876 734 2952 cananaei,
743 2873 759 2899 ’'
782 2878 879 2934 minen
904 2871 952 2934 vel
974 2871 1072 2950 ipsum
1093 2870 1186 2928 Thra-

90 2981 187 3058 syllum
208 2986 285 3046 male
316 2985 465 3061 locutum,
493 2983 541 3046 vel
566 2985 736 3064 Diogenem
766 2979 917 3060 'l'lrrasylli
937 2977 1087 3058 judicium
1110 2978 1186 3039 nrale

91 3091 226 3154 rettulisse
247 3093 373 3172 planum
390 3098 443 3154 est.
482 3093 549 3154 darn
572 3101 606 3154 ut
624 3097 738 3154 taceam
762 3087 800 3150 de
818 3087 919 3150 verbis
941 3087 957 3148 h
979 3083 1184 3169 παραγενόμε-

91 3215 133 3264 tot
153 3199 313 3282 ἀνώνυμος
334 3205 393 3262 τῶν
415 3199 484 3282 περὶ
508 3195 674 3280 Οἰνοπίδην
687 3197 738 3278 ⁷⁰)
768 3196 820 3257 καὶ
839 3192 1049 3276 Ἀναξαγόραν
1075 3192 1185 3275 ἔτερος,

90 3323 156 3384 ‹puae
180 3307 263 3370 nullo
295 3309 388 3369 modo
419 3307 552 3369 dillicilia
582 3313 669 3368 erunt
699 3305 734 3366 iis
769 3305 821 3387 qui
855 3305 1007 3384 dialogum
1040 3303 1185 3382 legerunt,

91 3431 156 3490 qnae
174 3417 294 3479 taudem
316 3415 372 3478 iste
395 3421 454 3478 iam
476 3415 608 3478 absurdo
629 3412 816 3475 ratiocinatio
844 3421 899 3489 cst,
929 3434 988 3494 quo
1011 3408 1186 3489 Thrasyllus

90 3537 122 3582 ex
141 3543 280 3602 germano
309 3525 398 3604 hujus
431 3524 542 3605 dialogi
570 3528 640 3586 ortu
670 3540 689 3583 a
717 3521 842 3582 Platone
871 3527 993 3601 parente
1022 3518 1186 3599 repetendo

91 3671 278 3694 ⁸——

151 3789 189 3852 ‘')
207 3789 247 3840 Ob
266 3791 388 3853 ineptias,
407 3803 477 3854 quino
496 3788 539 3840 hic
556 3789 686 3852 leguntur,
705 3789 964 3840 Schleiermacherus
985 3785 1113 3837 Translut.
1126 3783 1180 3832 Plat

92 3865 155 3918 lom.
170 3867 187 3920 5
204 3885 229 3934 p.
249 3869 302 3920 510
321 3871 444 3934 Diogenis
465 3873 566 3921 textum
585 3875 743 3934 corruptum
762 3883 822 3922 esse
841 3868 941 3922 statuit.

152 3961 190 4022 ⁸⁸)
208 3963 289 4012 liliol-
306 3977 330 4027 p.
351 3960 400 4014 135
419 3963 460 4012 ed.
479 3963 568 4026 steph.

153 4053 190 4115 ”l
210 4054 274 4105 ibid.
291 4069 316 4118 p.
334 4051 383 4105 ltu
402 4055 443 4106 ed.
464 4053 553 4118 Steph.
576 4049 666 4108 καλῶς
690 4051 718 4120 p
738 4067 791 4119 μοι,
812 4049 872 4119 ἔφη.
889 4047 911 4100 ah
931 4044 1080 4136 Σώκρατιὸ
1103 4045 1187 4103 δοκεῖς

92 4125 221 4200 inuiolata
240 4131 273 4186 τὰ
292 4135 349 4205 περὶ
366 4135 414 4186 τοῦ
429 4129 584 4204 pluat-po,
604 4131 745 4188 ἀπεικάσας
763 4129 840 4182 αὑτὸν
862 4132 899 4198 τῷ
919 4126 1065 4196 πεντάθλῳ.

155 4225 193 4289 ²⁰)
212 4227 252 4278 Do
278 4227 414 4292 Oenopide
440 4227 550 4291 copiose
575 4227 673 4274 tractat
701 4226 835 4288 llenogins
861 4222 897 4274 od
917 4223 1001 4272 laert.
1028 4220 1071 4272 lih.
1091 4219 1131 4278 lli,
1146 4213 1187 4275 tt,

94 4315 165 4368 quum
183 4307 252 4358 tide.
