2984 4876
258 281 321 350 leo
461 265 467 272 '
588 279 783 348 mmmm
810 279 1044 336 nummum

345 448 416 514 133.
451 441 494 512 ‘H
514 444 604 530 φόοις
624 445 677 510 και
700 444 721 528 ἡ
747 443 859 530 διδαχὴ
885 443 1100 529 παραπλήσιόν
1127 444 1207 510 ἐστι·
1237 445 1370 532 καὶγὰρ

257 559 279 644 ἡ
309 556 420 641 διδαχὴ
449 551 661 638 μεταρροομοῖ
683 553 735 616 τόν
768 550 943 636 ἅνομιοπον,
969 552 1227 640 μιταρριιομοῦοα
1257 554 1292 619 δὲ
1315 575 1371 640 ρο·

259 662 418 730 σιοποιέει.
459 662 537 726 Cod.
557 660 641 724 Flor.
665 659 752 726 Stob.
771 660 927 724 Gaist.1v
947 681 978 742 p.
1000 663 1072 726 406.

345 773 415 837 134.
457 767 585 834 Πάντων
607 770 748 833 κάκιστον
769 767 789 850 ἡ
811 765 952 852 εὐπετείη
973 769 1138 834 παιδεῦσαι
1150 771 1204 856 τὴν
1226 769 1371 855 νεότητα·

259 880 337 964 αὕτη
359 879 417 964 γάρ
442 877 516 960 ἐστι,
536 877 556 962 ἢ
576 877 667 942 τίκτει
688 875 741 945 τὰς
763 875 878 959 ἡδονὰς
901 875 1031 958 ταότας,
1059 875 1095 942 ἐκ
1114 882 1175 944 τῶν
1198 879 1218 963 ἡ
1240 877 1374 962 κακότης

258 988 381 1074 γίνεται.
420 988 497 1052 cod.
521 986 605 1050 Flor.
628 985 714 1050 Stob.
736 984 832 1050 Guiri.
852 986 896 1048 1v
916 1005 947 1066 p.
966 986 1037 1049 405.

347 1097 415 1162 136.
458 1091 607 1179 Κρέοοονν
635 1088 690 1156 ἐπ’
719 1090 830 1176 ἀρετὴν
856 1089 1002 1177 μανέεται
1028 1091 1192 1178 προτροπῇ
1210 1097 1374 1180 χριόμενος

259 1203 311 1270 καὶ
341 1203 436 1287 λόγου
465 1202 573 1266 πειθοῖ
603 1201 683 1287 ἤπερ
712 1198 800 1286 νόμιρ
831 1199 883 1263 καὶ
913 1199 1043 1285 ἀνάγκη.
1089 1200 1197 1287 Λόορη
1228 1203 1283 1286 μὲν
1315 1202 1374 1287 γὰρ

260 1309 422 1396 ἁμαρτόειν
443 1310 526 1380 εἰκός
545 1311 597 1375 τόν
625 1305 782 1394 εἰργμένον
806 1306 923 1392 ἀδικίης
946 1306 1004 1370 ὑπὸ
1025 1306 1135 1394 νόμον,
1153 1309 1205 1373 τδν
1228 1311 1264 1373 δὲ
1285 1310 1318 1380 ἐς
1337 1312 1374 1375 τό

260 1418 332 1484 δέον
351 1415 484 1502 ἠγμένον
503 1415 610 1482 πειοοἴ
628 1416 686 1482 οὐκ
704 1417 786 1486 εικδς
807 1414 877 1480 οὔτε
899 1415 999 1500 λα’ορη
1022 1415 1093 1482 οὔτε
1113 1423 1256 1503 φανερῶς
1274 1417 1375 1504 ἔρδειν

258 1548 287 1590 τι
305 1523 499 1610 πλημμελές·
528 1525 635 1610 διόπερ
661 1524 761 1595 iunior
784 1547 818 1589 τε
835 1524 894 1589 ,καὶ
914 1524 1064 1610 ἐπιστήμη
1087 1523 1307 1611 όρθοπραηέων
1331 1549 1378 1596 τις

261 1632 405 1719 ἀνδρήϊος
427 1632 493 1718 όμα
511 1632 564 1697 καὶ
585 1631 785 1719 εόδόηνωμος
806 1635 928 1719 γίνεται.
970 1633 1044 1698 lbid.

345 1742 415 1806 136.
457 1738 633 1826 Κρέοοονές
655 1741 715 1804 εισι
742 1742 775 1806 αἱ
798 1746 858 1806 τῶν
889 1741 1142 1826 πεπαιδευμένων
1170 1739 1332 1824 ἐλπίδεςῆ
1358 1741 1377 1804 6

259 1852 320 1914 τῶν
340 1845 489 1931 bipalium
508 1850 649 1918 πλοῦτος.
691 1851 765 1916 lbid.
786 1871 816 1932 p.
840 1852 911 1915 408.

346 1957 416 2020 137.
461 1952 500 2021 Οἱ
524 1955 662 2026 ἀξύνετοι
697 1955 915 2044 δοστυχέοντες
941 1955 1164 2044 αωφρονέοοοι.
1204 1961 1379 2023 Democrut.

262 2065 405 2130 Ονε11.ιν.
428 2067 478 2129 00.
754 2053 759 2058 ’

352 2176 421 2238 138.
466 2169 610 2256 Νηπίοιοι
626 2171 662 2236 οὐ
685 2171 786 2257 λόγος,
801 2172 882 2236 ἀλλὰ
898 2173 1038 2257 ξυμφορὴ
1053 2172 1166 2257 γίνεται
1181 2172 1380 2243 διδάσκαλος.

261 2280 336 2343 Ιιιίό.
355 2299 385 2344 ιι.
405 2282 456 2345 41.

352 2503 421 2568 133.
465 2502 580 2567 Similis
598 2510 646 2566 est
665 2508 791 2566 naturae
812 2503 965 2579 doctrinm
992 2503 1102 2568 etenim
1125 2502 1263 2566 doctrina
1282 2505 1384 2564 nane

264 2613 376 2676 format
394 2612 544 2675 bominem
566 2613 869 2695 umsformmdoque
889 2611 978 2675 uliam
996 2612 1026 2674 ei
1044 2612 1128 2675 addit
1146 2618 1292 2674 naturum.

353 2720 422 2784 134.
463 2719 549 2782 Nihil
574 2719 662 2800 pejus
690 2726 737 2784 est
763 2718 885 2784 levitate
910 2721 941 2783 in
966 2721 1070 2802 pueris
1091 2720 1271 2793 educuudis3
1302 2721 1384 2784 brec

266 2826 346 2889 euim
366 2827 461 2909 gignit
478 2827 658 2908 voluptates,
684 2847 702 2890 ε
730 2828 840 2911 quibus
857 2827 930 2891 vitiu
948 2829 1096 2892 oriuntur.

351 2936 422 3000 135.
465 2935 640 3016 Promptior
666 2936 706 2999 ad
734 2936 875 3000 virtutem
895 2936 1063 3017 apparebit,
1086 2936 1139 3019 qui
1168 2935 1386 2999 adhortatione

264 3044 425 3128 verbisque
453 3042 492 3106 od
516 3043 760 3124 persuadendum
777 3044 1022 3123 accommodatis,
1050 3064 1141 3127 quom
1168 3045 1219 3127 qui
1249 3044 1318 3125 lege
1352 3054 1387 3110 ot

263 3152 444 3216 necessitate
470 3151 642 3232 impellitur.
690 3152 808 3216 Etenim
836 3153 914 3217 olum
947 3171 1076 3234 peccare
1103 3173 1173 3214 eum
1201 3153 1253 3237 qui
1281 3153 1386 3237 (solu)

264 3259 332 3341 lege
361 3259 552 3323 amulefioio
576 3264 729 3338 avocetur,
759 3260 919 3342 probabile
948 3266 1010 3323 cst:
1043 3265 1074 3323 ει
1102 3259 1162 3342 qui·
1181 3262 1387 3342 persuasione

265 3366 304 3428 cd
325 3365 459 3429 officium
480 3367 612 3444 ducitur,
637 3386 708 3430 eum
733 3387 833 3452 noque
861 3367 939 3431 clem
961 3387 1061 3451 neque
1089 3367 1189 3448 pulum
1217 3367 1386 3433 verisimile

267 3480 315 3536 est
331 3473 494 3556 quidquam
514 3475 585 3538 moli
604 3476 810 3551 committere3
838 3483 1025 3558 quapropter
1051 3476 1104 3558 qui
1132 3495 1202 3538 cum
1220 3477 1388 3556 prudentia

269 3600 431 3662 rerumque
451 3583 560 3662 peritia
590 3592 674 3648 recte
693 3585 766 3666 ogit,
792 3583 882 3646 simul
908 3581 1063 3648 muimosus
1087 3591 1118 3648 et
1144 3585 1184 3646 ed
1203 3584 1389 3649 seutentiam

268 3707 354 3752 suum
372 3687 469 3752 libem
489 3693 689 3771 profitendam
708 3691 854 3774 proclivis
873 3693 982 3756 evadit
1141 3767 1145 3770 ,

357 3798 426 3861 106.
468 3801 641 3864 Doctorum
669 3801 825 3865 bominum
854 3821 926 3884 spes
950 3801 1144 3865 indoctorum
1174 3799 1287 3864 divitiis
1312 3811 1392 3868 sunt

269 3904 415 3986 potiores.

357 4015 427 4078 187.
469 4013 562 4078 Stulti
581 4015 674 4078 rebus
695 4015 831 4082 adversis
851 4019 1059 4081 conflictantes
1080 4017 1210 4098 sapiunt.

355 4123 425 4186 138.
467 4121 541 4186 Νοιι
566 4123 657 4201 ratio,
685 4124 739 4186 sed
767 4128 895 4190 adversa
921 4128 1042 4190 fortuna
1060 4125 1220 4189 stultorum
1243 4125 1395 4205 magistro

269 4231 323 4290 est
