2938 4864
318 297 384 366 342
641 304 837 370 Crocotium
864 303 1099 360 nenotean-

319 466 392 532 tulis
411 469 453 532 20
467 468 537 554 περὶ
555 467 837 556 ἀμοιψιῤῥυσμιέυν
859 479 890 535 ο1
910 473 952 536 22
971 471 1040 556 περὶ
1062 469 1192 536 εἰδώλου
1213 468 1233 554 ἢ
1253 469 1313 553 περὶ
1333 487 1385 552 προ

320 574 405 660 volas
419 597 486 660 pag.
503 579 562 642 1³5
571 597 655 662 seqq.
677 579 711 642 ln
723 577 918 661 sequentibus
927 580 1122 662 probavimus
1133 577 1299 643 Schneider-i
1313 595 1387 638 emen

319 683 457 748 dationes
477 707 546 750 cum
559 687 736 750 Buncbardo
756 693 785 748 et
803 686 1027 770 Philippsonior
1048 695 1129 752 totus
1148 687 1226 750 euim
1244 686 1323 749 luctu
1339 693 1388 746 ante

318 790 538 856 Schneiderum
556 794 601 858 sic
620 794 799 876 vulgabatur
811 797 944 878 προσῆκε
961 797 1089 879 μᾶλλον,
1108 795 1268 862 ὅλως-
1286 794 1387 876 μορφῆς

319 897 424 984 ὥσπερ
446 941 515 954 --
535 901 643 964 εἰδῶν·
671 903 701 964 τί
729 903 767 984 δὴ
791 941 858 954 -
886 907 982 978 ποιοῖς
1013 902 1098 988 αὐτῷ
1127 901 1184 985 γὰρ
1211 899 1337 984 ἐμφαίνει
1360 900 1390 980 τῷ

318 1003 356 1068 τὰ
375 1003 502 1070 εἴδωλα.

405 1115 454 1178 15.
493 1116 616 1180 Priores
645 1119 714 1182 edd.
740 1119 903 1201 pleraeque
930 1118 1041 1182 babent
1069 1115 1136 1179 trel
1165 1114 1199 1180 τό
1224 1137 1258 1199 γε
1286 1115 1331 1178 τὸν
1353 1112 1390 1184 in

317 1239 379 1284 una
395 1221 446 1284 τὸν
469 1221 659 1302 ἀπαῧοῦντα,
681 1228 736 1288 sed
758 1233 841 1289 recte
862 1225 1031 1289 emendavit
1044 1224 1246 1288 Schneiderus
1265 1223 1310 1286 τὸν
1328 1222 1391 1304 ἥλιον

318 1327 514 1408 ἀπωθοῦντα,
545 1351 637 1414 quum
663 1333 693 1394 in
720 1332 825 1396 libello
849 1333 888 1395 de
914 1334 983 1414 igne
1013 1339 1060 1394 ter
1080 1340 1223 1415 quaterve
1241 1331 1343 1394 librarii
1356 1347 1392 1390 υο

317 1441 387 1514 tam,
408 1457 468 1519 qua
492 1437 567 1502 solis
585 1423 770 1504 vocabulum
789 1441 937 1522 signatum
958 1449 1142 1520 repererant,
1164 1440 1194 1502 in
1218 1439 1262 1502 ὅτι
1275 1440 1392 1500 mutarint

315 1543 475 1608 Praeterea
494 1563 553 1625 pro
567 1544 836 1631 ἀποπλσττόμενον
858 1549 970 1611 πυκνὸν
983 1548 1033 1610 τὸν
1056 1547 1135 1632 ἀέρα
1154 1547 1234 1610 idem
1251 1547 1294 1608 vir
1312 1547 1393 1608 doctus

315 1649 393 1712 bene
413 1654 550 1732 reposuit
571 1651 601 1715 d.
623 1658 755 1718 πυκνοῦν
784 1677 809 1717 τ.
834 1654 865 1718 ἀ.
915 1655 1108 1720 Burcbardus
1135 1654 1209 1719 loco
1230 1675 1289 1719 non
1309 1652 1393 1716 intele

314 1761 367 1818 cto
385 1758 477 1821 multa
498 1768 569 1840 post
591 1759 689 1845 λέγειν
715 1764 865 1827 excidisse
893 1765 1073 1846 suspicatus,
1100 1764 1196 1826 verba
1214 1765 1244 1826 in
1262 1765 1333 1826 luno
1350 1777 1394 1822 nu

314 1863 386 1926 dum
407 1867 539 1928 refinxit:
562 1865 654 1931 Ἀλλ’
678 1868 753 1938 ἴσως
764 1870 817 1953 τὴν
838 1869 1034 1936 ἀποτύπωσιν
1058 1871 1074 1932 ὁ
1095 1869 1185 1953 ἥλιος
1205 1873 1294 1948 ποιεῖ,
1317 1869 1394 1946 ὥσπερ

313 1971 351 2033 rt
372 1977 439 2055 φῶς
460 1971 615 2060 ἕπιφίρκον
638 1979 695 2056 (sc.
711 1976 819 2060 αὐτὴν)
837 1977 886 2042 tot
907 1977 960 2062 τὴν
986 1977 1067 2062 ὄψιν,
1089 1977 1231 2062 καθάπερ
1254 1975 1328 2040 ἔοικε
1346 1971 1394 2058 βου·

314 2077 425 2142 leodac
451 2079 565 2164 λέγειν·
595 2083 832 2130 ********
861 2085 928 2150 ἐπεὶ
955 2085 989 2148 ro'
1020 2107 1055 2168 γε
1084 2085 1135 2148 τὸν
1159 2083 1318 2170 ὀφθαλμὸν
1335 2080 1394 2142 iro·

312 2183 429 2251 llodvro
459 2188 519 2275 ἀφ’
548 2191 661 2256 ἑαυτοῦ
691 2191 742 2255 καὶ
779 2190 1050 2274 ἀποπλαττόμσνον
1078 2197 1212 2258 πυκνοῦν
1247 2193 1295 2256 τὸν
1330 2185 1393 2268 depo

314 2293 455 2382 vadriaco
479 2299 581 2382 φησίν,
610 2298 735 2364 ἄτοπον.
785 2303 914 2365 Sensum
939 2299 1019 2362 huuc
1041 2317 1108 2362 esse
1134 2301 1247 2366 voluit:
1277 2301 1394 2378 „rome

314 2403 448 2483 (eliictae
468 2405 497 2470 iu
519 2411 590 2470 aire
613 2409 765 2491 imaginis)
784 2406 1014 2491 inpressionem
1041 2407 1072 2470 iu
1093 2408 1219 2474 oculum
1237 2408 1301 2476 sole
1317 2399 1394 2468 intem

312 2517 406 2591 pultat,
415 2514 522 2576 eodem
532 2515 625 2578 modo
638 2537 700 2599 quo
715 2517 816 2582 lucem
828 2517 920 2580 oculo
930 2513 1075 2592 affundat
1085 2518 1167 2598 qnod
1177 2520 1245 2600 ipse
1258 2514 1392 2598 significan

311 2617 438 2684 videtur.
480 2619 654 2667 ******
696 2625 776 2690 Narn
796 2625 880 2708 quod
904 2622 964 2685 ulio
985 2621 1057 2684 loco
1080 2622 1161 2700 dicit,
1182 2625 1280 2706 ipsum
1300 2619 1393 2687 oculum

312 2727 460 2806 repellere
489 2751 506 2790 a
535 2749 569 2792 sc
596 2730 767 2796 attinentem
793 2737 895 2794 adrem
929 2749 1024 2811 eaque
1059 2731 1176 2794 ratione
1203 2722 1394 2816 quodamnodo

312 2831 444 2897 solidum
464 2837 601 2916 reddere,
628 2838 792 2903 absurdum
823 2837 896 2902 esv’
938 2837 1166 2918 Philippsonins
1189 2838 1263 2908 ἴσως
1280 2841 1395 2913 interpre-

311 2947 392 3003 tatur
404 2945 485 3023 pari
503 2945 601 3024 modo,
630 2949 685 3010 sed
717 2949 776 3010 boc
797 2948 869 3012 loco
890 2947 943 3010 illa
962 2965 1024 3008 vox
1045 2947 1190 3009 vertenda
1218 2954 1264 3011 est
1274 2945 1394 3030 sortusv·

313 3049 444 3114 Oculum
465 3053 658 3118 Democritus
688 3063 778 3119 vocat
806 3055 859 3137 τὴν
883 3049 966 3136 ὄψιν,
993 3060 1027 3114 ut
1054 3053 1148 3133 paulo
1180 3055 1302 3118 interius
1318 3061 1395 3112 aurem

312 3154 365 3237 τὴν
389 3157 496 3240 ἀκοήν.
540 3162 655 3225 Prioris
683 3162 824 3226 vocabuli
850 3181 938 3224 usum
965 3159 1055 3224 simili
1082 3161 1236 3225 Plutarchi
1263 3163 1328 3224 locu
1347 3149 1395 3232 περὶ

311 3264 609 3352 πολυπραγμοσύνης
629 3289 697 3351 pag.
720 3271 779 3331 521
805 3268 879 3350 (vol.
901 3269 969 3331 Vlll
998 3287 1066 3349 pag.
1088 3270 1130 3332 70
1150 3270 1197 3332 ed.
1222 3269 1332 3348 Reislr.)
1351 3277 1395 3322 nu

310 3369 377 3432 nire
402 3373 504 3436 studet
529 3376 738 3450 Burclrardus;
769 3396 830 3458 quo
859 3383 958 3440 unm
986 3377 1016 3438 in
1038 3396 1072 3438 re
1096 3385 1168 3439 nota
1187 3379 1237 3440 vix
1259 3393 1331 3457 opus
1349 3365 1394 3429 luit.

311 3477 472 3542 Caeterum
495 3481 763 3566 ἀποπλαττόμενον
796 3485 844 3546 lric
872 3485 1002 3546 inedium
1031 3490 1086 3561 est,
1115 3504 1176 3546 non
1205 3483 1356 3566 passivum,
1372 3478 1394 3534 ll

311 3585 377 3649 vult
398 3587 631 3670 Philippsonius.

398 3698 446 3759 16.
492 3696 552 3760 Atti
577 3701 682 3780 legunt
702 3699 839 3782 διαμένει
866 3699 1026 3780 probatum
1044 3699 1241 3777 Selrueidero‚
1263 3699 1314 3762 sed
1333 3694 1393 3754 recu

310 3803 518 3884 praetulorrmt
537 3806 689 3889 ὃναμίμνεν
702 3807 896 3868 Burchardus
915 3815 945 3866 et
965 3805 1197 3886 Philippsonius,
1220 3815 1254 3872 ut
1273 3827 1289 3866 e
1309 3806 1394 3865 Demv

308 3911 375 3972 criti
402 3913 504 3974 verbis
532 3913 678 3975 relictum.
728 3891 1108 3998 Scripsimus'bmro'xouc
1136 3935 1194 3996 pro
1222 3915 1334 3994 uulgato
1358 3897 1392 3962 ill

308 4017 342 4078 τὸ
367 4017 471 4102 τάχος,
491 4039 584 4101 quum
605 4020 667 4084 loci
683 4029 790 4084 natura
809 4021 985 4085 adverbium
1001 4021 1115 4102 flagitet
1136 4032 1167 4088 et
1187 4030 1310 4106 propter
1323 4011 1392 4076 vtrl¹

307 4125 387 4208 ταχὺ
419 4124 598 4188 σκίδνασθαι
628 4129 658 4190 in
686 4129 854 4209 fragmento
882 4129 1028 4211 sequenti.
1073 4131 1248 4194 Schneideri
1268 4125 1390 4203 conjectu·

307 4247 366 4306 ras,
387 4231 438 4311 qui
461 4235 675 4298 sententiarum
699 4236 836 4298 ordinem
863 4239 972 4300 mutari
993 4238 1105 4315 voluit,
1135 4238 1302 4302 omittimus.
1337 4221 1391 4288 l'nl·
