2932 4862
294 261 359 328 360
628 261 823 325 tluocotiooem
851 258 1085 314 Democriteum

298 451 328 511 p.
350 433 391 494 ta
415 431 526 494 collato
552 428 676 494 Eusebii
696 427 768 490 Ιοοο
793 428 934 508 Praepar.
957 425 1069 505 Eveng.
1090 445 1120 505 p.
1142 425 1202 487 675
1225 423 1273 486 ubi
1290 423 1370 484 eaden

299 538 363 600 iere
391 538 484 601 verba
517 543 648 614 exstant,
676 536 733 598 nisi
757 534 839 617 quod
869 553 927 614 pro
965 531 999 594 bn
1023 534 1074 594 νῦν
1094 529 1172 614 ἠέρα
1196 530 1321 594 scribibur
1344 526 1371 591 ei

299 645 351 708 νῦν
379 643 398 724 ἡ
429 643 530 728 ἑτέρα,
562 645 642 726 apud
668 642 855 706 Clementem
882 641 1008 704 rescribi
1034 639 1126 718 jussit
1145 635 1223 700 εἶναί
1240 657 1310 722 τινρς
1327 635 1372 698 bii·

298 771 373 832 γους
388 749 500 833 γράφοι
521 754 580 814 τῶν
610 750 721 834 λογίων
747 747 919 832 ἀνθρώπων
945 745 1157 813 ἀνατείναντας
1177 742 1227 814 τὰς
1244 749 1334 830 χεῖρας
1351 741 1373 808 ἐς

299 854 433 935 τούτους,
469 855 522 925 οὓς
551 860 602 922 νῦν
632 854 757 940 ἑτέρους
783 853 936 937 καλέομεν
965 854 995 916 οἱ
1017 847 1168 934 Ἕλληνες
1196 875 1223 914 κ.
1243 875 1267 914 c.
1286 854 1308 912 λ
1329 851 1373 910 hoe

299 983 408 1028 sensu:
452 965 565 1042 „Pauci
587 963 750 1043 hominurn,
773 963 824 1046 qui
848 962 977 1025 deorum
997 967 1027 1024 et
1048 960 1183 1042 gentium
1203 959 1374 1041 imprimisque

298 1071 413 1152 petrino
446 1071 602 1134 historiam
636 1071 745 1135 callent
775 1070 828 1150 (et‘.
854 1069 893 1131 de
919 1087 997 1132 voce
1028 1065 1131 1148 λόγιος
1158 1069 1294 1132 Herodot.
1318 1065 1374 1140 itt

298 1197 367 1240 eum
387 1179 489 1242 adnot
511 1179 646 1243 Gronov.
678 1185 708 1240 et
732 1175 915 1256 wesseling.
939 1176 977 1237 ad
997 1174 1125 1238 Diodor.
1147 1177 1182 1254 li,
1205 1179 1238 1258 t)
1258 1189 1306 1237 eos
1322 1173 1375 1234 ade·

298 1290 367 1345 rant
388 1285 472 1363 deos,
502 1305 580 1368 ques
606 1293 727 1366 praeter
755 1287 862 1348 Jovem
891 1301 1076 1358 veneramur,
1103 1283 1205 1346 emnia
1224 1282 1315 1363 potius
1329 1298 1375 1339 mu-

298 1409 379 1468 nera,
400 1413 478 1474 quae
499 1413 557 1458 nes
585 1393 709 1474 singulis
732 1390 905 1456 numinibus
927 1388 1126 1466 attribuimus,
1146 1391 1186 1451 ad
1206 1390 1305 1452 toveu
1319 1387 1375 1448 rete

298 1497 429 1564 rentes.''
478 1501 561 1564 idem
591 1501 630 1562 de
655 1499 756 1562 verbis
786 1496 819 1559 ὃν
845 1499 897 1559 νῦν
924 1495 1003 1580 ἠέρα
1030 1493 1184 1580 καλέομεν
1214 1496 1244 1558 ei
1257 1489 1376 1575 'Eripe

299 1605 385 1686 quasi
413 1607 655 1688 indignabundus
682 1607 738 1669 ait:
770 1624 860 1683 „num
888 1613 976 1686 antea
1004 1622 1082 1665 voce
1103 1603 1166 1688 ἀὴρ
1188 1624 1248 1668 non
1268 1604 1309 1664 usi
1326 1605 1376 1662 suut

298 1710 428 1776 Graeci?
469 1714 640 1777 Ridiculum
670 1732 742 1777 sane
771 1708 1007 1775 cemmenmm.”
1049 1711 1117 1774 Nos
1146 1713 1178 1775 iu
1195 1712 1306 1792 vrdgato
1323 1707 1376 1770 seri

296 1825 395 1898 ptura,
418 1840 495 1901 quae
517 1822 709 1885 commodum
727 1839 848 1884 sensum
869 1817 1005 1899 praebet,
1025 1819 1252 1900 acquiescimus.
1292 1819 1376 1878 Demo-

297 1923 392 1988 critus
423 1928 502 1990 enim
534 1929 571 1990 de
599 1929 725 1991 decnum
749 1927 942 1991 veneratione
969 1925 1080 1988 alicubi
1119 1927 1269 1990 disserens
1296 1942 1375 1987 eorum

298 2051 419 2115 quoque
437 2036 619 2098 mentionem
642 2037 723 2114 iecit,
748 2035 800 2118 qui
819 2039 919 2096 adrem
939 2039 1080 2114 tunquam
1099 2034 1210 2097 iovem
1234 2031 1375 2096 adorabant

296 2141 340 2203 ite
353 2143 528 2206 Herodotus
556 2144 595 2204 de
621 2143 722 2206 Persis
751 2143 803 2205 lib.
826 2143 848 2220 l,
874 2141 951 2204 131:
983 2139 1012 2204 oi
1035 2140 1070 2203 bt
1092 2141 1252 2224 νομίζουσι
1270 2139 1314 2224 Διῒ
1330 2133 1375 2219 μέν,

298 2247 348 2312 ἐπὶ
369 2248 406 2311 ed
432 2249 609 2334 ὑψηλότατα
631 2253 690 2312 τῶν
715 2248 833 2333 οὐρέων
856 2247 1079 2333 ἀναβαίνοντες,
1094 2246 1207 2318 θυσίας
1227 2247 1325 2332 ἔρδειν,
1341 2243 1374 2304 τὀν

297 2353 408 2418 κύκλον
433 2356 532 2419 πάντα
553 2360 608 2420 τοῦ
634 2355 769 2440 οὐρανοῦ
801 2355 859 2419 Δία
880 2352 1049 2422 καλέοντες.
1101 2357 1196 2437 Quod
1218 2350 1375 2420 autemdicit

286 2459 332 2524 dn
354 2466 406 2526 νῦν
428 2461 508 2548 ἠέρα
527 2463 681 2545 καλέομεν
709 2465 739 2527 oi
760 2459 922 2545 Ἓλληνες,
950 2461 980 2523 id
999 2462 1224 2528 Heimsoethius
1243 2463 1280 2525 ad
1297 2462 1375 2541 poetas

298 2569 485 2632 Graecorum
508 2579 539 2633 et
558 2572 796 2652 mythegrapbos
818 2576 957 2650 spectare
978 2575 1072 2649 putat,
1092 2573 1146 2652 qui
1167 2578 1267 2635 adrem
1285 2587 1332 2650 per
1347 2561 1376 2623 al·

293 2674 441 2756 legoriam
461 2679 509 2740 dei
527 2679 649 2741 nomine
670 2677 895 2760 appellaverint.
937 2677 1010 2753 Non
1032 2681 1203 2757 putaverim
1217 2681 1273 2742 boe
1287 2667 1376 2739 ostendi

295 2803 396 2864 posse.
440 2785 519 2847 Nom
550 2786 606 2848 etsi
632 2784 761 2848 Goelum
791 2780 963 2866 (Οὐρανόν)
993 2786 1189 2850 veterrimum
1222 2788 1377 2849 Graecorum

296 2891 386 2952 deum
411 2892 505 2955 tuisse
533 2893 614 2970 scio,
642 2892 759 2955 nullum
790 2897 887 2953 temen
915 2893 986 2954 novi
1016 2894 1215 2974 scriptorem,
1236 2893 1284 2976 qui
1302 2895 1376 2952 tinent

297 2998 409 3062 diserte
421 3000 537 3078 iovem,
555 3001 592 3062 de
610 3019 671 3082 qne
693 3001 740 3062 bie
760 2999 920 3081 quaerimur,
932 3001 1140 3063 nominaverit.
1174 3002 1254 3083 Quin
1265 3001 1299 3062 nb
1309 2993 1376 3060 enoi-

295 3103 355 3168 bus
379 3127 448 3169 eum
468 3109 546 3171 dove
568 3110 679 3172 caeteri
702 3107 743 3168 dii
764 3112 913 3168 vocantur
934 3105 1034 3190 etbe'pt
1045 3107 1190 3185 ναίοντες,
1207 3105 1376 3192 Οὐρανίωνες,

296 3210 433 3294 diriperet
455 3213 573 3297 δώματ’
599 3213 722 3300 ἔχοντες
750 3226 806 3276 etc.
856 3213 920 3276 Sed
948 3214 1090 3296 quoniam
1112 3217 1275 3280 multorum
1299 3213 1376 3293 potito·

295 3338 362 3382 rum
395 3323 527 3385 earmina
552 3324 723 3405 perierunt,
752 3321 846 3384 nolim
873 3322 951 3383 hanc
977 3322 1174 3386 Heimsoetbii
1205 3327 1376 3403 conjecturor

297 3446 425 3508 prorsus
444 3431 625 3511 improbare.
674 3432 790 3493 Verum
818 3429 983 3491 verborum
1016 3429 1050 3493 ὃν
1081 3433 1133 3494 νῦν
1157 3431 1236 3516 ἠέρα
1256 3424 1375 3505 καλέομεν

290 3535 320 3596 oi
352 3531 503 3619 Ἕλληνες
530 3540 629 3602 πάντα
661 3541 742 3600 bunc
775 3557 897 3600 sensnm
932 3557 1000 3600 esse
1029 3539 1155 3619 opinor.-
1202 3525 1375 3634 Antiquissimi

297 3645 487 3708 Graecorum
520 3651 629 3728 potitae
664 3651 765 3708 adrem
798 3645 875 3707 bene
907 3645 1092 3726 distinguunt
1124 3646 1163 3707 ab
1191 3647 1318 3718 aethere,
1342 3653 1375 3697 ⁵¹1·

297 3753 434 3831 periores
455 3753 534 3816 coeli
553 3756 693 3836 regiones
716 3774 827 3836 easque
857 3753 980 3834 puriore
1000 3773 1073 3816 nura
1092 3754 1231 3835 repletas,
1260 3750 1375 3815 ubi
1325 3745 1375 3806 d

192 3939 194 3945 Ι
299 3881 366 3924 rum
388 3862 491 3924 sedern
512 3882 579 3926 esse
604 3863 728 3943 tingunt,
752 3863 880 3926 aetheris
911 3861 1032 3925 nomine
1061 3862 1237 3936 vocitantes,
1264 3853 1374 3921 interiere

300 3969 409 4046 omnin,
432 3970 485 4031 ubi
509 3971 642 4034 crassior
662 3971 758 4052 spirat
786 3991 870 4048 eura,
896 3975 997 4033 ae'rem
1017 3990 1084 4034 esse
1105 3975 1273 4033 statuentes.
1308 3950 1374 4043 9⁸⁰³

300 4077 463 4140 discrimen
483 4098 663 4160 quamquam
685 4099 722 4142 ne
743 4079 859 4161 posteri
880 4079 1001 4161 quidem
1025 4078 1112 4141 obliti
1131 4087 1209 4153 sunt,
1230 4085 1316 4137 tamen
1333 4067 1373 4126 Db

296 4184 417 4246 moeniti
438 4205 513 4244 aevo
536 4193 565 4246 et
594 4187 722 4248 fortasse
744 4190 807 4265 janu
828 4187 921 4268 paulo
944 4187 1028 4267 prius
1048 4206 1159 4250 nemen
1176 4185 1238 4268 ἀήρ
1260 4182 1292 4243 de
1308 4185 1373 4238 nnn
