2956 4860
268 309 288 372 4
597 305 794 368 Quaestionum
821 303 1055 360 Democriteum

269 493 345 552 csse,
371 493 410 536 ne
437 474 475 534 ab
505 473 541 536 iis
563 470 684 554 quidem
707 471 759 554 qui
776 469 1011 554 Arpcdenaptae
1026 471 1033 504 ¹
1048 470 1077 551 ¹)
1110 473 1192 553 apud
1213 470 1385 555 Aegyptios

341 721 380 782 ¹¹)
398 721 447 780 Qui
468 719 565 770 luerint
581 718 795 782 hrpcdenapiae,
815 719 881 778 sive,
898 719 929 766 ut
947 715 1020 780 apud
1039 718 1184 770 Eusebium
1204 721 1384 782 nominantur,

270 802 515 865 nrsepauonaptoe,
535 802 651 864 ingenue
672 800 788 849 littteras
806 799 866 848 bist
887 799 947 862 phii.
968 812 993 863 p.
1015 797 1073 850 eal.
1097 815 1128 850 se
1148 801 1253 852 nescire
1275 801 1381 852 latetur.

271 884 329 944 lies,
348 884 398 932 uisi
417 897 461 932 me
482 883 545 932 laellit
562 881 674 940 anianus,
687 879 821 930 intellectu
837 879 920 928 facilis
939 881 987 928 est.
1015 880 1265 944 hrpedenaptarum
1284 896 1383 932 nemen

270 967 318 1014 aut
336 965 527 1028 aegyptiacam
557 964 604 1011 aut
626 961 759 1009 Graecum
785 973 854 1022 esse,
877 973 963 1024 ceqtre
985 959 1118 1024 designari
1145 962 1288 1011 deciorum
1308 977 1383 1026 que-

270 1045 385 1096 rendam
415 1046 551 1095 heminam
577 1053 661 1104 genus
685 1041 783 1089 artium
811 1041 1060 1092 mathematicorum
1089 1043 1254 1104 studiosum,
1285 1047 1384 1106 sponte

271 1131 352 1190 patet.
385 1127 578 1190 Aegyptiarum
603 1136 663 1172 essa
688 1124 763 1171 ratus
780 1125 823 1170 est
839 1120 1009 1172 iablonskius
1024 1123 1171 1186 Protagora
1191 1123 1226 1173 ad
1245 1125 1384 1174 Pantlleen

271 1207 462 1271 Acgyprlierum
497 1209 555 1270 pag.
582 1201 667 1253 xciv,
698 1203 743 1266 qui
768 1203 853 1252 allatis
885 1203 925 1252 his
953 1202 1098 1252 Democriti
1128 1202 1232 1254 verbis:
1266 1205 1383 1268 „Lingua

270 1289 469 1352 aegyptiorum,
482 1287 574 1350 lnquit,
595 1273 716 1348 nebris,
739 1282 821 1332 nabat
846 1283 893 1344 (Cf.
911 1283 1063 1346 Thesaurus
1082 1283 1241 1346 Epistolicus
1263 1286 1383 1335 lm-cre-

271 1369 364 1419 alarius
386 1369 459 1418 Tem.
478 1368 495 1415 l.
523 1381 548 1430 p.
569 1365 751 1428 tantaleam
771 1363 884 1416 articulo
903 1366 1009 1428 genens
1029 1364 1165 1415 indefinite
1189 1357 1384 1432 ἰγ-πώποτ,

272 1449 416 1508 u-nebal,
439 1447 594 1510 designetur
619 1446 726 1516 νοήμων
749 1447 865 1510 sapiens,
893 1445 1027 1496 intellectu
1055 1445 1165 1508 pellens.
1212 1449 1267 1500 Erit
1292 1450 1384 1515 itaque

272 1517 616 1596 ερ-νιετ-ογνιεὰκτ,
644 1525 836 1592 hrpcdanabat
856 1527 965 1590 proprie
990 1521 1003 1576 ό
1025 1523 1145 1596 πράττων
1161 1525 1195 1577 τό
1212 1532 1266 1579 τῶν
1284 1528 1382 1599 aegpt-

163 1665 170 1676 ,
271 1627 335 1672 νων,
355 1612 404 1672 rei,
422 1611 493 1674 qued
511 1611 580 1661 idern
599 1613 640 1660 cst
658 1603 824 1675 νοημονινός,
837 1609 913 1672 qirasi
933 1607 1008 1658 dicas
1027 1620 1088 1658 cum
1116 1609 1161 1672 qui
1181 1613 1222 1660 cst
1239 1625 1270 1661 ex
1288 1613 1384 1663 ordine

271 1695 324 1741 τῶν
343 1689 503 1760 rengione?
535 1689 691 1755 liujusmedi
711 1686 828 1757 νοήμονα
854 1703 870 1736 a
888 1689 1004 1739 Lucieno
1025 1690 1050 1738 in
1069 1688 1245 1753 Pbilepseude
1264 1690 1383 1742 describi

272 1773 413 1832 existimat,
437 1773 514 1835 eujrrs
540 1777 568 1822 et
592 1773 680 1822 lecum
699 1770 832 1832 opinionis
850 1783 915 1820 suaa
934 1770 1082 1822 firmandae
1104 1783 1187 1820 ceusu
1205 1771 1290 1822 allent
1331 1773 1383 1822 Ut-

272 1867 379 1916 cuuque
397 1866 427 1902 se
449 1852 531 1902 liubet
549 1852 615 1902 hacc
635 1852 783 1915 explicatio,
803 1863 883 1916 quam
905 1851 967 1902 lerri
987 1864 1068 1914 pesse
1085 1864 1165 1901 neme
1185 1865 1237 1903 non
1255 1854 1335 1912 videt,
1357 1856 1383 1905 id

272 1938 346 1985 certe
372 1947 504 1998 apparere
526 1932 700 1993 arbitremur,
722 1945 833 1994 recem,
854 1935 882 1982 ui
907 1945 979 1982 nunc
995 1933 1068 1995 apud
1088 1933 1251 1983 Clementem
1278 1933 1383 2002 legitur,

272 2029 367 2080 puram
392 2017 485 2077 putam
507 2026 568 2064 csse
586 2025 718 2076 graecam,
744 2014 802 2062 sire
821 2027 917 2077 graece
945 2015 1135 2076 interpretatus
1155 2015 1197 2064 est
1212 2013 1384 2064 Democritus

271 2095 463 2158 Aegyptiorum
489 2093 663 2154 vocabulum,
690 2094 747 2144 sive
774 2095 868 2157 exiguo
894 2095 1042 2144 laetatione
1069 2095 1095 2143 in
1123 2093 1236 2145 termam
1256 2107 1383 2158 graecam

271 2176 381 2237 redegit.
419 2175 484 2224 Nam
501 2175 574 2239 qued
592 2175 664 2238 apud
686 2174 829 2225 Eusebium
848 2179 891 2225 est
911 2169 1165 2245 Ἀροιποὰονὰπται,
1193 2174 1266 2240 qued
1285 2179 1313 2226 et
1329 2175 1383 2226 Ja-

271 2257 408 2307 blonslrius
428 2257 442 2304 i.
460 2254 475 2306 l.
494 2255 629 2318 reprobat,
648 2269 736 2320 neque
760 2269 792 2306 ca
818 2258 907 2321 grucel
925 2269 1019 2320 ¹neque
1046 2267 1077 2305 ex
1102 2255 1224 2320 Aegyptii
1249 2259 1383 2308 sermonis

271 2337 374 2403 legibus
396 2336 511 2399 persolvi
530 2339 626 2400 potest
656 2337 760 2399 Quippe
778 2335 876 2387 lulliiur
887 2337 999 2400 Vigerus
1012 2334 1106 2385 hdnet.
1125 2335 1160 2386 ad
1178 2335 1279 2386 Euseb.·
1292 2337 1384 2388 lectum

271 2423 347 2482 (extr.
365 2418 426 2480 rel.)
448 2411 695 2485 Ἀροεποὰονὰπτοι,
720 2417 797 2479 curjurs
821 2415 881 2466 loco
902 2418 928 2466 ln
949 2415 1133 2480 manuscripto
1152 2419 1269 2481 quedam
1288 2417 1384 2470 codice

271 2493 577 2568 πνοΙοἈρσιποδονόπτοι
590 2497 639 2560 legi
653 2497 775 2558 affirmat,
783 2497 962 2559 cernpusitum
977 2509 1038 2547 esse
1050 2499 1149 2560 putans
1161 2511 1193 2548 ar
1205 2495 1286 2567 ἁρονς,
1297 2495 1379 2550 nidor

260 2585 299 2633 ‚et
317 2576 401 2637 όπτω,
427 2591 480 2642 que
508 2579 569 2630 nihil
595 2579 657 2642 ilngi
680 2581 771 2642 petest
793 2579 917 2642 ineptius.
957 2577 1004 2628 Est
1025 2581 1115 2628 autem
1132 2573 1345 2648 Ἀρπεὰονὰπτης
1368 2577 1382 2630 ἁ

270 2659 422 2734 dpatientia
443 2657 587 2727 ἁπτόμενος
611 2661 657 2725 qui
683 2659 790 2710 lenibus
809 2660 867 2710 sire
888 2659 1010 2709 tuniculis
1027 2661 1176 2722 occupatur
1195 2660 1210 2709 i.
1228 2673 1251 2709 e.
1269 2661 1314 2724 qui
1334 2659 1383 2710 tu-

270 2743 372 2794 nicules
392 2753 473 2791 manu
500 2744 604 2791 tractat
639 2739 783 2802 Originatlo
807 2740 885 2803 baJus
904 2739 1026 2800 neminis,
1052 2739 1124 2804 qued
1148 2753 1180 2790 ex
1203 2735 1331 2808 ἁρπεδόνη
1355 2745 1384 2792 et

270 2822 352 2889 ἅππης
378 2823 417 2882 (ut
438 2823 509 2872 enirn
532 2836 547 2871 a
574 2818 663 2890 ρόπτω
686 2817 794 2889 paterne,
818 2821 858 2870 sie
882 2818 916 2870 ab
938 2815 1012 2868 ἁπτω
1033 2815 1114 2887 dorne
1136 2820 1232 2871 deduci
1252 2835 1333 2885 posse
1356 2823 1382 2874 in

269 2905 396 2966 premplu
413 2903 463 2962 est)
482 2903 595 2962 constat,
609 2902 665 2962 jem
682 2901 810 2952 adnotata
825 2904 867 2952 est
886 2913 900 2950 a
920 2900 1083 2951 Schneidere
1103 2900 1128 2949 in
1148 2901 1209 2952 Lex.
1229 2904 1279 2962 Gr,
1299 2917 1382 2968 quern

270 2987 359 3032 turneu
387 2993 483 3029 murum
508 2985 551 3032 cst
574 2969 726 3043 dubitasse,
744 2993 906 3044 greccamne
925 2993 959 3030 un
980 2982 1138 3046 Aegyptium
1156 2983 1192 3032 sit
1211 2982 1383 3036 vocabtdum.

270 3063 343 3112 ldcrn
363 3059 427 3109 citat
444 3059 556 3112 llcinesii
575 3061 620 3124 Ep.
636 3063 670 3113 ad
684 3063 812 3112 Nestoras
831 3077 856 3124 p.
869 3059 910 3109 25.
933 3061 1088 3113 Scluneideri
1107 3047 1287 3124 dubitatle,'si
1306 3069 1383 3116 recle

268 3154 393 3204 augurer,
413 3139 475 3190 inde
493 3145 552 3192 orla
571 3144 636 3203 erat,
657 3142 730 3207 qued
747 3154 846 3192 nomen
862 3143 900 3192 rei
920 3143 1111 3206 significandae
1128 3159 1182 3194 non
1202 3147 1267 3196 satis
1286 3149 1382 3209 aptum

265 3219 410 3286 iudicabat.
438 3221 561 3273 Attamen
583 3223 625 3272 vix
646 3222 757 3274 dubium
776 3225 823 3285 est,
836 3221 899 3287 quin
917 3237 970 3274 nen
988 3225 1037 3275 nisi
1056 3226 1167 3290 evulgo
1186 3225 1381 3290 Aegyptiorum

267 3305 428 3367 geometrae,
456 3302 490 3352 de
515 3303 613 3366 quibus
640 3303 757 3368 loquitur
782 3303 959 3366 Democritus,
987 3307 1076 3356 uocati
1096 3307 1150 3356 siut
1171 3300 1381 3376 Ἀρπιόονόπτοιι

267 3387 283 3436 i.
302 3397 324 3434 ο.
344 3382 467 3444 lanigeri,
491 3383 514 3432 si
534 3385 594 3446 qais
614 3384 722 3434 latinam
742 3397 854 3444 recem,
881 3396 951 3449 quae
978 3385 1013 3436 ad
1039 3399 1153 3449 graecae
1179 3389 1382 3440 similitudinem

268 3463 387 3521 accedat,
414 3460 529 3512 formare
556 3464 625 3514 velit
668 3465 798 3523 Quoniam
824 3464 926 3514 seilicet
949 3467 1045 3530 vulgus
1070 3471 1222 3530 geometras
1244 3469 1303 3520 sive
1322 3471 1381 3534 agri

266 3553 406 3597 mensores
427 3543 453 3591 in
472 3543 607 3594 mellendo
628 3557 692 3607 agre
713 3547 822 3608 praeter
846 3545 896 3593 alia
914 3547 1091 3598 instrumenta
1111 3549 1146 3599 ad
1161 3549 1230 3598 banc
1247 3563 1305 3600 rem
1325 3563 1381 3602 oe-

267 3624 386 3678 ccssaria
408 3621 514 3674 lienibus
534 3625 571 3672 uli
591 3624 702 3684 viderat,
727 3626 813 3687 impar
841 3626 955 3676 ier-tasse
970 3627 1132 3679 inveniende
1151 3629 1252 3678 nemini
1269 3629 1303 3679 ad
1323 3643 1381 3680 ne·
1475 3631 1476 3646 ¹

265 3706 378 3759 tandum
403 3703 456 3752 hec
484 3703 651 3754 eruditorum
675 3704 813 3754 bominum
836 3720 922 3770 genus
946 3707 1012 3757 satie
1038 3707 1135 3758 idonee
1164 3707 1296 3774 [κοίρανον
1320 3710 1381 3762 illes

266 3785 415 3854 appellavit.
433 3783 510 3842 Quod
528 3785 550 3833 si
561 3797 614 3833 nen
629 3783 663 3834 de
677 3785 741 3836 viris
752 3786 839 3837 doctis
859 3787 911 3838 bec
928 3787 987 3838 loce
1000 3792 1133 3852 ageretur,
1153 3789 1204 3840 sed
1223 3790 1257 3840 de
1274 3804 1380 3854 opera·
1475 3809 1476 3816 ¹

265 3859 538 3935 πῑίο,Ἀρπιόονὰπτοι
555 3866 687 3929 agricolae
708 3879 815 3931 queque
837 3879 897 3917 esse
918 3871 1037 3930 possent
1061 3869 1165 3920 Etenim
1185 3869 1295 3934 colliges
1314 3872 1379 3924 licet
1475 3891 1476 3896 ¹

266 3965 299 4002 ex
315 3945 428 4010 llesyclu.
447 3959 470 3996 v.
484 3940 622 4014 ἁρπεδόναι
641 3947 861 4010 significationem
880 3947 955 3998 vocis
971 3942 1109 4017 ἁρπεδόνη.
1126 3949 1178 4001 hauc
1196 3952 1379 4014 pertinentem
1475 3957 1476 3972 ³

264 4044 344 4097 qinom
369 4025 459 4078 omisit
483 4025 512 4076 ll.
531 4027 682 4090 Stephanus
708 4027 783 4078 Thes.
809 4029 835 4078 L.
855 4029 898 4078 Gr.
925 4041 946 4078 e.
964 4027 990 4076 b.
1012 4040 1036 4078 ν.
1057 4043 1191 4094 quamque
1211 4033 1379 4085 recentiores
1475 4033 1476 4046 ¹

261 4109 438 4172 lexicographi
465 4111 619 4164 accuratius
646 4123 781 4172 exponere
806 4109 987 4173 neglexerunt
1025 4104 1155 4178 ἁρπεδόνη
1174 4111 1299 4162 nimirum
1318 4127 1376 4176 pu·
1475 4139 1476 4204 ρ

262 4195 387 4244 testatem
412 4189 534 4243 vocabuli
559 4191 686 4258 primitivi
705 4186 784 4259 ἁρπη,
801 4202 834 4240 ex
852 4203 906 4256 que
926 4201 980 4240 una
997 4202 1059 4240 cum
1080 4187 1200 4260 ἁρπεὰὼν
1220 4191 1376 4246 derivatum
1475 4219 1476 4248 l

260 4275 309 4334 esi,
326 4272 431 4334 relinet,
457 4273 492 4324 ila
521 4277 551 4324 ut
568 4273 669 4338 puriter
687 4275 768 4338 atque
787 4269 850 4322 illud
868 4269 961 4322 lalccm
982 4271 1111 4336 designet.
1145 4272 1295 4337 Hesychius
1318 4273 1375 4328 sic:
