2932 4862
317 304 382 370 368
423 349 427 357 .
648 303 843 366 uenationem
861 302 1095 360 Democriteum

320 473 463 550 δασειῶν,
491 471 544 534 καὶ
569 471 713 555 χλωρῶν,
741 469 793 533 καλ
819 467 961 554 ἀν3ηρῶν
992 471 1127 556 βοτανῶν
1155 471 1273 534 πλείονα
1291 467 1383 532 ἔσονται

318 581 370 644 καί
396 577 434 643 τὰ
464 578 570 644 ὕδατα.
598 613 639 628 -
679 576 708 662 §-
733 579 782 642 35.
824 581 863 660 γῆ
894 577 1086 663 ἀργιλλιίιδης
1111 580 1264 660 exponitur
1279 577 1297 659 ή
1314 573 1383 656 λευκή

318 688 370 751 xci
389 686 512 770 καθαροί
539 708 557 751 a
581 687 677 751 Suida
704 693 735 748 et
761 687 885 750 Timaeo
913 689 986 748 Lex.
1014 707 1042 749 v.
1069 686 1142 750 Piat
1187 689 1243 749 Pro
1271 679 1385 766 αὐχμηρὰ

318 799 358 879 σή
386 793 472 877 ῥύσιὶ
498 797 669 876 squallentes
686 797 789 881 flatu
812 795 976 876 praedita,
1010 796 1122 858 rectius
1156 793 1245 856 edidit
1267 789 1386 854 Nicluius

319 900 466 986 αὐχμηρὰ
493 905 533 986 νή
567 901 672 984 φύσεις
713 909 784 966 tunc
815 900 962 986 αὐχμηροί
984 909 1055 964 sunt
1080 901 1214 964 dora-ida.
1240 933 1276 948 -
1310 895 1334 980 ξ.
1351 897 1386 958 36.

319 1013 380 1075 Pro
401 1011 543 1094 γληνώδη
572 1010 732 1090 legendum
760 1009 907 1092 γλοιῶδη.
954 1009 1035 1072 Male
1063 1009 1215 1073 Niciasius
1232 1006 1340 1070 Arcadii
1353 1023 1388 1064 ex-

320 1118 514 1200 plicationem
541 1117 649 1199 γλήνη,
679 1117 695 1179 d
727 1114 821 1200 ’ριἰπος
843 1115 923 1180 citat.
966 1117 1013 1178 Ex
1032 1117 1088 1178 hac
1109 1117 1188 1180 enim
1209 1135 1266 1177 nou
1284 1112 1388 1196 seqnitur

318 1225 475 1308 γληνώδη,
497 1233 530 1288 ut
554 1225 619 1306 ipse
646 1224 719 1301 vult,
739 1226 816 1288 verti
837 1231 981 1306 oportere
1004 1226 1122 1286 Ιιῶιοια.
1145 1261 1183 1274 -
1222 1221 1249 1308 fi.
1269 1224 1311 1286 37.
1342 1239 1387 1279 συν·

320 1330 412 1401 ὁδους
446 1333 579 1415 appellnt
613 1339 758 1396 samium
795 1333 906 1396 diversi
936 1331 1049 1395 coloris
1081 1331 1160 1395 inter
1188 1332 1248 1394 duo
1281 1326 1388 1398 utura

319 1459 397 1522 quae
419 1449 450 1502 et
471 1441 538 1521 ipsa
566 1439 672 1504 colore
695 1440 847 1516 ditiorum,
877 1439 1056 1519 interjectae.
1105 1439 1158 1503 Fit
1176 1441 1250 1502 enhu
1270 1455 1354 1514 saepe,
1366 1437 1388 1492 ut

319 1547 447 1630 priorum
460 1549 591 1610 effossae
603 1555 701 1610 terrae
722 1548 885 1610 tabulatum
902 1547 1021 1627 nigrum
1040 1547 1087 1624 sit,
1110 1547 1273 1610 secundum
1289 1543 1389 1612 nrbrun

318 1665 408 1738 atque
438 1663 473 1717 ut
504 1655 582 1718 inter
606 1661 766 1736 utrumque
797 1654 873 1718 eiius
902 1654 1022 1734 generis
1049 1661 1195 1731 stratura,
1223 1653 1302 1716 verbi
1324 1665 1389 1711 causa

319 1761 481 1838 maculosa,
508 1763 685 1843 reperiatur.
717 1795 758 1808 -
798 1759 827 1846 §-
854 1762 903 1824 38.
948 1762 1121 1824 Lectiouem
1147 1754 1390 1844 ὑπομελανιζοὺσις

317 1877 401 1932 recte
427 1872 619 1950 praeoptavit
645 1869 798 1933 Niciasius
828 1869 915 1932 alteri
945 1867 1237 1938 ὑποπιλανιίοίσας.
1281 1870 1322 1928 De
1341 1879 1389 1922 νοτ.

319 1974 441 2044 ίίνθους
465 1978 539 2040 haec
563 1976 759 2040 scholiastes:
798 1973 944 2054 Ἴίνθους,
974 1973 1039 2037 οίον
1066 1973 1229 2060 ἐκρὺματα
1248 1970 1355 2055 σκληρά,
1371 1963 1390 2026 οἱ

318 2083 353 2146 δὲ
373 2081 475 2148 ίόνίλον
498 2084 551 2167 τήν
577 2082 709 2167 ἀκμαίαν
732 2088 798 2167 γῆν.
839 2079 878 2146 Oi
900 2081 935 2144 δὲ
957 2080 1010 2150 τὰς
1035 2081 1141 2152 δασεῖς
1160 2083 1212 2146 καί
1231 2077 1333 2144 πυκνὰς
1348 2071 1389 2136 iai

316 2195 377 2254 τῶν
402 2195 529 2275 τριχῶν,
555 2190 609 2258 τὰς
635 2189 692 2274 γὰρ
722 2195 782 2255 τῶν
808 2193 920 2276 τριχῶν
951 2187 1034 2272 μίξας
1062 2188 1187 2259 ίόνθους
1217 2187 1323 2269 ἔλεγον.
1357 2179 1389 2242 Ci-

315 2301 446 2379 Hesych.
471 2318 500 2362 ν.
520 2297 671 2374 iactatae,
698 2298 800 2362 Schol.
824 2306 854 2361 et
874 2299 1007 2361 Eustath.
1038 2299 1076 2360 ad
1103 2299 1162 2361 Od.
1185 2297 1210 2375 ξ,
1229 2299 1275 2360 50.
1309 2285 1390 2355 hiediti

318 2404 440 2473 ίόνίλουτ
461 2413 572 2470 vocant
591 2427 689 2470 uaros.
741 2405 821 2468 Vide
847 2407 985 2470 Gessium
1007 2407 1259 2488 iatrosophistam
1275 2398 1390 2468 Probten.

317 2513 357 2577 33
380 2521 411 2576 et
432 2514 474 2575 rhi
495 2517 587 2578 Conr.
616 2515 792 2576 Gesnerurn.
837 2514 1013 2578 Tenendum
1032 2522 1145 2577 tantum
1170 2533 1260 2576 varos
1278 2505 1391 2574 inerim

315 2617 387 2687 τοὺς
407 2623 462 2682 τοῦ
488 2623 656 2704 προσώπου
687 2620 803 2705 πόρους
829 2623 964 2704 impiere.
1013 2628 1115 2705 Quare
1136 2621 1289 2684 Niciasius
1306 2619 1390 2678 senten

315 2727 386 2789 hum
407 2726 470 2790 loci
492 2728 522 2790 in
546 2729 626 2792 hunc
646 2731 770 2792 modum
790 2731 944 2812 explanat:
967 2732 1094 2807 „Patrem
1111 2729 1288 2810 promittunt
1306 2735 1391 2803 aquata

315 2853 392 2916 quoe
415 2841 486 2896 sunt
507 2836 670 2917 subnigrae
696 2844 727 2900 et
755 2837 973 2921 aliquantulum
993 2857 1133 2917 porosae.
1178 2838 1251 2900 Pori
1269 2851 1333 2896 vero
1350 2841 1392 2887 non
1421 2857 1422 2860 =

315 2941 426 3004 debent
448 2943 507 3006 alia
526 2943 660 3020 materia,
687 2965 831 3008 verorum
856 2963 951 3023 more,
978 2963 1045 3008 esse
1067 2944 1228 3008 obturati.”
1248 2977 1286 2992 -·
1321 2937 1344 3021 §-
1359 2931 1392 2994 39·

312 3045 442 3130 πτέρναι
468 3051 638 3130 Hesychius
668 3053 746 3114 inter
773 3051 831 3114 ntia
857 3070 925 3114 esse
958 3051 1032 3114 dicit
1056 3051 1093 3114 rai
1123 3049 1241 3137 ἔσχατα
1268 3047 1335 3132 μέρη
1351 3043 1390 3100 titt

314 3153 405 3236 ἀρῶν.
443 3157 521 3219 Sunt
541 3159 631 3239 igitur
650 3158 850 3242 ardmachi.
873 3158 1074 3222 extremitates
1093 3167 1249 3240 petrarum
1267 3158 1391 3220 subterra

314 3281 390 3342 quae
416 3264 533 3327 radices
552 3267 657 3330 vocari
676 3271 904 3330 consueverunt.

397 3367 426 3431 3.
469 3370 603 3436 Eandem
626 3394 698 3453 reni,
725 3375 763 3436 de
791 3393 851 3455 qua
877 3365 1072 3436 Democritus
1098 3380 1223 3452 tractat,
1253 3373 1297 3434 his
1319 3359 1391 3427 verbi
1420 3353 1421 3368 ¹

313 3475 438 3556 exponit
458 3479 686 3561 Theophrastus
709 3485 743 3544 C.
760 3482 792 3543 P.
814 3481 843 3557 3,
868 3483 922 3543 19:
944 3477 1071 3565 λίήτρας
1094 3477 1307 3563 ἐξαιρεθείσης,
1324 3465 1390 3554 ipsit

312 3581 385 3666 ῦᾶρΕ
408 3583 530 3666 γίνεται,
560 3588 594 3651 τὸ
622 3587 656 3650 δὲ
683 3587 823 3670 γίγαρτον
851 3585 888 3649 οὐ
916 3587 1038 3668 γίνεται.
1085 3588 1159 3650 ibid.
1182 3592 1213 3664 5,
1233 3591 1267 3650 5:
1285 3572 1390 3661 Ἀγιῖίί

310 3713 381 3760 τους
402 3691 456 3776 μὲν
481 3693 538 3778 γὰρ
559 3698 683 3758 ποιοῦσι
704 3693 776 3762 τοὺς
799 3691 907 3778 βότρυς
929 3692 1118 3778 ἐξαιροῦντες
1138 3695 1191 3777 τήν
1217 3694 1335 3778 μήτραν,
1350 3671 1388 3758 &7⁴¹
1419 3775 1420 3780 η

309 3797 346 3882 ἧς
363 3799 476 3881 γίνεται
496 3801 530 3863 τὸ
551 3801 701 3886 γίγαρτον.
744 3801 818 3864 ibid.
839 3823 865 3864 c.
886 3804 919 3864 7:
947 3799 1113 3886 Συμβαίνει
1133 3802 1169 3865 δὲ
1190 3801 1242 3863 καὶ
1265 3798 1294 3859 ἐν
1315 3791 1391 3854 diiii
1419 3805 1420 3867 ί

311 3906 425 3990 μορίοιν
454 3914 542 3972 τινῶν
572 3907 809 3993 ἀφαιρουμένων
835 3911 933 3970 ποιεῖν
961 3927 1027 3969 τινα
1048 3907 1215 3992 διαφοράν·
1244 3906 1338 3982 ὥσπερ
1356 3887 1390 3953 :h

309 4010 484 4097 cinctione,
521 4015 592 4078 ὅταν
626 4015 644 4097 ἡ
676 4015 775 4098 μήτρα
805 4019 860 4076 τοῦ
891 4013 1046 4096 κλήματος
1074 4013 1188 4097 ξυσίλῇ,
1217 4011 1287 4078 τοὺς
1311 4002 1390 4090 papa

308 4117 489 4204 ἀγιγσὶρτους
511 4121 597 4185 εἶναι.
639 4124 686 4185 cf.
700 4121 819 4184 Colum.
841 4122 914 4184 hrb.
937 4125 966 4199 9,
988 4123 1016 4184 3.
1059 4121 1136 4186 Plin.
1160 4124 1209 4199 17,
1225 4122 1264 4183 12
1286 4101 1387 4194 (ιιλιίί

307 4223 369 4303 35)
403 4227 515 4291 Pallae,
547 4231 576 4306 3,
607 4233 656 4292 ⁸29.
705 4230 864 4292 Praeterea
897 4229 1105 4293 observandus
1140 4235 1185 4290 est
1221 4205 1387 4378 Theophrp‘ti
1418 4319 1419 4355 μ

1365 4335 1387 4374 0.
