2892 4872
248 311 293 378 w
582 311 777 374 Quaestionum
797 309 1030 370 [imperiumn

249 479 393 546 sienne
412 461 539 544 reue
559 477 591 540 u
612 476 739 540 omne.
758 477 807 556 m,
830 481 880 542 ιι.

399 583 499 638 Τοῦτον
518 585 565 639 οθν
585 583 630 636 τὸν
649 578 823 656 Δημόκριτον,
843 585 977 658 πάνσοφον
997 583 1160 660 θπηρημένον

395 663 480 720 Ἀλλά
502 666 580 740 μνρ1α
598 663 699 736 λέγουσι
717 665 809 738 δρᾶσαι
827 672 880 720 τῶν
899 667 1051 739 τεραστ1ων,

400 743 453 800 Καί
468 764 497 816 ηε
514 745 558 798 τδν
569 742 662 816 Ἀιδην
681 753 821 820 ιιατασριῖν
835 753 903 820 τρεῖς
916 746 979 807 dtur
998 747 1040 820 1φ’
1063 747 1176 820 ἡμέρας·

396 823 498 900 'Aprum
517 825 622 900 θιρμοὶς
641 827 668 881 έν
690 825 803 896 dripere
824 833 916 881 τοῦτον
936 825 1134 902 Εινοδοχοῦντα.

248 919 360 982 Laertii
378 919 481 982 locum
502 921 728 1001 descripserunt
746 921 855 984 Snidne
879 939 904 983 s.
915 939 944 984 ν.
961 919 1151 1004 Δημόκριτος
1171 928 1202 984 et
1227 921 1365 983 Eudociu

248 1027 330 1091 Viol.
354 1027 385 1090 in
409 1027 527 1092 Villois.
550 1027 664 1090 hnecd.
685 1029 738 1090 Gr.
760 1029 774 1090 l
798 1049 827 1109 p.
846 1029 915 1092 135.
954 1027 1216 1111 neptunalici
1238 1029 1365 1092 eandem

248 1155 314 1198 rem
333 1143 436 1198 narrat
447 1135 620 1200 Athenaeus
643 1137 728 1215 cujus
741 1137 815 1200 haec
837 1144 908 1200 sunt
919 1139 1014 1200 verbe
1033 1137 1142 1200 elibro
1159 1139 1187 1200 ll
1207 1160 1238 1219 p.
1254 1139 1306 1200 16.
1315 1138 1363 1200 F.:

250 1241 439 1328 Δημόκριτον
462 1243 551 1308 τόνδε
571 1245 622 1306 τὸν
641 1241 825 1328 Ἀβδηρίτην
847 1243 939 1328 λόγος
964 1243 1031 1330 ἔχει
1059 1244 1109 1308 διὰ
1138 1249 1235 1329 γῆρας
1262 1244 1365 1315 ἐξάξαι

250 1350 342 1414 αὑτὸν
375 1351 562 1436 διεγνωκότα
595 1353 650 1413 τοῦ
680 1353 745 1434 ζῆν,
771 1351 823 1414 καὶ
851 1351 1040 1438 ὑφαιροῦντα
1066 1355 1120 1437 τῆς
1146 1355 1265 1436 τροφῆς
1292 1351 1362 1414 καθ’

249 1458 378 1541 ἑκάστην
400 1458 530 1544 ἡμέραν,
559 1458 626 1522 ἐπεὶ
655 1458 688 1520 αἱ
713 1462 773 1522 τῶν
806 1457 1030 1546 Θεσμοφορίων
1051 1459 1167 1544 ῆμέραι
1189 1457 1364 1542 ἐνέστησαν,

249 1565 419 1650 δεηθεισῶν
439 1571 500 1630 τῶν
524 1567 644 1632 οἰκείων
665 1571 816 1648 γυναικῶν
840 1569 881 1654 μὴ
905 1568 1072 1631 ἀποθανεῖν
1092 1566 1171 1631 κατὰ
1196 1567 1250 1651 τὴν
1272 1568 1364 1651 πανῆ-

248 1695 342 1758 ηοριν,
366 1673 451 1744 ὅπως
478 1675 657 1762 ἑορτάσωσι,
689 1677 864 1760 πεισθῆναι,
893 1675 1080 1739 κελεύσαντα
1102 1674 1224 1761 μέλιτος
1244 1675 1364 1757 ἀγγεῖον

250 1780 334 1866 αὐτῷ
353 1781 482 1864 πλησίον
503 1783 727 1869 παρατεθῆναι·
748 1785 800 1848 καὶ
817 1785 963 1868 διαζῆσαι
981 1783 1100 1868 ἡμέρας
1121 1782 1225 1851 ἱκανὰς
1244 1783 1297 1847 τὸν
1318 1780 1364 1845 άν-

226 1913 228 1918 ’
249 1891 308 1976 δρα
325 1893 365 1974 τῆ
383 1888 444 1952 ἀπὸ
467 1893 521 1953 τοῦ
538 1889 658 1974 μέλιτος
678 1892 822 1977 ἀναφορᾷ
841 1891 920 1976 μάνη
944 1894 1123 1977 χρώμενον·
1143 1891 1194 1953 καὶ
1217 1889 1296 1976 μετὰ
1314 1889 1365 1957 τὰς

248 1994 366 2081 ἡμέρας
377 1992 405 2074 ⁶)
438 1997 664 2084 βασταχθέντος
692 2004 746 2063 τοῦ
780 1998 902 2085 μέλιτος
923 1999 1099 2063 ἀποθανεῖν.
1136 1994 1269 2083 Ἔχαιρε
1292 1998 1363 2060 δὲό

249 2101 439 2186 Δημόκριτος
468 2104 517 2168 ἀεὶ
540 2110 584 2191 τῷ
613 2106 726 2192 μέλιτι·
764 2107 816 2172 καὶ
844 2109 922 2194 πρδς
945 2108 996 2172 τδν
1025 2106 1219 2192 πυθόμενον,
1241 2111 1309 2174 πῶς
1330 2103 1364 2168 ἂν

250 2211 341 2294 ὑμῶς
365 2233 407 2280 τις
427 2210 536 2294 διάγοι,
557 2210 627 2298 ἔφη,
650 2215 679 2277 εἰ
702 2214 817 2301 τὰμὲν
846 2214 930 2284 έντδς
952 2214 1049 2300 μέλιτι
1073 2214 1188 2301 βρέχοι,
1207 2214 1245 2278 τά
1269 2213 1297 2277 δ’
1320 2213 1364 2276 έκ-

247 2319 300 2388 τθς
331 2317 436 2405 tiele.
488 2321 591 2384 lnedie
621 2324 831 2388 Democritum
864 2343 920 2387 sue
947 2331 1057 2406 sponte
1086 2323 1199 2388 obiisse
1232 2325 1366 2387 reserrmt

248 2427 399 2492 Lucienus
418 2425 449 2510 ⁷)
481 2436 512 2492 ct
541 2431 678 2512 Phlegon
698 2431 739 2515 ⁸).
790 2432 952 2498 Lucretius
988 2453 1111 2516 quoquc
1143 2433 1196 2496 lib.
1215 2435 1256 2495 111
1286 2453 1365 2496 vere

251 2539 332 2601 1052
350 2557 433 2620 seqq.
465 2535 641 2621 philosophi
665 2541 841 2605 Abderitani
874 2547 1004 2604 mortem
1036 2540 1237 2604 voluntariam
1271 2541 1365 2604 luisse

249 2645 363 2710 scribit.
404 2645 457 2708 Ait
479 2647 573 2710 enim:

402 2754 523 2821 Denique
543 2757 728 2810 Democritum
746 2763 892 2825 postquem
911 2763 1018 2810 motura
1035 2761 1158 2811 uetustus

402 2835 548 2888 Admonuit
565 2852 699 2890 memores
720 2843 809 2891 motus
829 2841 1003 2904 languescere
1021 2841 1128 2904 mentis,

402 2917 503 2980 Sponte
523 2931 573 2970 sua
591 2921 644 2972 lein
666 2924 748 2984 ceput
767 2919 864 2972 obvius
885 2920 980 2972 obtulit
997 2922 1063 2984 ipse.

248 3003 423 3070 Ridiculum
452 3017 498 3072 cst
523 3011 607 3096 quod
635 3013 718 3092 epud
744 3011 910 3074 Antonium
937 3010 1089 3074 hlelissam
1111 3021 1142 3072 et
1159 3007 1369 3091 Maximum⁹)

249 3114 346 3177 Serm.
371 3115 410 3178 de
434 3125 533 3180 morte
550 3118 669 3199 legitur,
696 3120 905 3183 Democritum
925 3125 1138 3202 aegrotantem,
1158 3139 1254 3204 quum
1273 3117 1303 3180 iu
1327 3120 1368 3182 lc-

320 3357 342 3418 ⁶)
369 3355 408 3406 Do
429 3355 534 3408 dierum
562 3371 685 3424 numero,
704 3373 753 3425 per
772 3373 841 3425 quos
868 3357 1075 3411 celebrabuntur
1094 3359 1313 3424 Thermophoriu,
1334 3360 1367 3411 ci.

250 3435 363 3487 Cusuub.
385 3435 420 3486 ed
440 3437 514 3502 Diog.
534 3437 549 3488 l.
570 3451 593 3490 c.
612 3441 709 3492 Meurs.
731 3443 756 3492 in
775 3442 887 3494 Graecia
907 3441 1055 3491 Feriatuet
1074 3439 1308 3493 incendisset
1330 3443 1368 3492 De

249 3516 516 3580 Thesmophoriuzus.
539 3519 640 3569 Comici
658 3523 800 3584 posterior.
821 3537 847 3586 p.
862 3518 887 3574 1.
914 3520 1057 3572 Rostochii.
1079 3516 1153 3570 1831.

321 3607 343 3672 'l
367 3608 474 3659 Lucinn.
501 3611 529 3658 in
553 3611 670 3663 Macrob.
696 3613 770 3665 Tum.
791 3615 824 3664 111
851 3627 876 3678 p.
895 3609 944 3664 iil
964 3613 1005 3664 ed.
1023 3612 1109 3662 licite:
1139 3603 1302 3683 Δημόκριτος
1321 3610 1368 3680 μὲν

251 3683 448 3822 δὴζρλερρηρίτης
480 3685 545 3740 ἐτῶν
572 3689 685 3761 γεγονὼς
713 3691 847 3766 τεσσάρων
873 3692 920 3746 καὶ
942 3689 1034 3744 iecere
1063 3689 1245 3762 άπασρέμενος
1270 3697 1369 3765 τροφῆς

322 3862 344 3926 ⁸]
364 3861 480 3926 Phlegon
500 3863 647 3914 Trallianus
667 3865 800 3930 Longaev.
818 3877 879 3929 cop.
897 3867 919 3916 11
937 3881 962 3930 p.
976 3863 1026 3916 118
1045 3865 1087 3916 ed.
1106 3864 1164 3915 Joh.
1185 3869 1279 3930 Geum.
1301 3867 1368 3920 Frid.

253 3943 359 4075 {eunte}
378 3936 541 4082 ῆημθτριτος
568 3940 713 4016 Αβδηρέτης
726 3944 771 4013 ἔτη
788 3943 881 4002 iaccho
897 3945 1018 4017 τέσσαρα.
1039 3941 1206 4013 'finivimus
1225 3945 1253 3998 δὲ
1271 3949 1369 4017 τροφῆς

189 4085 194 4096 ¹
275 4055 289 4076 ⁶·
324 4039 463 4177 matun.
481 4117 509 4166 et
526 4116 592 4168 ilex„
611 4117 628 4170 i.
646 4119 662 4172 1.
690 4114 853 4191 Δημόκριτος
877 4117 989 4190 νοσήσας
1012 4118 1057 4170 οιαὶ
1080 4113 1205 4188 ληθάρηιρ
1225 4114 1369 4188 περιπεσὼν

254 4191 301 4328 φησι
313 4191 452 4345 mehir,
471 4193 547 4250 οθδέν
566 4213 607 4265 με,
628 4195 689 4270 1φη,
708 4198 897 4274 ἐξαπατῆσιιῆ
919 4197 1057 4272 φιλοζωΐα,
1074 4201 1120 4253 καὶ
1137 4198 1258 4272 dih-{uper
1278 4195 1369 4250 tuerit
