2892 4872
276 311 338 378 1oe
609 307 806 372 nutatim-
832 307 1064 365 umerum

358 479 436 544 vlu.
462 479 513 541 99.
536 474 637 540 Αἰτίαι
657 475 728 561 πτρί
747 473 886 561 φωνέων,

465 585 515 650 30.
537 584 638 648 Αἰτίαι
657 585 728 669 περὶ
752 584 932 668 σπερμάτων
953 584 1004 647 καί
1026 587 1130 668 φυτῶν
1152 585 1204 648 καί
1221 587 1344 668 καρπῶν,
1437 595 1438 616 ν

466 693 517 757 31.
539 690 640 755 Αἰτίαι
660 692 730 776 περί
753 693 842 764 ζώων
862 689 898 774 γ,

463 803 513 864 39.
535 798 637 864 Αἰτίαι
658 797 816 884 ξόμμικτοι
835 799 904 883 περὶ
923 801 977 882 τῆς
995 801 1094 865 λίδοο.

326 939 364 1008 D.
414 933 547 1032 Scripta
570 931 820 1009 mathematica.

359 1054 415 1116 IX.
465 1055 516 1118 33.
539 1051 615 1138 Περὶ
636 1055 787 1138 διαφορῆς
806 1054 937 1136 γνώμης,

467 1163 518 1226 34.
540 1159 616 1246 Περὶ
638 1159 769 1247 ψαύσιος
789 1159 903 1224 κύκλου
926 1162 977 1225 καί
997 1165 1137 1250 σφαίρας,

464 1268 515 1334 35.
537 1269 614 1354 Περὶ
633 1269 822 1354 γεωμετρίης
840 1269 859 1352 ἡ
886 1271 1098 1356 γεωμετρικόν,

465 1379 515 1442 36.
534 1375 687 1462 Ἀριθμοί.

361 1485 404 1549 X.
465 1487 516 1552 37.
538 1485 614 1572 Περὶ
635 1484 757 1569 ἀλόγων
779 1484 945 1570 γραμμέων
970 1487 1021 1550 καί
1041 1491 1158 1553 ναστῶν
1183 1487 1219 1574 β’,

465 1594 515 1658 38.
532 1589 778 1677 Ἐκπετάσματα,

468 1703 519 1768 39.
542 1699 647 1786 Μέγας
665 1701 802 1770 ἐνιαυτός
826 1701 845 1786 ἢ
871 1699 1073 1788 άστρονομίης
1088 1703 1288 1787 παράπηγμα,

465 1811 516 1874 49.
531 1803 669 1892 Ἅμιλλα
689 1809 874 1895 κλεψύδρας.

361 1919 417 1983 xl.
468 1919 519 1982 41.
542 1913 792 2002 Οὐρανογραφίη,

467 2026 518 2089 49.
540 2021 735 2108 Γεωγραφίη,

465 2133 515 2196 43.
539 2128 752 2216 Πολογραφίη,

466 2241 517 2303 44.
535 2236 783 2324 Ἀκτινογραφίη.

324 2373 361 2446 Ε.
412 2369 547 2469 Scripta
572 2370 713 2448 musica.

360 2493 430 2558 XII.
467 2493 519 2557 45.
542 2489 617 2578 Περί
640 2491 765 2577 ροδμιῗιν
785 2491 838 2556 καί
860 2491 1017 2578 ἁρμονίης,

469 2600 521 2664 46.
544 2596 619 2684 Περὶ
639 2601 788 2685 ποιήσιος,

468 2709 519 2771 47.
542 2704 619 2792 Περὶ
639 2708 831 2793 καλλοσύνης
850 2706 961 2771 ἐπέων.

469 2815 520 2879 48.
541 2812 617 2901 Περὶ
639 2814 790 2903 εὐφώνων
815 2816 866 2879 καί
887 2815 1058 2901 δοσφιόνων
1080 2813 1277 2896 γραμμάτων.

361 2923 445 2987 ΧΠΙ.
467 2923 518 2988 49.
541 2920 617 3009 Περὶ
631 2920 774 3010 *Ομήροιρ
796 2923 816 3008 ἦ
841 2921 1024 3009 ὀρθοεπείης
1042 2921 1093 2985 καί
1114 2918 1289 3004 γλωσσέων,

472 3033 522 3094 59.
544 3028 621 3116 Περὶ
642 3031 760 3117 ἀοιδῆς,

471 3143 521 3203 51.
544 3137 620 3224 Περί
642 3139 797 3224 ῥημάτων,

469 3249 520 3310 59.
537 3243 768 3331 Ὀνομαστικόν.

326 3381 361 3452 F.
410 3376 544 3475 Scripta
563 3379 728 3455 technica.

367 3497 453 3561 XIV.
473 3499 524 3563 53.
547 3496 732 3582 Πρόγνωσις,

476 3601 625 3689 5441294
648 3604 801 3692 διαίτηςῆ
826 3610 1017 3696 διαιτητικόν,

471 3715 522 3776 55.
539 3709 670 3798 ’ἰητρικὴ
693 3715 811 3800 γνώμη,

469 3821 519 3884 56.
541 3818 643 3884 Αἰτίαι
663 3822 732 3907 περὶ
751 3823 916 3911 όκαιριέων
937 3828 989 3892 καί
1012 3825 1215 3912 ἐπικαιριέων.

362 3924 436 3990 XV.
470 3931 520 3992 57.
542 3925 619 4014 Περὶ
638 3930 827 4018 γεωργίηςῆ
855 3934 1031 4021 γεωργικόν,
1148 3927 1173 3974 ‘⁰

473 4038 524 4100 58.
545 4033 623 4122 Περὶ
644 4039 829 4124 ζωγραφίης,

411 4151 418 4163 “
473 4145 523 4209 59.
546 4141 702 4224 Τακτικόν,

468 4251 518 4315 60.
536 4246 781 4337 Ὁπλομαχικόν.
