2984 4876
556 310 754 375 errrtiorur
779 309 1012 367 Democriteum

223 477 259 542 δλ
278 476 321 548 τίς
341 476 450 542 ὁποίαν
479 475 538 550 ἕξιν
571 475 606 542 ἂν
636 477 771 562 ιίςέλδγγ,
801 476 958 562 διαφέρειν
986 474 1043 542 οὐκ
1067 475 1186 562 ὀλίγον·
1213 479 1264 542 τισὶ
1284 477 1334 540 διδι

222 589 312 649 τοῦτο
331 586 377 648 ’τδ
407 583 482 650 αῦτδ
511 586 672 666 τάναντία,
701 585 752 649 οιαὶ
776 583 919 648 τάναντία
947 585 982 648 τδ
1011 584 1086 649 αὐτὸ
1116 587 1216 656 πάθος
1236 589 1333 649 ποιεῖν

222 688 328 758 toton.
372 695 605 776 Theophrastus
631 694 703 758 ibid.
727 697 777 758 67.

660 831 722 908 nupt
737 833 898 910 χρώματων.

308 927 358 991 30.
401 923 591 1010 Δημόκριτος
606 926 696 1011 φύσιν
714 927 768 1011 μὲν
784 926 879 1011 μηδὲν
903 925 981 990 εἶναι
999 929 1125 1011 χρῶμα,
1141 926 1179 990 τὰ
1202 925 1257 1010 μὲν
1277 924 1335 1009 γὰρ

223 1039 361 1119 στοιχεῖα
392 1032 498 1114 ἄποια,
531 1035 569 1098 ταί
600 1057 632 1097 τε
668 1033 764 1118 pacari
797 1035 848 1097 ιιαλ
867 1034 901 1098 τδ
923 1033 1027 1098 κενόν·
1056 1032 1094 1097 τὰ
1125 1033 1152 1097 δ’
1182 1032 1212 1103 ἐξ
1235 1032 1340 1096 αῦτιῖινΙ

170 1201 175 1210 .
223 1141 411 1226 συγκρίματα
431 1141 610 1226 ιιεχρῦισδαι
628 1142 759 1225 διαταγῇ
775 1164 808 1204 τι
826 1143 877 1206 καὶ
898 1141 1008 1228 ῥυθμῷ
1029 1142 1080 1206 καὶ
1098 1144 1268 1226 προτροπῇ,
1291 1140 1334 1200 ὧν

222 1249 242 1333 ἡ
267 1248 321 1333 μέν
345 1247 409 1312 ἐστι
429 1249 520 1325 τάξις,
549 1249 568 1332 ἡ
598 1249 633 1314 δὲ
657 1253 774 1336 σχῆμα,
802 1250 822 1332 ἡ
855 1251 890 1312 δὲ
918 1249 1020 1319 δέοις·
1048 1247 1134 1334 παρὰ
1160 1254 1255 1313 ταῦτα
1277 1247 1335 1330 γὰρ

225 1358 257 1420 σί
277 1357 450 1443 φαντασίαι.
492 1353 617 1422 Τούτων
646 1359 681 1420 δὲ
709 1363 769 1420 τῶν
797 1357 874 1443 πρὸς
900 1357 953 1441 τὴν
974 1357 1142 1443 φαντασίαν
1161 1356 1335 1442 χρωμάτων

222 1463 363 1549 τέτταρες
384 1467 416 1529 oi
438 1465 598 1550 διαφοραί,
618 1465 743 1546 λευκοῦ,
766 1465 908 1550 μέλανος,
932 1464 1077 1550 ἐρυθροῦ,
1100 1467 1238 1550 χλωροῦ.
1265 1465 1336 1527 Sto-

223 1573 318 1638 bacus
341 1575 447 1655 Eulog.
466 1576 554 1658 phys.
574 1576 627 1639 lib.
648 1577 662 1637 1
684 1595 751 1657 cap.
774 1578 811 1640 17
844 1593 913 1656 pag.
934 1575 995 1637 364
1019 1593 1104 1658 seqq.
1125 1574 1171 1636 cd,
1191 1575 1280 1635 iicer.

308 1682 357 1746 31.
401 1679 456 1744 Διδ
471 1683 587 1765 μᾶλλον
604 1680 744 1766 εὔλογον,
758 1685 888 1765 σώματα
902 1681 979 1745 εἶναι
994 1681 1153 1765 ἀδιαίρετα
1174 1671 1242 1732 --’-
1259 1677 1335 1760 ὅπερ

223 1791 309 1851 ποιεῖ
328 1787 533 1872 Δημόκριτος·
566 1789 613 1852 διδ
646 1790 697 1854 καί
724 1791 833 1874 χροιὴν
865 1789 902 1854 οὔ
932 1809 1023 1874 φησιν
1046 1787 1134 1868 εἶναι,
1157 1783 1259 1872 τροπῇ
1277 1783 1335 1869 γὰρ

223 1895 484 1980 χρωματίζισδαι.
530 1897 713 1962 Aristotcles
734 1900 943 1980 degeneret
963 1917 1045 1961 corr.
1071 1898 1093 1976 l,
1115 1900 1145 1961 2.

308 2004 359 2067 32.
403 1999 472 2066 Τῦιν
501 2003 537 2067 δὲ
563 2007 738 2090 χρωμάτων
767 2007 851 2070 ἁπλᾶ
877 2007 930 2090 μὲν
954 2005 1037 2086 λέγει
1059 2004 1203 2088 τέτταρα·
1226 2001 1335 2064 λευκὸν

225 2110 280 2194 μὲν
300 2105 354 2173 οὖν
382 2108 460 2174 εἶναι
485 2112 520 2176 τδ
551 2115 649 2176 λεῖον·
684 2111 701 2176 δ
726 2113 784 2199 γὰρ
813 2111 848 2176 ἂν
873 2115 914 2196 μὴ
940 2113 1049 2197 τραχύ,
1077 2109 1149 2197 μηδ’
1176 2109 1335 2190 ἐπισκιάζιρ

226 2217 305 2300 μηδὲ
326 2219 487 2283 δυσῦίοδόν
516 2243 553 2297 τι,
580 2224 719 2283 τοιοῦτον
746 2223 805 2282 πᾶν
829 2221 968 2302 λαμπρὸν
1000 2219 1087 2283 εἶναι.
1144 2217 1202 2280 Δεῖ
1230 2215 1336 2278 δὲκαὶ

225 2321 402 2410 ιίιδῦτρυπσ
423 2327 474 2392 καὶ
506 2328 615 2412 διαυγῆ
638 2327 676 2390 τὰ
704 2325 830 2412 λαμπρὰ
859 2325 944 2390 εἶναι
996 2323 1044 2390 Τὰ
1068 2327 1121 2410 μὲν
1144 2323 1197 2388 οὖν
1221 2323 1337 2406 σκληρὰ

224 2524 384 2588 Praeterea
411 2526 442 2588 in
468 2539 558 2611 quem
587 2527 758 2607 (corporis)
784 2525 917 2590 habiturn
946 2527 1058 2589 incidat
1085 2545 1186 2606 sapor,
1208 2523 1336 2586 multum

224 2631 379 2710 interesse,
393 2632 525 2717 ideoque
541 2635 617 2712 fieri,
629 2641 663 2696 ut
678 2634 783 2698 eadem
793 2635 949 2715 (corporis
959 2635 1069 2715 nostri)
1081 2633 1199 2696 affectio
1219 2639 1337 2694 contra-

223 2739 282 2818 ria,
300 2746 331 2803 et
358 2743 511 2805 contraria
539 2743 664 2806 eandem
686 2743 878 2807 affectionem
898 2735 1115 2825 nonnun‘quam
1135 2741 1301 2804 exhibeant

676 2869 716 2920 De
736 2870 880 2922 coloribus.

309 2958 359 3022 30.
401 2960 595 3048 Democritus
616 2960 690 3022 nihil
707 2980 764 3041 per
782 2981 817 3024 sc
837 2962 974 3024 colorem
993 2979 1062 3022 esse
1082 2959 1167 3035 dixit,
1189 2977 1259 3018 nant
1277 2955 1338 3018 ele

224 3071 324 3129 mento
355 3067 494 3149 quidem,
518 3069 641 3148 plenum
670 3074 701 3131 et
733 3069 835 3146 inane,
866 3070 978 3132 nullam
1010 3066 1183 3149 qualitatem
1217 3065 1338 3139 trabere,

224 3193 302 3255 quac
326 3182 426 3237 entem
447 3197 485 3239 ex
514 3177 560 3239 his
589 3183 819 3256 componantur,
847 3177 1046 3253 ordinatione,
1074 3177 1172 3237 formo
1193 3179 1223 3234 et
1243 3171 1337 3235 coilo-

224 3281 352 3356 oatione,
363 3282 393 3342 id
406 3288 452 3344 cst
465 3284 581 3360 ordine,
593 3285 688 3364 figura
702 3291 732 3346 ct
754 3287 815 3348 situ
839 3279 987 3359 coio'ruri;
1007 3285 1077 3347 inde
1097 3283 1177 3344 enim
1192 3280 1257 3343 tiori
1270 3299 1338 3359 per-

224 3387 380 3468 ceptiones
389 3390 490 3468 (vise).
518 3391 669 3455 Colorum
684 3400 783 3454 autem
798 3393 865 3456 visu
880 3401 1093 3474 perceptorum
1106 3397 1251 3474 quattuor
1270 3405 1338 3448 esse

225 3515 336 3577 genera
351 3495 473 3560 intersc
494 3499 612 3562 diversa
623 3501 734 3579 album,
749 3501 878 3582 nigrum,
897 3503 1030 3578 rubrum,
1044 3499 1172 3563 viridem
1192 3496 1336 3560 colorem.
1461 3505 1485 3532 ·

309 3605 360 3667 31.
401 3609 596 3686 Quapropter
622 3609 718 3690 nragis
741 3615 977 3673 consentancum
996 3609 1095 3684 suerit,
1118 3624 1251 3686 corpora
1271 3619 1339 3662 esse

228 3711 381 3774 individua
403 3751 472 3762 -
493 3715 575 3796 quod
596 3717 792 3780 Democritus
823 3716 940 3785 statuit:
970 3713 1117 3799 quocirca
1146 3721 1177 3775 ct
1204 3711 1342 3774 colorem

226 3841 289 3884 nou
311 3820 384 3883 dicit
404 3839 481 3898 esso,
503 3823 705 3886 'collocatione
728 3824 808 3886 enirn
827 3824 969 3888 colorari.
1371 3899 1374 3908 ,

314 3929 363 3992 32.
407 3929 554 3994 Colonum
578 3939 719 4013 quattuor
745 3953 856 4014 genera
882 3931 1032 4014 simplicia
1051 3947 1118 3990 esse
1141 3927 1227 3998 dicit:
1253 3931 1343 4006 atque

228 4037 331 4100 album
356 4037 478 4119 quidem
500 4059 567 4102 csse
590 4040 689 4104 laevo:
716 4041 799 4122 quod
828 4040 908 4102 cniru
938 4059 1036 4122 neque
1058 4057 1199 4117 asperum
1221 4036 1269 4110 sit,
1293 4051 1344 4092 ne-

227 4164 287 4226 que
309 4144 478 4224 obumbret,
497 4167 596 4228 neque
617 4148 781 4212 difficulter
804 4149 843 4211 sit
859 4147 1006 4229 pervium,
1026 4147 1058 4208 id
1077 4165 1167 4208 omnc
1183 4139 1345 4206 cmdiduur

229 4271 306 4314 csso.
348 4251 487 4319 Candida
519 4275 595 4320 voro
627 4263 657 4320 et
691 4243 773 4320 recte
808 4257 963 4338 perioruta
993 4261 1025 4319 et
1059 4251 1246 4318 trmsluoida
1277 4263 1345 4310 esso
