2892 4872
343 303 429 360 Liber
448 302 485 362 il.
516 302 559 358 lic
576 303 726 358 Democriti
745 304 865 377 scriptia.
1102 307 1160 376 127

63 492 112 536 suo
130 474 253 554 signare.
301 469 441 536 Ananim
464 476 565 534 antem
589 467 792 554 χειρόκμητον
818 471 989 552 dicebatur,
1016 478 1077 540 boc
1103 484 1158 556 est,

63 600 139 642 manu
161 581 327 664 sculptum,
361 598 451 643 mauu
484 577 679 640 elaboratum.
731 579 917 660 Hesychius:
951 580 1157 666 χειρόκμητα·

61 687 261 771 χειροποίητα,
284 687 379 772 ἤγουν
411 685 470 748 bad
491 689 605 769 χειρῶν
627 684 816 768 γεγενημένα
868 689 1022 753 Eudemus
1042 691 1159 754 eretor

62 792 86 853 iu
96 795 214 858 Lerdco:
234 794 432 880 χειρόκμητα,
447 791 508 855 ἀπὸ
523 793 636 876 χειρῶν
660 791 889 880 γεγλυμμέναῆ
907 795 1157 880 κατειργασμένα.

59 901 154 966 Suidas
178 901 387 988 χειρόκμητα·
424 899 486 964 ἀπὸ
517 901 630 983 χειρῶν
656 899 864 982 γεγλυμμένα,
889 902 910 986 ἢ
941 901 1157 987 κατεέεᾶμόνα.

60 1007 125 1070 lliuc
152 1010 242 1090 igituir
276 1010 356 1072 libro
384 1007 554 1071 Democriti
581 1006 687 1074 tibulus
713 1003 926 1091 Χειρόκμητα,
961 1011 1045 1092 qnod
1075 1018 1158 1074 totus

59 1123 126 1202 osset
145 1137 181 1180 ex
202 1118 264 1180 illis
294 1115 522 1198 quaestiouibus
547 1135 621 1196 quas
648 1117 714 1197 ipse
743 1116 950 1196 experimento
975 1136 1063 1180 veras
1090 1137 1158 1182 asse

60 1221 195 1302 didicerat,
217 1233 248 1288 et
267 1222 377 1307 quibus
405 1229 570 1304 propterea
590 1223 710 1286 cerulas
737 1223 850 1286 annulo
872 1243 929 1286 suo
952 1224 1084 1304 signatas
1105 1245 1158 1306 ap·

58 1331 211 1406 posuerat.”
254 1333 338 1394 Haec
362 1331 528 1394 Salmasius
551 1331 591 1394 ad
618 1331 717 1394 Soliui
737 1330 757 1394 l.
778 1351 804 1394 c.
832 1332 884 1394 ubi
906 1338 936 1394 et
957 1331 1047 1394 aliam
1069 1332 1157 1411 hujus

58 1435 123 1498 tituli
143 1439 291 1502 rationem
314 1437 429 1517 reddit,
457 1438 541 1520 quod
570 1438 686 1500 scilicet
707 1438 807 1501 omnia
827 1458 905 1521 quae
925 1439 956 1501 iu
978 1438 1031 1500 illo
1051 1439 1157 1502 libello

58 1546 185 1608 uacabat
209 1547 421 1622 DemocrituS,
449 1544 545 1625 ipsius
569 1545 744 1624 philosophi
771 1564 861 1607 mauu
892 1546 973 1608 iacta
998 1553 1100 1608 essent
1126 1553 1158 1608 et

58 1651 247 1728 experimento
273 1655 339 1731 ejus
370 1651 576 1733 comprobata
628 1655 716 1734 Quae
745 1651 893 1715 sententia
924 1652 1022 1714 multo
1059 1653 1155 1734 magis

59 1753 183 1838 placeret,
202 1781 295 1844 quam
313 1758 415 1837 altera,
436 1759 463 1822 si
485 1759 558 1842 quid
581 1757 705 1820 omniuo
728 1760 760 1821 iu
785 1759 837 1821 illa
853 1748 1046 1822 adnotatione
1064 1761 1154 1824 nobis

58 1864 229 1939 probaretur.
275 1866 370 1942 Nam,
398 1873 432 1930 ut
452 1866 610 1946 blenagius
631 1867 696 1944 jam
722 1867 839 1930 monuit
857 1866 895 1928 ad
914 1867 1003 1948 Diog.
1025 1867 1077 1930 lib.
1098 1869 1155 1947 IX,

59 1969 98 2046 ta,
115 1971 172 2036 loci
190 1994 208 2036 a
226 1973 378 2037 Salmasio
399 1973 481 2035 allati
503 1973 612 2054 quibus
626 1976 787 2038 ostendere
806 1980 943 2050 conatam,
963 1972 1154 2058 χειρόκμητα

58 2075 88 2137 de
107 2080 212 2144 annulo
235 2081 404 2162 signatorio
426 2079 577 2162 usurpari,
598 2079 628 2141 id
647 2099 710 2142 uou
732 2081 881 2145 evincunt
923 2081 1042 2162 Neque,
1070 2083 1096 2144 si
1123 2081 1154 2144 id

58 2185 220 2266 subicerent,
249 2188 322 2252 inde
349 2193 529 2268 sequeretur
555 2185 745 2270 χειρόκμητα
763 2188 918 2267 appellari,
942 2207 1019 2270 quae
1039 2187 1152 2250 auuulo

57 2289 156 2369 signata
180 2301 290 2358 esseut.
335 2295 375 2357 At
396 2292 585 2378 χειρόκμητα
607 2293 645 2356 de
669 2294 705 2356 iis
731 2294 823 2357 rebus
844 2315 922 2377 quaa
943 2315 1033 2358 mauu
1057 2295 1154 2356 iactae

57 2407 122 2475 mut,
142 2403 290 2485 usurpari,
319 2403 431 2465 docent
453 2401 547 2463 verba
574 2401 717 2481 llesychii
745 2402 939 2466 Grammatici
966 2409 996 2466 et
1025 2400 1154 2464 Eudemi

56 2501 178 2571 illatoris
196 2509 342 2592 superius
364 2508 470 2589 posita.
512 2509 593 2571 Gitat
612 2517 770 2590 praeterea
790 2509 947 2589 ltienagius
968 2509 1152 2587 Petronium,

56 2627 70 2669 e
96 2617 174 2693 cnjus
203 2615 306 2678 verbis
336 2623 463 2678 aetatem
491 2615 700 2678 Democritum
734 2616 812 2678 inter
845 2615 1051 2695 experimenta
1079 2635 1153 2678 con-

55 2723 200 2800 smrpsisse
228 2727 349 2786 certum
376 2728 430 2786 est
481 2723 545 2786 Sed
566 2722 687 2786 obstare
715 2724 834 2788 uidetur
859 2723 930 2787 huic
956 2722 1024 2784 viro
1048 2723 1151 2800 docto,

55 2829 124 2904 quod
144 2831 254 2894 Plinius
289 2829 330 2892 ait
348 2830 428 2893 -loco
455 2829 587 2906 laudato,
618 2831 828 2894 Democritum
859 2840 930 2913 post
949 2830 1152 2909 Pythagoram

53 2929 194 3014 llagomm
222 2936 479 3002 studiosissimum
505 2936 535 2998 in
565 2938 624 2999 boc
644 2937 749 3002 libello
778 2957 828 3002 res
848 2943 1041 3020 portentosas
1062 2937 1153 3000 tradi-

54 3035 130 3106 disse.
168 3045 334 3127 Quomodo
365 3045 453 3123 euim,
482 3044 578 3127 iuquit
598 3046 763 3126 Menagius,
785 3051 831 3107 tot
850 3045 999 3127 portentis
1021 3045 1151 3106 refertus

54 3155 107 3208 erat
124 3149 242 3218 libellus
265 3151 326 3228 ille,
355 3151 380 3212 si
403 3153 494 3216 rebus
520 3153 685 3230 constabat,
708 3173 783 3234 quas
812 3152 878 3233 ipse
905 3160 1012 3216 auctor
1032 3152 1151 3232 experi-

54 3264 139 3320 mento
168 3280 256 3326 veras
290 3277 357 3322 essa
384 3261 548 3323 didicerat?
589 3261 746 3343 Equidem,
775 3269 810 3324 nt
835 3261 924 3324 Plinii
940 3261 1150 3324 auctoritatem

54 3357 129 3426 flocci
146 3368 232 3448 lucio,
253 3369 294 3431 ita
314 3387 372 3432 uec
398 3369 620 3448 easaubouum,
639 3389 738 3452 neque
758 3369 947 3443 salmasium,
966 3388 1065 3450 neque
1086 3369 1151 3430 Me-

52 3470 156 3546 nagiuu
181 3495 289 3540 verum
313 3476 426 3538 vidisse
453 3476 602 3542 existimo.
644 3477 678 3539 ld
706 3477 784 3539 iufra
811 3477 1017 3539 demonstrare
1044 3493 1150 3554 aggre-

53 3569 114 3638 diar.
148 3583 308 3648 Caeterum
332 3583 492 3663 scripsisse
511 3591 541 3646 et
563 3584 727 3660 Zosimum,
756 3583 993 3646 Alexandrinum
1016 3582 1151 3664 pbiloso-

52 3679 140 3761 Phssm,
165 3689 202 3752 τὰ
221 3690 402 3775 χυμευτικά,
422 3709 499 3770 quae
521 3710 539 3753 a
559 3691 712 3754 nonnullis
732 3689 922 3774 χειρόκμητα
943 3689 1147 3752 inscribeban-

53 3789 100 3864 tm,
120 3804 224 3860 auctor
242 3799 411 3862 estSuidas
429 3798 460 3860 iu
481 3793 633 3881 Ζώειμας.
668 3798 845 3861 Notandum
866 3816 971 3879 porro,
993 3795 1151 3858 Zosimum

52 3889 212 3966 Clemioum
231 3908 284 3970 Gr.
306 3926 360 3969 ms.
387 3905 489 3986 legera
511 3903 753 3988 χειροτμήματα.
792 3906 839 3968 Gi.
859 3903 1013 3966 Lambecii
1037 3921 1148 3966 comm.

52 3997 83 4060 ιι
107 4005 235 4078 aranon.
264 4013 394 4078 vuaoa.
418 4014 461 4076 vr
486 4032 555 4094 pag.
575 4013 636 4076 aaa
652 4031 735 4093 seqq.
778 3995 957 4073 somnam
986 4030 1016 4089 p.
1039 4011 1080 4073 το
1110 4009 1148 4072 ae

51 4103 178 4179 darneto
199 4121 462 4204 χειροτεχνήματα
482 4119 544 4202 legi
558 4119 655 4198 jubet.
694 4117 834 4200 Denique
857 4117 1011 4180 blarsilius
1032 4115 1149 4198 Gagua-

52 4217 92 4276 tns
103 4239 159 4286 var.
172 4226 237 4291 obs.
251 4227 329 4290 libro
339 4229 372 4291 ll.
385 4247 451 4308 cap.
466 4230 484 4290 7
506 4247 575 4309 pag.
589 4228 648 4290 124
668 4230 889 4311 χειροτόνητῶν
902 4225 920 4292 i.
936 4245 962 4291 e.
983 4223 1149 4288 electorum
