2956 4860
275 227 317 294 10
600 227 796 290 Quaestionum
825 229 1057 288 Democritaamm

274 395 424 462 conclusit
443 393 567 458 Wandt.
596 394 617 456 l.
638 394 659 458 l.
680 413 831 460 nonense
858 396 1070 481 Anaxagoram
1090 401 1252 466 Democriti
1270 400 1359 462 docte
1431 437 1432 442 κ

274 525 347 582 rem,
377 525 396 567 a
422 506 508 584 cujus
536 503 675 566 doctrina
701 511 733 568 et
758 505 806 569 bic
832 507 920 570 valde
941 509 1092 589 abhorret,
1118 510 1233 574 tametsi
1251 509 1280 570 iu
1296 527 1359 570 nou·
1430 500 1431 511 ’

273 613 364 678 nullis
382 611 582 676 consentiunt
1035 631 1038 636 ·
1431 595 1432 600 ἵ

358 725 459 786 Docet
494 725 653 801 praeterea
693 723 829 787 Laertius
851 721 920 806 ²⁵),
958 725 1081 790 laudato
1120 726 1304 808 Apollodoro
1337 721 1361 782 in
1425 720 1431 747 l

274 829 443 908 chronicis,
470 835 560 909 partu
586 831 699 894 editum
727 851 794 894 esse
823 834 1031 898 Democritum
1050 834 1230 916 Olympiade
1256 837 1362 908 octoge

274 937 357 1016 sima,
386 939 416 1000 id
441 937 533 1022 qnod¹
554 956 625 1000 cum
645 955 684 1000 eo
713 941 797 1020 quod
831 961 924 1023 supra
944 944 1155 1025 exputavimus
1175 943 1260 1024 plane
1277 934 1362 1000 couci-

272 1047 326 1110 nit
356 1025 552 1127 'Thrasyllus
569 1045 623 1126 Η)
656 1059 756 1110 autem
792 1051 878 1127 cuius
918 1053 998 1114 idem
1026 1055 1208 1116 mentionem
1228 1047 1310 1111 babet
1338 1043 1363 1102 in

272 1153 352 1218 libro
378 1155 430 1236 qui
450 1156 593 1237 praevius
613 1162 694 1217 esset
722 1158 888 1221 Democriti
908 1161 1092 1242 scriptorum
1112 1159 1241 1235 lectioni,
1260 1162 1363 1234 tempus

273 1263 354 1326 illius
375 1264 474 1326 natale
503 1263 618 1326 rettulit
645 1264 684 1325 ad
712 1265 832 1328 tertium
860 1270 1098 1349 septuagesimae
1118 1269 1261 1350 septimae
1276 1261 1362 1340 Olpe

272 1371 370 1451 piadis
390 1389 502 1433 annum
529 1390 659 1454 eumque
682 1370 811 1436 Socrate
835 1393 914 1438 mano
941 1379 1086 1456 majorem
1112 1379 1200 1455 iacit,
1227 1369 1364 1456 aequalem

272 1478 365 1559 igitur
400 1477 558 1556 Archelai,
592 1479 793 1560 Anaxagorae
820 1481 960 1565 discipuli
994 1492 1085 1568 atque
1120 1485 1291 1566 Oenopidae
1313 1477 1364 1554 ¹⁷)-

273 1587 453 1648 Confirmari
472 1587 548 1664 boc,
576 1587 660 1651 addit
681 1591 828 1670 Laertius
850 1612 888 1655 eo
908 1595 992 1675 quod
1010 1596 1189 1677 Oenopidae
1208 1594 1239 1655 in
1261 1583 1364 1666 scriptis
1429 1638 1430 1650 ,

271 1695 335 1757 suis
364 1693 546 1758 mentionem
575 1695 746 1776 agitaverim
777 1705 899 1779 praeter
926 1701 1005 1764 bunc
1038 1723 1208 1768 memorare
1239 1701 1318 1761 illum
1341 1697 1364 1752 el

273 1802 456 1864 Parmenidis
487 1823 523 1865 ac
552 1804 684 1866 Zenonis
715 1806 811 1886 ipsius
839 1813 975 1889 tempore
1003 1813 1132 1876 maxime
1160 1809 1316 1876 celebrium
1335 1801 1364 1860 de

272 1912 339 1972 Uno
373 1909 548 1990 opinionem
578 1917 609 1974 et
637 1914 834 1994 Protagoram
873 1918 1038 1982 Abderiten
1086 1924 1140 2003 qui
1178 1915 1364 1984 consentiente

272 2017 407 2079 omnium
427 2036 506 2082 voce
535 2019 670 2082 Socratis
695 2027 833 2102 tempore
855 2024 978 2106 degerit
1020 2029 1082 2091 Sed
1104 2031 1226 2095 illorum
1250 2027 1285 2088 de
1313 2020 1365 2103 qui·
1427 2011 1432 2053 '³

271 2125 328 2188 bns
351 2126 399 2187 hic
419 2125 557 2189 Laertius
584 2127 645 2206 agit
669 2129 824 2210 aequalem
851 2134 1075 2214 Democritum,
1106 2140 1196 2202 etiam
1222 2135 1268 2198 Ol.
1289 2127 1362 2206 St),l

271 2240 382 2311 uatium,
411 2234 517 2310 luisse,
547 2246 678 2297 nonest
706 2237 838 2304 dubium.
882 2243 980 2304 Porro
1002 2245 1081 2308 burno
1104 2249 1304 2328 Protagoram,
1323 2233 1364 2318 qui

271 2342 393 2422 Olymp.
413 2343 464 2420 93,
484 2345 504 2404 2
526 2342 693 2404 decessisse
712 2345 832 2407 videtur
845 2344 908 2428 Ν),
935 2351 996 2414 vita
1018 2373 1115 2437 usque
1136 2357 1177 2418 ad
1199 2343 1364 2434 septuagesi-

271 2471 353 2512 mum
380 2470 491 2514 minum
515 2449 745 2534 prorogata²⁹)
772 2456 940 2520 Democriti
966 2461 1134 2527 auditorem
1157 2465 1249 2528 fuisse
1269 2459 1364 2536 Dioge·

340 2700 381 2764 ²⁵)
397 2699 470 2764 Diog.
491 2699 577 2750 baert.
591 2697 631 2760 tx,
651 2693 684 2748 ll
706 2693 807 2768 γεγόνοι
826 2695 851 2750 δ’
872 2697 902 2752 ἂν
923 2699 970 2765 (ὡς
987 2705 1034 2774 μίν
1051 2703 1253 2784 Ἀπολλόδωρος
1272 2704 1297 2758 έν
1314 2715 1364 2773 ypa-

269 2781 361 2843 ναοῖς)
381 2777 448 2830 κατὰ
467 2776 514 2848 τὴν
541 2775 718 2848 ὀγδοηαοπδγν
747 2776 908 2849 ὀλυμπιάδα·
935 2781 972 2844 ὡς
996 2785 1023 2840 δὲ
1044 2783 1196 2861 Θράσυλλος
1219 2791 1245 2844 έν
1268 2789 1303 2855 τῷ
1323 2781 1365 2832 lm·

269 2857 427 2930 γραφομένῳ
452 2857 485 2909 τὰ
512 2856 562 2930 πρὸ
589 2860 635 2926 τῆς
654 2855 827 2927 ἀναγνώσεως
851 2867 904 2914 τῶν
928 2860 1093 2940 Δημοκρίτου
1120 2871 1240 2942 βιβλίων,
1264 2854 1365 2920 κατὰτὸ

268 2937 353 3009 τρίτον
380 2936 437 2994 ἔτος
460 2939 506 3006 τῆς
531 2935 645 3006 ίβδόμης
670 2940 716 2991 καί
741 2939 936 3017 ἑβδομηκοστῆς
965 2947 1133 3018 ὀλυμπιάδος,
1152 2954 1273 3023 ἐνιαυτῷ,
1291 2937 1366 3018 (ppei)

268 3014 442 3090 πραοβὺτερος
460 3014 497 3069 ὢν
512 3013 678 3090 Σωκράτους.
702 3015 753 3090 ιΕίη
775 3019 805 3073 ἂν
824 3023 870 3076 οὖν
895 3027 964 3080 κατὰ
980 3027 1125 3104 Ἀρχέλαον
1146 3033 1191 3086 τὸν
1204 3024 1365 3096 Ἀναξαγόρου

269 3093 388 3170 μαθητὴν
408 3098 454 3150 καὶ
480 3097 540 3158 τοὺς
559 3100 618 3171 περὶ
637 3095 784 3172 Οἰνοπίδην.
820 3099 873 3158 Καὶ
889 3107 937 3180 γὰρ
953 3109 1046 3166 τοὺτου
1067 3115 1207 3186 μέμνηται.
1242 3109 1366 3180 Μέμνηται

268 3177 297 3232 δέ
317 3178 362 3229 καί
386 3177 444 3249 περὶ
471 3181 517 3248 τῆς
542 3184 588 3231 τοῦ
611 3177 668 3238 ἑνὸς
690 3179 766 3252 δόξης
792 3191 844 3236 τῶν
872 3190 930 3261 περὶ
951 3187 1114 3266 Παρμενίδην
1134 3199 1178 3250 καὶ
1199 3195 1318 3268 Ζήνωνα,
1335 3183 1366 3238 bc

268 3255 329 3310 κατ’
355 3255 433 3308 αὐτὸν
457 3258 568 3326 μάλιστα
591 3257 814 3334 διαβεβοημένων,
842 3270 887 3321 καί
907 3267 1081 3346 Πρωταγόρου
1103 3281 1150 3329 τοῦ
1166 3275 1326 3350 Ἀβδηρίτου,
1343 3262 1366 3320 lt

269 3337 433 3409 ὁμολογεῖται
455 3339 523 3391 κατὰ
543 3337 685 3414 Σωκράτην
704 3347 845 3417 γεγονέναι.

340 3432 380 3493 ²⁶)
398 3432 438 3482 De
449 3431 587 3496 Thrasyllo
599 3436 661 3488 vide
679 3445 787 3502 praeter
806 3443 928 3495 lensium
947 3446 982 3498 de
1000 3449 1092 3513 script.
1111 3451 1171 3502 bist.
1192 3453 1252 3517 phit.
1275 3448 1314 3498 tib.
1332 3439 1366 3496 m.

267 3511 291 3574 3,
300 3511 324 3564 2.
340 3526 399 3577 pag.
409 3509 441 3562 12
454 3525 511 3577 sqq.
526 3513 567 3563 ed
576 3514 663 3580 Dora,
682 3522 727 3584 qui
744 3537 806 3575 oum
835 3525 932 3579 Tiberii
949 3529 1121 3593 Imperatoris
1140 3536 1262 3598 tempore
1280 3525 1367 3578 risisse

268 3595 409 3655 existimat,
429 3593 558 3656 imptimffl
572 3607 603 3646 ⁰³
618 3610 687 3661 (tuan
706 3602 732 3652 iu
750 3604 810 3656 libri
827 3607 849 3657 ΙΙ
867 3612 1006 3672 prooemio
1028 3617 1051 3662 α’
1063 3613 1141 3664 nobis
1158 3615 1293 3679 disputata
1305 3603 1367 3658 suut.

266 3767 290 3820 M
310 3685 378 3817 'bn'
397 3684 436 3735 De
455 3684 507 3736 hoc
532 3687 668 3752 Oenopido
689 3695 787 3748 tractat
803 3699 905 3767 Menan.
925 3703 960 3754 ad
982 3704 1068 3756 Laert.
1089 3707 1116 3756 T.
1133 3707 1163 3756 ΙΙ.
1182 3720 1241 3772 pag.
1259 3697 1314 3753 ddi.
1331 3690 1366 3744 θίῑ

293 3781 315 3818 οι
337 3778 390 3816 om.

337 3857 378 3920 ¹⁸)
398 3855 456 3907 vid.
477 3857 578 3912 Comin.
596 3861 664 3914 Fusa
685 3867 731 3917 All
752 3871 779 3920 Τ.
802 3873 840 3923 ill.
859 3888 884 3938 p.
906 3872 963 3927 139.

338 3949 379 4012 ⁹³)
404 3950 478 4014 Diog.
502 3953 587 4004 Laert
610 3953 652 4006 tib.
671 3958 711 4020 lx,
728 3958 763 4011 bb
797 3965 847 4015 sed
870 3971 974 4031 primus
999 3974 1094 4021 auctor
1118 3971 1192 4022 Pluto
1219 3973 1245 4023 in
1265 3968 1368 4020 llen⁰¹¹⁰

266 4041 326 4092 pag.
344 4023 377 4078 ot
405 4031 471 4080 extr·
496 4033 538 4085 ed.
566 4036 664 4100 saaph„
693 4042 770 4103 cujus
788 4047 871 4097 verba
892 4053 969 4100 sunt:
998 4047 1171 4123 Πρωταγόρας
1197 4051 1225 4105 δὲ
1245 4049 1293 4123 ἄρα
1311 4039 1366 4105 tint

267 4106 314 4177 τὴν
346 4103 464 4160 Ἑλλάδα
497 4111 624 4167 ίλαίνθανε
652 4114 809 4192 διαφθείρων
829 4125 889 4185 τοὺς
910 4132 1131 4199 συγγιγνομένους,
1152 4134 1197 4185 καί
1216 4117 1367 4206 mapert-

267 4201 327 4258 ρους
344 4187 507 4258 ἀποπέμπων
527 4193 544 4267 ἢ
564 4198 762 4272 παραλάμβανε,
789 4205 869 4261 πλέον
893 4207 910 4280 ἢ
930 4213 1121 4282 τετταράκοντα
1138 4213 1193 4284 ίτη.
1234 4196 1309 4284 Olpai
1325 4199 1367 4274 ill
