2892 4872
288 293 347 362 130
617 287 813 350 Quaestionum
834 285 1066 344 Democriteum·

285 464 324 526 ad
345 463 451 541 fragm.
472 457 558 540 phys.
576 457 606 520 u.
642 454 736 518 Plura
765 453 919 518 volumina
936 454 975 516 de
995 473 1097 516 rernm
1116 460 1220 516 mmm
1241 472 1258 514 a
1278 453 1379 514 Demo-

288 571 363 632 crito
382 568 495 646 scripta
516 582 583 626 esso
606 561 753 642 significat
772 563 929 628 Vitruvius
950 563 1007 640 lX,
1030 563 1092 624 det
1107 564 1135 624 7.
1168 561 1378 640 Theophrastus

286 695 426 758 magnum
448 676 645 737 Diocosmum
667 688 729 732 noo
749 671 925 748 Democriti,
956 670 1012 732 sed
1031 670 1177 750 Leucippi
1197 669 1287 732 fuisse
1308 675 1380 730 ratos

287 793 342 861 est,
364 753 453 865 quim
478 801 541 842 rem
558 779 648 859 Diog.
670 779 727 855 lx,
746 780 787 842 46
801 777 829 855 ⁹)
852 778 1015 840 memoriae
1042 778 1183 858 prodidit.
1226 776 1381 857 Scripserat

287 899 389 956 autem
418 889 645 969 Theophrastus
678 893 754 949 teste
789 886 898 949 eodem
927 887 1066 968 Diogene
1100 887 1151 949 lib.
1172 887 1210 962 V,
1234 886 1273 947 43
1302 891 1329 944 et
1347 885 1380 946 49

288 1002 363 1063 duas
392 999 430 1060 de
458 996 642 1077 philosopho
668 1001 774 1058 nostro
807 995 1074 1058 commentationes
1106 1013 1232 1078 quarum
1258 1013 1275 1054 a
1305 991 1381 1054 nobis

287 1110 319 1172 in
340 1105 529 1190 praefatione
554 1104 643 1182 hujus
662 1102 732 1165 libri
755 1103 866 1166 mentio
889 1101 990 1166 babitu
1009 1110 1063 1166 est.
1103 1102 1230 1164 Fallitur
1242 1099 1382 1180 Menagius

289 1217 329 1279 ad
348 1218 447 1278 Laert
469 1213 526 1288 lx,
549 1213 590 1274 46
619 1211 650 1272 in
678 1229 716 1273 eo
747 1210 830 1294 quod
858 1210 896 1272 ab
925 1210 1061 1292 Epicuro
1082 1212 1112 1273 in
1137 1209 1263 1290 epistola
1280 1209 1316 1270 od
1335 1209 1383 1269 lle·
1414 1201 1415 1212 ’

288 1324 431 1388 rodotum
454 1319 569 1398 scripta
590 1339 638 1398 ap.
660 1318 751 1399 Diog.
771 1318 822 1382 lib.
838 1319 882 1396 X,
894 1318 1020 1382 35—83
1045 1339 1185 1400 magnum
1206 1319 1383 1380 Diacosmum

291 1449 465 1513 germanum
486 1426 598 1506 ingenii
612 1426 797 1488 Democritei
819 1427 933 1490 foetum
953 1428 1100 1508 appellari
1119 1426 1278 1490 contendit
1305 1421 1384 1487 Nulla
1415 1507 1416 1514 ρ

289 1538 331 1600 ibi
354 1539 420 1616 ejus
448 1534 493 1596 rei
524 1533 779 1597 commemoratio.
833 1535 872 1595 Ut
892 1533 1058 1615 legitimum
1086 1535 1223 1617 agnoscit
1244 1534 1382 1596 Suidnss

289 1665 318 1709 v.
338 1643 545 1728 Δημόκριτος·
568 1641 676 1724 γνήσια
695 1641 730 1704 δὲ
752 1639 857 1718 αὐτοῦ,
877 1642 1024 1724 inquiens,
1046 1643 1149 1729 βιβλία
1170 1644 1228 1706 εἰσὶ
1249 1641 1316 1704 δύο·
1334 1638 1383 1716 te

293 1749 388 1836 μέγας
417 1749 592 1832 Διάκοσμσς
618 1747 670 1811 καὶ
698 1747 732 1811 τὸ
761 1749 831 1834 περὶ
865 1747 989 1834 φύσεως
1020 1747 1151 1834 κόσμου.
1200 1752 1304 1834 Neque
1331 1747 1383 1826 ejus

289 1855 472 1940 γνησιότιρτοι
507 1858 538 1919 in
571 1857 696 1920 dubium
724 1855 873 1921 rocarmrt
902 1856 1098 1922 Antisthenes
1133 1861 1215 1941 apud
1236 1859 1383 1938 Diogenem

290 1963 341 2026 lib.
360 1965 416 2040 IX,
440 1965 480 2026 39
504 1972 534 2026 et
556 1965 728 2027 Athenaeus
754 1965 826 2028 loco
853 1965 995 2045 superius
1017 1967 1118 2030 citato.
1160 1965 1295 2051 Denique
1315 1961 1384 2047 quod

291 2071 476 2134 Phanorinus
502 2071 583 2152 oprud
604 2072 775 2153 Diogenem
796 2073 848 2135 lib.
869 2073 928 2148 lX,
950 2073 990 2136 34
1010 2083 1040 2136 et
1055 2076 1097 2138 35
1127 2075 1170 2138 ait
1193 2072 1384 2156 perstrinxisse

291 2179 499 2242 Democritum
529 2180 676 2260 quaedam
698 2181 898 2260 Anaxagorae
918 2179 1038 2260 placita,
1065 2183 1099 2245 id
1121 2185 1152 2246 in
1173 2184 1233 2245 boe
1253 2179 1384 2244 volumino

291 2287 402 2349 iactum
423 2305 490 2348 esse
511 2288 669 2368 probabile
690 2295 744 2352 est
794 2287 897 2350 Verbo
914 2307 1023 2368 graeca
1044 2297 1132 2354 suut:
1164 2279 1383 2374 depoposcit

291 2413 381 2478 φησιν
402 2391 434 2454 ἐν
453 2395 637 2478 παντοδαπῇ
659 2394 783 2479 ἱστορίᾳ,
811 2393 910 2476 λέγειν
934 2391 1125 2480 Δημόκριτον
1151 2397 1222 2482 περὶ
1240 2388 1384 2473 Ἀναξαγό-

222 2551 226 2560 .
291 2523 358 2585 ρον,
379 2503 421 2568 ὡς
441 2499 497 2564 οὐκ
522 2499 627 2584 εἴησαν
650 2499 745 2563 αὐτοῦ
768 2502 800 2563 αἱ
822 2500 909 2570 δόξαι
936 2501 973 2564 αἵ
986 2524 1019 2564 τε
1042 2505 1111 2590 περὶ
1133 2505 1224 2588 ἡλίου
1245 2504 1292 2568 καὶ
1313 2497 1385 2580 ectr]-

290 2629 352 2691 νης,
377 2607 457 2670 ἀλλὰ
478 2607 624 2692 ἀρχαῖαι·
662 2607 713 2670 τὸν
743 2607 778 2669 δὲ
807 2607 997 2692 ὑφῃρῆσθαι,
1022 2610 1177 2696 διασύρειν
1197 2637 1229 2678 τε
1252 2611 1338 2676 αὐτοῦ
1357 2603 1386 2666 τὰ

288 2715 357 2798 περὶ
378 2719 430 2796 τῆς
451 2714 684 2798 διακοσμήσεως
702 2714 752 2776 καὶ
775 2717 829 2776 τοῦ
847 2720 910 2796 νοῦ,
937 2715 1058 2802 ἐχθρῶς
1077 2715 1191 2804 ἔχοντα
1206 2721 1280 2808 πρὸς
1301 2711 1386 2788 αὐτόν,

291 2821 336 2884 ὅτι
360 2822 396 2904 δὴ
422 2823 462 2906 μὴ
486 2824 642 2908 προήκατο
667 2821 769 2885 αὐτόν.

376 2933 430 3010 10)
453 2927 568 3016 Μικρὸς
587 2931 761 3014 διάκοσμος.
798 2931 843 2992 Ex
861 2932 919 2994 boc
939 2933 1092 3014 opusculo
1110 2937 1291 3016 paucissima
1309 2929 1387 2994 verba

291 3039 380 3101 nobis
401 3038 531 3101 semovit
553 3038 707 3119 Diogenes
728 3037 778 3099 lib.
802 3039 857 3115 IX,
881 3041 899 3100 4
928 3039 1035 3122 γέγονε
1062 3041 1097 3103 δὲ
1119 3047 1184 3112 τοῖς
1204 3042 1320 3129 χρόνοις
1339 3037 1387 3116 (ὧὶ

289 3143 381 3213 αὐτός
401 3168 492 3229 φησιν
517 3146 547 3208 ἐν
570 3148 614 3230 oq'i
629 3146 726 3228 μικρῷ
737 3143 918 3232 Διακόσμιρ)
942 3145 1010 3216 νέος
1028 3148 1105 3212 κατὰ
1125 3150 1294 3238 πρεσβύτην
1310 3144 1386 3208 Ἀνα-

289 3251 434 3335 ξαγόραν,
465 3252 560 3318 ἔτεσιν
592 3253 685 3315 αὐτοῦ
722 3253 871 3336 νεώτερος
903 3256 1140 3338 τεσσαράκοντα.
1195 3251 1386 3338 Σοντετάχθαῑ

289 3357 324 3420 δέ
346 3381 420 3443 φησι
443 3359 493 3420 τὸν
518 3360 622 3444 μικρὸν
646 3359 819 3443 Διακοσμον
843 3359 940 3424 ἔτεσιν
971 3361 1096 3447 ὕστερον
1125 3370 1180 3449 τῆς
1205 3364 1296 3431 Ἰλίου
1319 3357 1386 3422 did·

289 3487 368 3532 σεως
389 3467 548 3549 τριάκοντα
567 3467 618 3528 καὶ
643 3467 842 3536 ἑπτακοσίοις.
886 3472 933 3532 De
957 3492 1018 3553 quo
1035 3472 1106 3537 loco
1130 3474 1280 3537 uberrime
1301 3468 1386 3550 primo

289 3573 366 3635 libro
388 3572 614 3653 disputavimus.

375 3682 428 3758 11)
457 3675 692 3764 Κοσμογραφίη.
747 3685 794 3744 De
824 3685 883 3746 boc
910 3685 1087 3768 pbilosopbi
1112 3685 1288 3751 Abderitani
1315 3698 1387 3743 cem·

287 3788 434 3850 meritorio
454 3785 527 3847 nibil
555 3790 746 3852 avetcribns
771 3792 912 3854 traditum
939 3800 997 3856 est.
1039 3795 1157 3858 Etenim
1184 3795 1266 3878 quod
1285 3791 1323 3853 nit
1343 3789 1387 3847 im-

286 3897 402 3978 peritus
417 3893 569 3976 Sophiste,
584 3898 751 3960 Democriti
773 3900 895 3962 nomirre
917 3902 1096 3982 superbiens
1118 3905 1148 3965 in
1164 3901 1290 3982 epistola
1309 3913 1387 3978 qnam

286 4002 324 4064 nd
342 4002 560 4083 tlippocratem
579 4005 700 4068 missam
722 4026 789 4070 esse
807 4007 892 4070 finxit
910 4008 1021 4072 voblll
1044 4031 1128 4092 oper.
1141 4011 1284 4090 ltippocr.
1294 4029 1322 4088 p.
1332 4003 1384 4066 814

287 4153 488 4166 m

278 4331 286 4342 ¹
353 4245 375 4308 ’i
392 4241 480 4314 Μέγας
500 4244 652 4316 διάκοσμος,
678 4245 706 4301 ὃν
727 4248 825 4322 οἱπερὶ
842 4246 1008 4324 Θεόφραστον
1025 4248 1172 4308 Λευκίππου
1192 4251 1267 4325 φασὶν
1285 4247 1352 4302 εἶναι.
