2956 4860
419 301 504 357 Liber
522 303 543 358 l.
585 303 629 358 De
647 303 797 363 Democriti
817 309 883 363 nita.
1164 311 1208 376 59

107 469 244 532 vocitasse
269 471 469 556 φιλοσοφίαν,
494 473 694 552 Protagoram
721 493 795 538 vero
820 475 921 559 λόγον.
973 479 1130 542 Summum
1153 479 1208 542 im-

107 577 212 656 perium
242 581 323 661 apud
346 580 508 644 Abderitas
532 582 708 644 Democrito
732 602 799 646 esse
818 587 1010 648 commissum
1032 589 1160 652 eSuida
1174 591 1205 668 ⁹)

107 687 313 766 cognoscimus,
330 690 387 752 sed
407 690 458 753 diu
481 688 668 770 reipublicae
689 692 863 772 praetuerit,
882 714 920 756 an
942 696 1111 776 perbreve
1132 704 1205 759 tem-

106 811 165 871 pus,
181 815 307 875 prorsus
327 797 474 861 incertum
500 807 555 860 est.
599 797 640 861 At
661 817 735 861 vero
758 820 851 883 quum
871 801 920 864 lex
941 804 1024 884 apud
1044 805 1204 869 Abderitas

107 909 185 978 esset,
204 923 261 985 qua
278 905 478 984 sanciebatur,
488 913 523 969 ut
544 906 595 988 qui
610 906 825 986 patrimonium
848 907 1051 990 dilapidasset,
1063 913 1204 994 iradiguus

105 1009 246 1087 sepultura
274 1014 305 1076 in
333 1013 448 1096 patriae
475 1015 584 1078 finibus
603 1015 780 1078 haberetur:
824 1017 1032 1096 Democritum
1052 1018 1205 1083 Antisthe-

104 1131 151 1177 nes
164 1117 209 1198 ¹⁰)
229 1123 379 1202 perhibet,
407 1142 447 1185 ne
469 1123 508 1185 ab
528 1123 637 1186 invidis
658 1131 689 1185 et
710 1122 976 1187 calumniatoribus
999 1127 1037 1188 ed
1056 1127 1205 1190 rationem

105 1225 271 1292 reddendum
301 1231 331 1294 in
353 1233 406 1312 jus
435 1237 612 1308 vocaretur,
634 1231 745 1312 legisse
766 1231 825 1294 illis
844 1251 985 1314 magnum
1007 1234 1205 1298 Diacosmum

104 1332 267 1411 palmarium
296 1359 376 1422 opus
415 1339 603 1422 caeterisque
630 1340 725 1422 ipsius
757 1339 880 1420 scriptis
915 1349 1081 1422 praestans.
1132 1348 1203 1426 Quo

104 1440 173 1504 iacto
200 1447 433 1528 quingentorum
461 1467 609 1510 summam
643 1447 824 1512 talentorum
849 1450 1016 1529 praemium
1049 1451 1203 1532 accepisse

103 1556 181 1631 atque
202 1553 326 1637 insuper
347 1555 446 1618 aereis
470 1555 649 1638 imaginibus
674 1557 854 1620 honoratum
879 1576 955 1621 esse.
993 1558 1098 1622 Nolim
1120 1559 1203 1641 cqui-

104 1655 162 1718 dem
181 1679 282 1726 aereas
311 1664 457 1745 imagines
487 1664 519 1724 in
540 1663 665 1726 dubium
691 1681 811 1740 vocare,
831 1664 886 1726 sed
906 1664 1140 1747 quingentorum
1161 1673 1203 1728 ta-

102 1761 238 1830 lentorum
266 1773 383 1835 douum
408 1772 484 1833 citra
511 1771 601 1834 tidem
629 1789 697 1833 esse
722 1773 882 1835 contendo.
925 1774 1130 1854 Quamobrem
1148 1795 1203 1836 uu-

102 1889 202 1937 merum
217 1879 281 1958 jam
301 1879 430 1942 venistis
449 1878 579 1942 saeculis
601 1878 631 1940 iu
648 1877 834 1942 Antisthenis
855 1879 1008 1942 volumine
1032 1901 1050 1942 a
1071 1880 1201 1945 librariis

102 1991 263 2064 corruptum
292 1987 443 2050 existimo.
492 1989 579 2067 Quae
611 2005 685 2050 vero
716 1987 765 2050 hic
797 1988 973 2068 depravatio
997 1989 1076 2050 iacta
1097 1989 1145 2066 sit,
1164 2009 1202 2052 ex

101 2087 232 2155 Demetrii
253 2101 284 2158 et
302 2093 491 2176 llippoboti'
507 2095 535 2176 ¹)
564 2096 602 2158 de
624 2097 680 2158 hac
701 2115 734 2158 re
754 2094 928 2158 testimonio
950 2095 1100 2180 conjicere
1120 2096 1200 2162 licet

102 2195 227 2282 Uterque,
247 2204 504 2284 quemadmodum
531 2203 749 2286 Diogenes¹⁸)
773 2203 885 2281 scribit,
913 2208 1052 2266 testatum
1073 2203 1203 2286 relique·

102 2311 153 2384 rat,
178 2311 345 2376 Democriti
373 2311 566 2396 propinquos
596 2333 737 2395 maguum
767 2315 833 2393 ejus
861 2312 898 2374 de
931 2312 1069 2377 ordinata
1097 2312 1202 2376 mundi

103 2419 307 2496 compositione
334 2439 414 2501 opus
436 2421 596 2500 recitasse,
625 2422 715 2504 idque
740 2428 859 2484 ceutmn
884 2421 1066 2485 talentorum
1085 2439 1202 2484 suumra

102 2525 227 2604 praecii,
242 2527 314 2592 loco
345 2528 414 2591 data
438 2528 562 2609 dignum
589 2548 656 2593 esse
685 2529 827 2592 habiturn.
882 2528 966 2592 Nihil
996 2529 1104 2606 refert,
1135 2529 1201 2608 ipse

103 2627 297 2713 Democritus,
327 2656 366 2698 an
395 2637 461 2715 ejus
487 2637 652 2720 propinqui
676 2638 788 2701 librum
815 2635 980 2711 recitarint,
1006 2635 1061 2698 sed
1081 2642 1202 2698 centurn

103 2755 134 2798 an
151 2743 304 2826 quingenta
332 2744 444 2808 talenta
470 2746 654 2828 philosopho
684 2745 848 2809 Abderitae
875 2743 1020 2822 dederint,
1041 2742 1074 2805 in
1090 2762 1200 2824 magno

104 2843 258 2915 discrimine
279 2853 457 2934 ponendum
481 2860 534 2917 est
573 2859 676 2937 Quum
700 2859 800 2916 autem
818 2854 879 2916 duo
903 2850 1069 2932 scriptores
1095 2852 1125 2912 in
1150 2851 1201 2915 iis

103 2953 160 3018 dem
180 2966 296 3024 centum
328 2962 447 3026 talentis
475 2964 593 3026 muneri
613 2962 690 3026 datis
712 2961 910 3036 consentiant,
932 2960 1091 3040 probabile
1112 2961 1203 3022 fuerit

103 3059 167 3127 banc
186 3086 340 3146 summam,
368 3090 446 3153 quae
473 3092 532 3152 par
556 3077 603 3136 est
631 3069 799 3134 Democriti
820 3067 1005 3150 patrimonio
1027 3066 1201 3152 longinquis

104 3235 287 3264 ἦ----ι.-

163 3353 183 3418 ⁹)
201 3359 296 3414 Suides
322 3374 346 3412 v.
366 3355 542 3432 Δημόκριτος
580 3357 641 3432 ἦρξε
665 3357 693 3412 ll
718 3357 744 3411 ἐν
761 3355 900 3431 Ἀβδήροις
920 3354 962 3410 διὰ
980 3356 1027 3428 τὴν
1049 3352 1141 3408 ἑαυτοῦ
1160 3371 1200 3409 oo·

105 3425 285 3507 alueoque.

164 3527 199 3593 ¹⁹)
221 3531 391 3586 Antisthenes
418 3547 460 3599 ep.
487 3533 561 3598 Diog.
585 3533 670 3584 Luert.
696 3531 740 3582 lib.
761 3530 801 3594 lx,
822 3527 857 3584 39
884 3525 966 3599 νόμον
998 3525 1026 3580 ll
1058 3521 1132 3586 larue
1156 3523 1200 3578 τὸν

105 3594 260 3664 ἀναλώσαντα
278 3614 326 3684 τὴν
344 3611 468 3686 πατρῴαν
489 3609 579 3666 abolem
598 3612 633 3683 μὴ
652 3607 787 3672 ἀξιοῦσθαι
804 3615 887 3683 ταφῆς
899 3610 926 3663 ἐν
945 3606 1106 3684 episcopide,
1124 3607 1201 3679 φησιν

106 3674 284 3763 i'haaeeoqe
313 3693 430 3751 συνέντα,
461 3693 497 3765 μὴ
522 3689 665 3749 ὑπιὺλλννος
693 3687 812 3762 γτνηθτλη
838 3691 900 3764 πρός
925 3707 1004 3744 τινιον
1031 3685 1200 3760 φθονοΰντονν

105 3762 142 3813 ao
158 3771 395 3842 omopaarobvrum,
413 3775 560 3846 ἀναγνῶναι
580 3771 668 3832 αὐτοῖς
687 3771 731 3824 τὸν
751 3771 832 3843 μέγαν
852 3769 1012 3840 Διάκοτμον,
1034 3767 1062 3830 λς
1079 3768 1201 3822 ἁπάντων

105 3843 149 3892 τῶν
167 3845 243 3902 αὐτοῦ
266 3855 474 3926 οοῃραμμάτονν
492 3853 613 3926 sepeigei·
634 3853 679 3906 καὶ
698 3851 876 3912 πτντανιοαλοις
896 3851 1032 3910 ταλάντοις
1052 3845 1202 3921 τιμηθῆναι,

107 3921 136 3994 pq
152 3925 224 3994 μόνον
243 3931 281 4000 tl,
300 3934 367 3990 ἀλλὰ
383 3935 428 3988 καὶ
443 3933 556 4009 χαλκαῖς
574 3931 663 3989 οἰκότι.

168 4021 203 4085 ¹¹)
223 4025 261 4078 De
281 4028 333 4080 hoo
353 4030 446 4081 contar
464 4029 538 4080 Jons.
560 4029 594 4081 de
618 4027 710 4092 script
728 4028 787 4080 hist
806 4027 850 4093 ph.
870 4026 928 4078 libr.
948 4028 987 4078 lv.

167 4111 203 4178 ¹²)
225 4117 355 4184 Diogenes
383 4122 503 4173 Laertius
529 4120 573 4172 lib.
597 4119 637 4182 IX,
657 4115 693 4170 to
719 4113 752 4172 Ὅ
778 4116 805 4171 et
825 4114 972 4188 Δημήτριος
994 4115 1055 4176 τοὺς
1073 4115 1202 4183 cunrade

109 4180 178 4242 elaad
197 4212 271 4266 φησιν
291 4196 436 4269 ἀναγνῶναι
454 4198 499 4252 τὸν
519 4201 600 4270 μέγαν
625 4195 785 4268 Διανοτμον,
805 4195 834 4254 ὃν
856 4195 936 4268 μόνον
956 4193 1047 4252 ἑκατὸν
1065 4193 1201 4250 ταλάντων

109 4266 240 4343 fiendi-raa.
278 4275 366 4332 Ταῦτα
390 4279 418 4334 lt
438 4277 646 4348 ααλἹπττόβοτος
666 4297 752 4352 φησιν.
