2938 4864
306 293 368 356 274
641 284 838 348 Quaestionum
858 285 1089 340 Democriteum

310 456 522 524 Eiterwuiulen
549 454 603 516 der
632 453 730 514 Krebs
760 452 809 514 die
837 450 1020 514 solrlimmste
1044 454 1214 517 Kranlilueit
1244 456 1295 518 ist:
1323 459 1420 522 suist

311 576 400 631 unter
425 565 483 626 den
510 562 743 624 Reiclrtlriimern
772 561 826 622 das
855 561 1049 640 Unpasseride
1085 564 1147 626 und
1174 566 1336 627 llarieriide
1370 567 1419 628 ein

311 679 428 758 grossos
446 671 540 734 llebcl
557 671 586 732 d.
600 671 627 732 lu.
650 671 698 730 uie
719 673 862 746 vermiige
881 669 962 730 ihrer
985 669 1096 730 Gritlse
1113 672 1161 732 fur
1182 671 1270 734 einen
1292 675 1421 736 tluliriclu-

310 795 362 848 teu
383 783 520 846 Besitzer
542 779 624 840 niclit
646 778 814 858 passemlen
837 775 1049 838 Reiclrtliiimer
1072 779 1139 840 sind
1160 781 1228 855 ilum,
1255 783 1289 859 je
1317 781 1421 862 linger

312 915 346 956 er
364 894 444 954 ihrer
465 890 599 970 geuiesst
620 887 707 948 desto
726 882 979 946 verderbliclrer.''
1023 887 1069 946 lle
1088 905 1165 948 voce
1189 885 1358 971 φαγέδαινα
1379 889 1423 950 le·

312 1001 438 1084 gendos,
461 1005 582 1078 praeter
596 993 740 1056 Foesium
764 995 792 1052 iu
804 993 919 1052 Occou.
933 992 1079 1072 llippoor.
1101 995 1126 1056 lr.
1141 1015 1180 1070 v.,
1203 997 1422 1059 Valckenarius

313 1114 350 1174 ml
373 1113 513 1170 Ammon.
543 1124 609 1185 pag.
631 1103 692 1164 eet
708 1121 791 1182 seqq.
842 1100 1028 1162 lutransitive
1053 1101 1101 1162 hic
1128 1104 1336 1186 accipiendum
1358 1115 1424 1168 erat

314 1213 535 1304 τροςαρμόζον,
557 1233 617 1292 qua
638 1207 856 1290 significatione
879 1207 1064 1287 frequentius
1084 1219 1130 1272 est
1151 1212 1275 1274 uerbum
1294 1213 1422 1293 simplex

312 1323 466 1410 ἁρμόζειν.

398 1435 448 1494 68.
493 1426 573 1488 οἶτον
596 1427 635 1488 de
665 1423 793 1486 Gesneri
823 1423 998 1501 conjectura
1019 1443 1078 1502 pro
1101 1429 1199 1500 οῖτον;
1217 1427 1276 1489 atel
1299 1427 1422 1508 scripsi-

312 1562 380 1606 mua
400 1557 457 1620 pro
479 1535 537 1597 ἀεὶ.
579 1532 738 1597 Jacobsius
766 1531 796 1592 iu
823 1531 981 1593 Animadn
1011 1531 1049 1593 ad
1071 1531 1175 1614 Eurip.
1198 1546 1228 1596 et
1245 1537 1331 1598 Stob.
1354 1559 1421 1619 pag.

313 1653 376 1714 238
397 1648 456 1726 legi
478 1643 617 1707 uoluerat
642 1639 706 1725 βίον
727 1639 776 1701 vel
802 1635 914 1722 βιοτάν,
944 1659 1021 1721 qnae
1049 1649 1149 1702 tamen
1170 1645 1338 1707 emendatio
1363 1648 1422 1727 ipsi

313 1767 420 1841 postea
449 1750 601 1832 displicuit
629 1751 660 1808 in
688 1746 816 1809 Praefert
838 1747 877 1808 ad
909 1746 1006 1810 Curua
1031 1751 1181 1815 secundas
1205 1773 1235 1832 p.
1254 1752 1343 1830 XlV,
1371 1756 1423 1817 ubi

313 1863 441 1931 Gesneri
461 1858 664 1939 suspicionem
696 1855 928 1917 confirmaturus
954 1857 1093 1936 apposite
1114 1861 1253 1924 excitavit
1274 1863 1425 1943 fragmen-

313 1984 375 2037 tum
395 1968 525 2034 Cratetis
548 1967 589 2027 Vl
615 1965 644 2025 in
665 1962 800 2025 Analeet.
822 1963 955 2026 Brunck.
978 1965 1096 2028 Toml
1121 1987 1188 2049 pag.
1215 1970 1283 2032 t87.

415 2091 543 2164 Χρήματα
563 2089 588 2142 δ’
609 2087 659 2141 cta
681 2083 765 2140 ἐθέλον
784 2087 901 2158 συνάγειν
922 2085 1015 2154 κλυτά,
1033 2087 1166 2166 κανθάρου
1185 2093 1255 2146 οἶτον

414 2171 561 2244 lll'upprpmc
578 2169 605 2224 τ’
626 2168 731 2241 ἄφενος,
750 2170 873 2242 χρήματα
891 2167 1041 2238 μαιόμενος.

312 2297 342 2352 et
361 2283 534 2352 Callimach.
555 2283 663 2363 llyum.
686 2281 716 2343 iu
736 2281 848 2342 Pallad.
867 2301 909 2343 ve.
931 2283 987 2344 et:

604 2426 747 2438 ---—
770 2401 868 2466 μοιρῶν
889 2395 958 2449 οἶτον
977 2395 1123 2467 &plautium

312 2509 362 2573 nbi
383 2507 451 2568 vide
475 2501 635 2582 Spaulrem.
657 2519 724 2578 pag.
744 2501 815 2560 689.
858 2499 912 2560 llis
934 2500 1073 2563 omnibus
1094 2501 1172 2565 locis
1192 2499 1273 2570 οἶτος
1293 2523 1356 2566 non
1377 2515 1424 2569 est

311 2637 375 2680 sors
393 2614 519 2696 e'nsctr'u,
543 2616 577 2671 ut
597 2605 679 2686 apud
700 2607 873 2682 llomernm,
894 2608 946 2688 qni
967 2616 1065 2672 tamen
1084 2629 1174 2690 saepe
1195 2609 1288 2678 κακός
1310 2614 1424 2694 adjicit,

311 2725 366 2787 sed
385 2721 508 2784 omnino
528 2737 601 2791 sors,
612 2715 738 2796 fatiam.

395 2831 445 2892 uu.
486 2824 646 2888 Posuimus
673 2819 804 2884 τέκνοισι
831 2829 861 2883 et
889 2820 1045 2906 ξυναρωγή
1075 2845 1133 2904 pro
1163 2821 1277 2894 τέκνοις
1299 2834 1330 2890 et
1354 2851 1423 2890 ουν-

311 2937 428 3022 «aaut.

394 3047 445 3108 70.
487 3038 669 3103 luseruimus
690 3036 730 3120 μὴ
751 3045 819 3100 ante
841 3036 1096 3124 καταφερόμενον,
1116 3060 1192 3120 qnec
1213 3041 1261 3102 vix
1280 3046 1425 3108 emenda-

311 3156 353 3217 tio
374 3150 502 3216 dicende
523 3153 578 3225 eat,
596 3166 688 3228 quum
712 3165 727 3204 ν
757 3141 972 3227 &pelicanum
1000 3165 1159 3226 perperam
1179 3149 1312 3212 additum
1333 3173 1425 3233 prae-

309 3279 430 3342 gressae
451 3257 521 3320 voci
541 3253 668 3338 τύχωσι,
690 3251 772 3334 quod
787 3251 920 3314 Orellius
939 3253 1068 3327 retinuit,
1091 3255 1285 3320 Burcliardus
1297 3259 1423 3338 delevit,

309 3368 389 3430 illius
413 3363 454 3448 μὴ
476 3363 636 3442 uestigium
664 3361 762 3422 adlme
786 3377 907 3420 servare
928 3361 1072 3424 videatur.
1116 3363 1331 3430 substituimus
1354 3368 1424 3433 δέει

308 3494 367 3556 pro
391 3473 447 3535 δεῖ.
489 3472 523 3532 lu
543 3468 737 3553 sequentibus
756 3467 905 3547 vulgatam
932 3466 1092 3530 lectionem
1119 3472 1334 3537 aBurchardo
1354 3496 1423 3540 non

308 3583 386 3642 bene
408 3580 562 3641 detonsam
581 3575 717 3662 χαλεπὸν
741 3574 775 3636 δὲ
795 3577 898 3659 τυχεῖν
925 3572 1003 3653 ἑνός,
1028 3596 1087 3655 pro
1108 3601 1167 3662 qua
1188 3580 1355 3644 Salmasius
1381 3583 1421 3648 οὺ

307 3688 444 3772 χαλεπὸν
468 3685 566 3767 δὲμὴ
592 3685 695 3768 τυχεῖν
718 3679 785 3748 ἑνός
812 3682 872 3762 legi
895 3682 999 3760 voluit,
1027 3685 1187 3750 Jacobsius
1217 3689 1356 3770 χαλεπὸν
1383 3692 1421 3754 δὲ

309 3795 365 3858 οὐκ
386 3794 509 3877 ἀτυχεῖν
530 3791 598 3860 ἑνός
628 3791 811 3854 exarandum
843 3791 982 3870 conjecit,
1012 3791 1116 3853 addito
1146 3794 1276 3858 articulo
1311 3803 1342 3858 ct
1372 3819 1423 3860 re-

295 3904 413 3968 stituto
439 3901 575 3963 lonismo
607 3898 637 3960 in
665 3897 802 3982 χαλεπὸν
834 3897 867 3960 δὲ
895 3895 1014 3981 τοχέειν
1037 3903 1091 3961 τοῦ
1113 3899 1181 3968 ἑνός
1201 3903 1420 3968 convertimus

305 4009 478 4072 Sententiae
496 4026 614 4084 nexum,
638 4006 820 4086 omninoque
842 4025 905 4066 rem
926 4005 963 4066 de
985 4026 1044 4087 qua
1061 4007 1170 4087 agitur,
1189 4010 1246 4072 hoc
1267 4017 1313 4072 est
1333 4031 1422 4074 com-

304 4117 491 4196 parationem
516 4135 534 4176 a
560 4112 753 4178 saltatoribus
775 4113 895 4174 ductam
917 4111 1076 4196 ipsumque
1097 4116 1222 4178 saliendi
1243 4119 1421 4194 artificium,

301 4222 430 4304 denique
449 4221 669 4284 similitudinem
687 4221 764 4284 iuter
780 4219 954 4282 saltatorem
968 4217 1067 4286 ninius
1083 4224 1215 4304 peritum
1235 4233 1265 4288 et
1282 4226 1420 4288 hominis
