2892 4872
355 307 438 365 Liber
449 309 484 370 11.
518 309 561 365 lle
576 309 725 366 Demoefiti
744 314 864 387 scriptia.
1105 324 1166 390 107

142 468 218 552 Ergo
244 473 416 538 litterarum
442 477 643 541 monumentis
668 481 861 547 Democritus
881 484 1050 568 illustravit,
1071 497 1106 554 ut
1127 511 1165 554 ex

72 574 305 660 hocscriptornm
324 583 451 647 elencho
464 591 556 665 patet,
567 593 656 670 atque
672 589 812 671 utmagis
826 591 914 680 etiapn
926 603 1060 659 anostra
1072 601 1165 681 expli-

71 683 173 748 catione
191 707 267 770 quae
280 689 431 754 librorum
449 691 543 756 titulis
560 693 640 757 infra
655 696 842 778 adjungetur,
851 702 975 780 patebit,
989 724 1049 767 non
1064 707 1165 770 solum

70 792 197 856 nioralsm
213 797 449 881 philosophiam,
463 819 569 863 venam
582 801 673 864 etiam
686 805 882 888 theologiam¹
894 807 1111 888 ⁴),historiam¹
1123 813 1164 896 '),

68 897 206 976 physicam
223 906 418 988 disciplinam
440 917 471 972 et
491 908 715 992 physiologiam
730 911 786 990 16),
801 914 1052 998 hydroscopicen,
1068 928 1165 986 astro

68 1007 189 1088 flamiam,
209 1017 473 1097 scenographiam,
501 1017 626 1099 opticen
641 1019 648 1051 ¹
661 1017 700 1101 ⁷),
726 1021 931 1102 geometriam,
948 1025 1164 1108 arithmeticen,

67 1130 145 1190 porro
163 1137 214 1184 eas
240 1122 397 1188 doctrinas
425 1145 500 1208 qnos
535 1145 616 1188 nunc
637 1129 725 1192 novis
750 1129 907 1193 vocabulis
927 1134 1165 1217 psychologiam,

67 1221 338 1312 chromatologiam,
365 1234 556 1316 zoologiam,
583 1235 781 1318 lithologiam,
809 1239 981 1321 geologiam
1009 1261 1162 1323 vocamus,

66 1338 203 1406 paeterea
219 1339 393 1421 botaraicen,
406 1342 560 1422 musicam,
569 1345 717 1426 poeticen,
729 1348 960 1428 grammaticam,
975 1351 1163 1430 medicinam,

65 1439 270 1525 tgrlealbiram,
293 1449 456 1529 picturam,
476 1459 572 1515 artem
594 1453 762 1518 militarem.
809 1461 895 1538 Quae
917 1475 1010 1538 quum
1030 1459 1071 1523 ita
1095 1459 1163 1537 sint,

64 1559 139 1612 nemo
151 1550 307 1633 dubitabit,
320 1557 394 1639 quin
408 1559 608 1640 philosophus
618 1561 822 1627 Abderitanns
835 1564 865 1626 in
885 1583 991 1628 eorum
1004 1567 1095 1629 luerit
1109 1587 1163 1630 nu-

64 1669 142 1734 nero,
157 1679 286 1742 quonam
306 1665 358 1728 vix
377 1667 488 1748 singuli
501 1668 629 1750 singulis
649 1671 779 1734 saeculis
797 1679 972 1735 nascuntur.
1009 1673 1081 1735 Fuit
1101 1674 1161 1752 ille,

65 1777 223 1848 quanquam
254 1771 286 1835 in
318 1775 446 1839 materis
468 1777 630 1855 dissimilis,
654 1778 686 1840 in
707 1781 767 1842 hoc
788 1780 937 1862 aequabili
959 1781 1092 1842 omnium
1115 1803 1163 1844 ar-

64 1866 123 1931 tium
142 1877 239 1941 studio
260 1879 435 1945 simillimus
459 1883 642 1949 Aristotelis.
690 1886 791 1970 Atque
814 1887 893 1950 hand
913 1889 987 1964 seio,
1008 1907 1046 1950 an
1064 1889 1163 1970 Stagi-

65 1975 123 2040 rites
141 1980 217 2046 illam
241 2007 302 2069 qua
320 1988 456 2071 reliquos
474 1992 676 2075 philosophos
696 2002 820 2076 superat
840 1994 1039 2058 eruditionem
1062 1996 1162 2078 aliqua

64 2099 94 2143 tx
109 2097 187 2167 parte
214 2095 387 2158 Democriti
414 2096 563 2162 librorum
592 2100 718 2164 lectioni
742 2102 889 2165 debuerit.
940 2103 1013 2166 lude
1032 2103 1085 2165 illa
1103 2104 1163 2164 ire·

64 2207 143 2270 quens
169 2205 249 2284 apud
266 2203 478 2283 ,Aristotelem
513 2210 682 2272 Democriti
711 2210 823 2273 mentio
857 2207 976 2291 est'⁸).
1035 2212 1162 2273 Constat

65 2336 243 2368 κ.-

122 2439 156 2506 “)
172 2444 239 2496 libro
258 2445 320 2518 περὶ
340 2443 449 2500 albdhoa
469 2445 485 2519 ἢ
504 2448 561 2518 περὶ
581 2447 713 2520 προνοίης.

122 2531 156 2596 ¹⁵)
173 2538 205 2588 ci.
227 2553 299 2604 qnae
319 2539 443 2592 dicentur
467 2540 501 2592 de
526 2540 600 2592 libris
622 2539 680 2610 capi
700 2543 753 2592 τῶν
778 2538 805 2592 ἑν
822 2533 916 2593 'habac
936 2535 1080 2612 atiphrasio
1099 2535 1161 2592 lirc-

64 2612 188 2676 tinniens
203 2615 237 2688 η’.
346 2663 350 2670 .

123 2703 156 2768 “l
176 2711 238 2766 inde
260 2717 312 2775 est,
340 2713 412 2778 quod
436 2726 489 2763 non
516 2727 577 2764 raro
602 2712 637 2764 ab
663 2713 779 2778 antiquis
799 2713 927 2777 physicus
946 2714 1159 2778 cognominatur,

64 2789 108 2841 ‘luo
125 2784 219 2844 iaciiius
236 2795 271 2846 ab
291 2795 350 2846 aliis
369 2794 528 2846 Democritis
545 2795 674 2845 Abderita
694 2794 782 2858 possit
801 2793 934 2858 distingui.
972 2794 1009 2845 Cl.
1029 2793 1159 2858 Pompon.

63 2855 118 2912 tiata
137 2867 176 2920 tib.
196 2875 217 2924 li
235 2889 294 2940 cap.
312 2871 337 2925 l.
373 2875 453 2927 Solin.
472 2875 597 2941 Polyhist.
613 2889 672 2939 cap.
693 2875 723 2926 il.
764 2872 903 2925 Scholiast.
920 2875 1039 2938 Apollon.
1064 2875 1108 2927 lib.
1127 2875 1159 2926 lv

68 2949 125 2994 leis.
140 2945 188 3002 aas
203 2967 261 3020 pag.
279 2951 339 3006 185.
352 2954 377 3005 F.

103 3039 156 3166 ὅ)
174 3047 225 3096 vid
239 3048 392 3099 nontuciaa
404 3047 514 3099 histoire
532 3047 580 3099 des
600 3045 823 3111 matbematiques
844 3038 944 3096 Tomi
961 3039 1054 3111 parti
1071 3044 1115 3096 tib.
1126 3039 1161 3098 lll

65 3121 85 3172 i·
116 3117 151 3171 —i.

124 3211 162 3278 ¹⁸)
182 3217 208 3266 in
229 3220 260 3272 iis
288 3231 359 3285 quae
382 3221 497 3270 aetatem
519 3219 636 3272 tulerunt
657 3218 785 3283 operibus
811 3220 982 3284 septuaginta
1008 3220 1070 3268 octo
1091 3218 1157 3269 iocis

65 3279 224 3350 Damocritum
248 3301 406 3352 Aristoteles
428 3303 630 3352 commemorat.
669 3301 761 3365 Neque
785 3311 848 3349 raro
873 3300 910 3350 ita
936 3297 1082 3350 honorifice
1098 3298 1157 3350 De-

67 3373 153 3424 mocriti
178 3383 312 3442 meminit,
337 3383 369 3430 ut
395 3393 457 3432 enm
484 3384 573 3446 magni
603 3383 699 3434 iecisse
726 3379 806 3443 hujus
819 3380 952 3443 judicium
971 3381 1073 3431 videas.
1122 3380 1160 3432 iix

66 3451 170 3506 omnibus
188 3459 340 3524 hujusmodi
353 3461 419 3514 iocis
437 3476 521 3512 unum
539 3463 656 3513 sufficiat
674 3461 811 3525 allegasse,
833 3461 879 3526 qui
894 3465 981 3512 exstat
999 3460 1034 3512 da
1053 3474 1112 3526 gen.
1131 3465 1178 3512 at.

67 3534 122 3581 corr.
136 3535 175 3588 tib.
190 3534 201 3593 1
219 3556 277 3608 cap.
299 3539 317 3594 ά
334 3544 386 3594 voi.
403 3535 415 3593 l
432 3555 458 3606 p.
475 3539 526 3592 315
544 3542 585 3594 ed.
603 3543 712 3594 bekker.
755 3539 800 3592 Ait
817 3546 916 3603 antean
933 3556 1017 3607 quum
1034 3543 1158 3606 philoso-

67 3603 162 3666 phorum
177 3633 254 3674 nemo
273 3623 308 3675 de
328 3624 501 3688 generatione
524 3627 552 3674 et
571 3626 751 3688 corruptione,
770 3623 804 3674 de
825 3624 992 3675 incremento
1012 3625 1039 3674 et
1062 3625 1158 3672 muta-

66 3685 124 3741 tione
146 3699 191 3750 nisi
219 3706 374 3756 summatim
401 3707 430 3756 et
458 3704 553 3756 leviter
578 3704 707 3766 tractarit,
738 3704 923 3755 Democritum
951 3709 1041 3756 minen
1070 3703 1155 3754 videri

67 3774 137 3823 onnia
155 3791 232 3834 curae
253 3785 389 3838 habuisse.
426 3784 514 3836 Verba
534 3799 631 3851 graeca
650 3788 727 3836 sunt:
741 3777 832 3841 Ὀλως
852 3799 880 3835 τι
901 3781 933 3854 δὴ
952 3784 1010 3854 περὶ
1030 3781 1156 3852 pavissent

66 3847 101 3898 “l
114 3851 204 3927 φθοράς
227 3866 273 3935 τῆς
294 3861 377 3934 ἁπλῆς
401 3861 518 3928 λιττάον,
537 3863 645 3936 πότερον
670 3861 736 3918 lanu
757 3863 773 3935 ἢ
796 3861 846 3916 oba
867 3863 920 3915 ῐστι
939 3863 984 3915 acl
1004 3869 1060 3920 πῶς
1080 3861 1158 3926 ἐστιν,

67 3926 103 3978 ²²1
116 3937 166 4006 npl
182 3945 232 3993 τῶν
250 3941 339 3995 ἄλλων
360 3942 450 3998 ἁπλῶν
466 3945 603 4018 νινήσιων,
622 3942 676 3997 οἷον
695 3944 752 4015 περὶ
769 3941 905 4015 αὐξήσεως
920 3945 965 3996 καὶ
981 3941 1158 4001 ἀλλοιώσεως.

68 3999 160 4068 Πλάτων
179 4021 223 4088 μάν
243 4022 289 4076 οὖν
307 4021 387 4094 μόνον
406 4027 464 4098 περὶ
482 4025 607 4097 paulonas
626 4024 757 4096 άσνάψατο
775 4026 821 4076 aul
838 4019 1031 4096 ράορᾶς,ὅποις
1050 4021 1159 4095 ὑπάρχει

67 4091 111 4146 τοῖς
125 4099 256 4168 τράῃισσι,
267 4106 379 4178 καὶπερὶ
392 4107 527 4176 pantaenus,
545 4104 575 4159 cla
595 4105 689 4176 πάσης,
706 4104 775 4158 ἀλλὰ
792 4109 838 4177 τῆς
856 4110 908 4157 τῶν
930 4103 1082 4176 mespileas·
1102 4107 1158 4163 πῶς

82 4163 221 4255 lcipmp
248 4183 311 4238 ὀστᾶ
336 4185 353 4257 ἢ
375 4192 428 4238 τῶν
454 4187 542 4241 ἄλλων
563 4205 586 4240 τι
604 4191 657 4240 τῶν
676 4185 813 4246 τοιούτων,
841 4183 933 4240 obita·
961 4185 999 4240 άτι
1023 4180 1082 4239 οὔτε
1102 4183 1158 4256 περὶ

69 4241 212 4322 williham
231 4259 288 4320 abac
307 4269 365 4338 περὶ
386 4265 535 4339 uitiosos,
561 4269 617 4322 alac
644 4266 738 4339 τρόπον
757 4267 903 4342 ὑπάρχουσι
923 4273 977 4330 τοῖς
1001 4267 1157 4338 πράγμασιν.
