2892 4872
386 337 470 392 Liber
491 337 513 390 l.
550 335 593 390 Do
614 334 763 390 Democriti
785 335 850 388 rite.
1132 333 1171 396 71

76 506 167 590 ὑμέων
182 508 228 569 καὶ
243 503 329 569 αὐταὶ
348 502 450 586 ὑμέες.
474 499 565 566 ΑΓΟ.
584 499 656 569 Πῶς
668 500 780 583 λέγειςς
793 501 962 586 καταγελᾷς
976 501 1063 584 ἡμῶν
1077 501 1168 563 ἁπάν-

74 638 126 678 των
154 615 201 677 καὶ
221 613 292 698 παρ’
319 612 409 676 οὐδὲν
432 611 551 674 τίθεσαι
569 608 607 672 τὰ
620 608 756 693 ἡμέτερα
769 609 948 693 πράγματας
973 606 1070 671 dllll.
1089 605 1169 670 ‘ttae

74 723 144 807 ἔχει·
167 724 327 786 σπουδαῖαι
351 720 409 803 γὰρ
431 720 461 782 ἐν
486 717 622 781 αὐτέοισι
650 715 751 794 οὐδέν,
781 716 854 780 κενὰ
879 717 1097 793 illidentem,
1119 715 1168 778 καὶ

72 831 183 915 ἀτόμων
201 832 281 916 φορὴ
305 830 356 893 καὶ
374 828 507 911 ἀπειρίη.
550 821 642 888 ΑΙὈ.
668 822 837 907 Οὔμενουν,
861 825 942 888 ἀλλὰ
964 825 1169 892 alexaudriae

72 939 186 1023 ἀληθῶς
202 939 253 1002 καὶ
274 937 410 1023 ἄπειρος,
434 936 459 998 ὢ
480 937 533 1016 τῆς
557 933 683 1018 ὕβρεως,
705 931 741 994 οὐ
763 931 875 996 παύσει
897 935 1012 1017 pelidem
1040 935 1169 996 Juvena-

70 1050 102 1110 lis
117 1048 162 1128 ¹⁹)
177 1049 219 1112 ait
241 1047 449 1110 Democritum
478 1045 529 1126 qui
546 1042 669 1125 antiqua
688 1041 738 1103 illa
757 1049 855 1104 aetate
871 1043 937 1120 jain
956 1042 1054 1104 inania
1075 1040 1169 1102 horni-

70 1178 133 1218 unm
162 1158 258 1220 studia
282 1156 346 1218 risu
366 1153 530 1234 exceperit,
554 1151 650 1212 multe
679 1151 833 1227 majorem,
864 1151 890 1212 si
911 1151 1006 1230 ipsius
1033 1157 1169 1228 tempore

70 1267 192 1344 degeret,
228 1266 307 1326 risus
338 1262 493 1324 materiam
520 1267 648 1340 propter
678 1263 797 1320 auctam
824 1258 979 1320 bominum
1009 1257 1169 1332 levitatem,

69 1375 222 1451 vertitatem,
245 1371 398 1436 luxuriam
419 1377 449 1432 et
468 1369 586 1431 irionem
605 1387 748 1448 pompam
769 1367 939 1428 habiturum
960 1367 1060 1430 luisse.
1092 1365 1170 1428 Sub·

64 1484 158 1560 jieiam
173 1482 238 1562 ipsa
261 1482 326 1559 ejus
345 1479 453 1541 verba:

158 1581 292 1643 Perpetuo
309 1579 364 1628 risu
386 1577 541 1640 pulmonem
562 1574 664 1638 agitare
682 1571 788 1622 solebat
885 1575 887 1580 '

158 1661 334 1719 Democritus,
354 1670 518 1722 quamquain
539 1670 593 1706 non
614 1655 706 1703 essent
724 1651 837 1704 urbibus
858 1655 906 1704 illis

161 1744 300 1793 Praetexta
321 1745 348 1790 et
366 1737 482 1798 trabeae,
503 1736 597 1796 fasces,
618 1735 720 1794 lectica,
744 1733 866 1784 tribunal.

158 1825 231 1886 Quid,
255 1823 279 1874 si
298 1821 409 1872 vidisset
427 1818 582 1868 Praetorem
601 1813 726 1866 curribus
747 1815 807 1866 altis

158 1905 321 1964 Exstanlem,
341 1905 367 1952 et
386 1899 475 1968 medio
494 1897 635 1949 sublimem
653 1894 680 1942 in
701 1895 813 1956 petivere
834 1897 901 1946 Circi

163 1989 190 2035 ln
210 1986 301 2035 tunica
319 1983 393 2032 levis
411 1984 438 2031 et
456 1981 544 2044 pictae
563 1979 677 2026 Sarrana
704 1975 832 2025 terentem

159 2068 193 2117 lix
216 2065 335 2116 nutrieris
351 2063 443 2112 arrlaea
466 2063 543 2124 togae
564 2069 730 2120 magnaeque
749 2068 867 2106 coronae

161 2149 277 2198 Tantum
297 2144 400 2204 orbem,
421 2144 521 2206 quanto
542 2139 634 2190 cervix
652 2149 705 2186 non
726 2136 824 2187 sufficit
845 2137 917 2188 ertia?

161 2231 268 2292 Quippe
291 2229 364 2278 tenet
390 2225 491 2276 sudans
517 2222 587 2272 banc
608 2217 744 2283 publicae,
772 2221 799 2267 et
821 2217 872 2268 sibi
897 2220 993 2269 Corrsul

159 2313 195 2362 Ne
215 2312 330 2375 placeat,
354 2320 435 2358 curru
455 2316 552 2354 servus
571 2303 695 2364 portatur
715 2297 818 2348 eodem.

158 2391 197 2441 lla
216 2404 291 2442 nunc
309 2393 336 2441 et
353 2388 498 2444 volucrem,
519 2385 627 2446 sceptro
642 2393 719 2448 ,qliae
738 2381 824 2444 surgit
843 2379 954 2441 eburno,

167 2473 239 2524 illinc
259 2470 415 2529 cornicines,
433 2466 496 2516 binc
516 2463 707 2528 praecedentia
725 2462 795 2524 longi

161 2551 284 2616 tigurinis
302 2551 390 2602 officia
409 2551 436 2599 et
456 2547 550 2596 niveos
572 2543 607 2594 ad
626 2543 700 2594 trena
719 2543 843 2604 Quirites

161 2635 275 2684 Deiossa
297 2633 323 2682 in
344 2629 444 2688 loculis,
470 2639 538 2689 qrros
557 2624 677 2687 sportula
697 2623 760 2674 iecit
777 2625 886 2673 amicos

162 2717 230 2765 Turn
253 2727 361 2778 qrroqne
377 2709 517 2760 nrrrleriam
534 2707 605 2756 risus
625 2705 726 2754 invenit
746 2703 781 2754 ad
800 2716 894 2752 omnes

160 2799 299 2848 Occursus
317 2795 463 2850 hominum,
482 2788 560 2850 crrjus
580 2785 722 2850 prudentia
744 2785 877 2834 monstrat

160 2881 289 2928 streames
307 2889 388 2940 posse
405 2873 478 2922 vires
498 2871 526 2920 et
541 2880 637 2930 magna
657 2865 778 2930 exempla
798 2865 909 2914 daturos
997 2910 999 2914 .

160 2959 314 3010 Vervecnm
334 2959 359 3006 in
378 2955 463 3020 patria
478 2961 627 3014 crassoque
646 2946 696 2997 sub
718 2955 780 2996 aere
801 2944 888 2995 nasci.

162 3038 278 3090 Ridebat
296 3051 384 3096 curas,
403 3045 524 3085 necnon
543 3035 571 3082 et
591 3027 688 3094 gaudia
705 3026 785 3088 vulgi,

161 3119 301 3172 interdum
320 3121 347 3170 el
367 3118 505 3174 lacrimam
521 3125 584 3164 cum
605 3111 728 3160 fortunae
750 3107 807 3169 ipse
827 3103 925 3154 minaci

162 3201 305 3252 blaridaret
330 3200 454 3262 laqueum
471 3196 644 3258 mediumque
663 3188 819 3240 ostenderet
840 3197 963 3250 unguem.

69 3292 204 3358 Similiter
231 3294 295 3372 jam
321 3288 464 3352 Horatius
476 3283 529 3364 20)
548 3282 667 3372 putarit
687 3283 820 3341 staturum
842 3277 944 3352 luisse,
964 3277 998 3337 ut
1017 3267 1175 3352 plebecula

70 3403 195 3464 Ιίοιιιαιια
224 3423 244 3464 a
274 3396 459 3472 Democrito,
495 3393 521 3456 si
554 3391 610 3454 sub
641 3388 780 3468 Augusto
811 3385 940 3462 viveret,
979 3379 1175 3443 derideretur.

72 3511 178 3572 Etenim
200 3510 247 3572 sic
269 3507 389 3570 scribit:

163 3611 189 3658 Si
212 3609 281 3657 toret
299 3609 323 3654 in
344 3603 429 3662 terris,
455 3601 556 3650 rideret
574 3594 761 3652 Democritus3
782 3605 831 3641 seu

164 3691 307 3739 Diiersum
327 3683 439 3736 contusa
459 3695 543 3745 genus
565 3677 695 3742 panthera
717 3674 829 3733 camelo,

163 3773 226 3820 Stre
246 3768 354 3830 elephas
372 3763 449 3816 albus
469 3761 538 3825 vulgi
560 3759 734 3810 converteret
752 3768 813 3805 ora:

167 3853 310 3914 spectaret
329 3847 458 3912 populum
478 3843 546 3893 ludis
565 3841 692 3890 attentius
712 3839 785 3899 ipsis,

166 3935 198 3980 l't
218 3932 268 3982 sibi
288 3929 462 3994 praebentem
483 3924 564 3973 mimo
587 3919 740 3982 spectacula
763 3917 853 3979 plura,

168 4015 319 4076 scriptores
343 4013 434 4060 autern
454 4017 562 4056 narrare
581 4004 689 4065 piriaret
709 3999 790 4049 asello

169 4093 301 4145 Fabellam
318 4089 415 4141 surdo:
436 4099 498 4136 uam
519 4097 589 4148 quoe
609 4081 767 4145 pervincere
785 4089 867 4127 voces

169 4174 298 4224 lliuluere
318 4183 423 4228 serrum,
444 4167 563 4218 raserunt
580 4175 660 4228 quem
682 4165 774 4210 nestra
794 4157 913 4208 tireatral

144 4325 180 4384 Η)
199 4323 334 4373 laureandis
354 4323 442 4383 satyr.
460 4320 481 4370 x
502 4333 525 4368 v.
547 4309 670 4368 :td-53.

147 4403 185 4467 ²⁰)
207 4404 335 4456 lloratius.
353 4403 435 4468 Epist.
454 4399 497 4450 lib.
511 4394 540 4462 ll,
562 4396 574 4447 l
593 4410 616 4448 r.
639 4392 687 4448 tet
701 4387 795 4442 -tet
832 4416 833 4420 =
