2932 4862
322 273 388 338 370
653 273 851 338 Quaestionum
879 273 1111 333 Demeriteemn

326 461 427 504 mores
449 441 605 523 dirigenda
624 440 763 504 sollertia
782 439 855 518 est‚''
874 441 928 504 aed
951 442 1032 504 idem
1055 442 1105 505 lib.
1125 441 1220 520 xvu,
1238 429 1292 508 ἰδέ
1307 443 1389 518 „Vites

327 549 499 631 aquilonem
509 557 647 629 spectare
657 551 767 611 debent
781 549 873 629 ipsae,
881 545 1019 628 palmites
1028 559 1126 613 autem
1135 571 1233 613 eanum
1244 549 1389 612 meridiem’

413 659 441 718 7.
485 656 566 719 {dem
585 657 623 718 de
643 657 820 719 Democrito
842 657 972 718 affirmat
995 658 1127 737 Symeon
1146 661 1226 722 Sethi
1244 660 1280 719 hl.
1300 661 1338 718 ll.
1357 659 1391 717 hu.

329 761 412 844 Φγσί
437 763 471 825 δὲ
494 761 693 848 Δημόκριτος,
718 763 761 832 ὥς
781 745 851 825 τινοί
867 763 996 846 φυτικὴν
1018 765 1204 847 συμπάθειαν
1226 763 1287 850 ἔχει
1304 763 1320 845 ἡ-
1340 787 1392 846 μορ

331 871 397 953 αι’νη
424 872 500 954 πρὸς
526 873 580 954 τὴν
611 869 712 954 pondu·
745 867 952 953 φατεοὸμεναι
982 869 1039 955 γὰρ
1064 873 1189 954 πλησίον
1217 873 1342 955 ἀλλήλων
1361 871 1393 930 εἰ·

332 980 509 1062 φορώταται
528 979 669 1060 γίνονται.
701 973 940 1059 Περιπλέκοντοιι
960 977 995 1039 δὲ
1009 977 1124 1062 οἰμροῖν
1150 980 1181 1042 αἰ
1201 980 1284 1064 ῥίζαι,
1302 977 1348 1040 κᾶν
1365 978 1393 1058 ρἰ,

330 1087 410 1147 πάνυ
440 1084 529 1168 ἐγγὺς
555 1085 639 1148 ὦσιν.
691 1086 852 1146 Caeterum
882 1103 944 1145 non
973 1085 1060 1147 aliter
1085 1085 1123 1146 de
1150 1088 1204 1150 hac
1228 1107 1259 1150 re
1280 1085 1394 1166 judicarit

334 1191 568 1271 Theophrastus,
592 1193 679 1271 cujus
698 1191 792 1253 verba
813 1189 882 1253 vide
904 1191 942 1252 de
963 1191 1053 1256 Caua.
1071 1193 1164 1273 plant.
1184 1197 1213 1269 2,
1231 1197 1258 1257 9.

416 1305 445 1362 9.
489 1299 523 1360 ln
544 1298 713 1360 Democriti
735 1299 912 1360 sententiam
932 1301 1005 1362 abiit
1018 1300 1163 1364 helianus
1183 1302 1220 1363 de
1240 1300 1395 1362 animalum

332 1409 384 1471 lib.
404 1408 456 1482 lv,
478 1407 533 1468 93:
579 1401 706 1488 Kapnbu
739 1404 775 1466 δὲ
805 1403 886 1473 ἰτέας
915 1405 1058 1490 θλιβέντα
1086 1407 1114 1470 εἰ
1144 1407 1229 1490 δοίης
1255 1412 1324 1469 πιεῖν
1355 1411 1397 1469 τοῖς

333 1513 465 1595 ἀλόγοις,
496 1513 633 1572 λυπεῖται
659 1508 761 1573 ἐκεῖνα
791 1509 892 1588 οὐδέν,
916 1516 1033 1595 μᾶλλον
1055 1514 1160 1577 δὲκαὶ
1181 1515 1396 1600 mitescereret

333 1623 368 1684 δὲ
389 1620 552 1704 ἄνίλριοτιος
573 1615 626 1696 τὴν
648 1617 763 1700 σπορὰν
785 1617 838 1699 τὴν
861 1619 1044 1682 παιδοποιόν
1065 1643 1098 1684 τε
1118 1623 1170 1685 καὶ
1184 1621 1323 1707 ἔγκαρπον
1339 1621 1396 1682 airh·

333 1733 416 1792 heae.
459 1721 523 1787 Καί
547 1746 599 1808 μοι
628 1724 715 1786 δοκεῖ
732 1719 874 1810 Ὄμηρος
900 1726 951 1788 καί
976 1725 1014 1790 τὰ
1041 1731 1094 1810 τῆς
1122 1729 1248 1812 φύσεως
1274 1727 1397 1812 ἀπόρργτο

335 1832 523 1920 ἀνιχντύσας,
549 1830 613 1894 εἶτα
636 1831 738 1916 μέντοι
761 1833 811 1895 καὶ
835 1831 916 1895 ἰτέαν
946 1833 1161 1920 ὡλοοίιιαρπον
1188 1839 1219 1902 ἐν
1237 1844 1296 1906 τοῖς
1314 1837 1397 1898 ἑαυτοῦ

334 1941 453 2025 μέτροις
479 1939 585 2014 εἰπεῖν,
613 1943 702 2002 τοῦτο
733 1937 946 2022 αἰνιττόμενος.
993 1944 1108 2006 Contra
1139 1947 1254 2009 Plinius
1278 1951 1330 2008 nat
1353 1942 1398 2002 h‘ut

333 2051 418 2126 XVI,
441 2049 481 2110 λθ
504 2066 528 2110 s.
548 2051 602 2110 lb:
645 2047 814 2126 „Dcissime
832 2053 940 2123 autern,
963 2047 1066 2130 inquit,
1092 2053 1170 2114 salix
1192 2054 1294 2116 amittit
1310 2067 1398 2114 semen.

335 2164 501 2238 antequam
530 2155 653 2218 omniuo
684 2155 883 2216 maturitatem
908 2157 1029 2232 sentiat,
1058 2157 1098 2218 ob
1134 2160 1166 2221 id
1195 2162 1272 2223 dicta
1297 2161 1398 2221 llomero

334 2261 541 2345 lrngipcrtla.”
590 2263 700 2342 Neque
727 2262 815 2326 aliter
839 2263 1067 2342 Theophrastus
1098 2266 1174 2330 llist.
1207 2267 1297 2330 Plant
1322 2267 1359 2338 111,
1375 2266 1397 2322 ⁸2:

331 2369 429 2434 Ἀλλὰ
451 2369 504 2451 τὴν
531 2367 612 2430 ἰτέαν
633 2367 711 2451 ταχὺ
735 2371 1008 2453 προναταβοὶλλειν,
1037 2371 1097 2454 πρὸ
1119 2377 1175 2436 τοῦ
1198 2371 1398 2452 retinerent·

332 2499 382 2540 ναι
403 2477 454 2538 καί
481 2473 596 2558 πέψαι,
627 2477 679 2538 τὸν
709 2475 836 2558 καρπόν.
878 2476 933 2539 Διὸ
963 2478 1014 2540 καί
1038 2479 1089 2541 τὸν
1116 2483 1246 2565 ποιητὴν
1267 2480 1301 2544 οὐ
1325 2481 1398 2541 amit

331 2581 569 2667 προσαγορεύειν
593 2580 686 2663 αὐτὴν
708 2582 929 2667 ὠλεσίκαρπον.
981 2585 1027 2646 Ol.
1054 2593 1085 2648 et
1106 2589 1197 2652 Gaus.
1220 2590 1307 2670 plant
1323 2589 1350 2662 ll,
1366 2583 1397 2646 ll.

332 2694 493 2772 Utramque
516 2690 745 2770 explicationem
768 2689 887 2768 profert
912 2692 1084 2756 Eustathius
1113 2695 1152 2756 ad
1175 2698 1283 2776 Odyss.
1302 2693 1331 2757 ι’.
1349 2692 1397 2754 510.

331 2799 409 2860 Vide
441 2805 472 2858 et
499 2798 604 2860 Schol.
633 2798 671 2858 ad
697 2798 825 2860 eundem
852 2797 963 2862 locum.
1012 2803 1085 2864 Utra
1112 2803 1321 2884 interpretandi
1345 2800 1399 2860 ratio

330 2905 435 2984 potior
455 2906 501 2980 sit,
522 2903 642 2964 difficile
664 2905 745 2966 dictu
767 2911 822 2966 est.
863 2905 1007 2970 Praefero
1036 2915 1134 2971 tanmn
1156 2911 1363 2974 Democriteum
1378 2911 1399 2964 ut

329 3011 535 3092 antiquiorem.
582 3013 675 3093 Quod
701 3011 848 3092 reliquum
875 3020 930 3088 est,
951 3017 1136 3079 servavimus
1159 3017 1189 3079 in
1215 3037 1302 3080 versu
1318 3019 1400 3078 Home

329 3119 394 3178 rico
417 3118 556 3200 xhiqltpor,
584 3125 619 3180 ut
645 3125 691 3180 est
718 3117 748 3178 in
775 3118 976 3200 Geoponicis‚
1002 3122 1073 3186 licet
1102 3125 1195 3204 vulgo
1217 3145 1296 3188 nune
1316 3124 1397 3200 Olpe

328 3221 364 3288 κ’.
385 3227 446 3285 510
465 3225 583 3303 legatur
606 3223 746 3307 κλῇἰλραι,
765 3225 796 3287 in
816 3226 882 3289 aliis
903 3235 1002 3290 autem
1023 3231 1249 3311 exemplaribus
1274 3228 1377 3316 μοοιροί.

412 3333 460 3392 10.
503 3332 563 3392 Ρτο
603 3331 835 3416 δενδρολίβανον
871 3335 1067 3398 Democritus
1098 3339 1229 3402 sortasse
1266 3341 1399 3420 scripserat

325 3437 494 3520 λιβανωτίς,
516 3459 607 3520 quum
625 3438 856 3522 ὃενδρολιᾙανον
879 3444 1099 3520 posterioribus
1119 3453 1232 3509 tantum
1256 3451 1399 3526 usurpatum

323 3544 470 3607 videatur.
510 3529 628 3628 Ὀδμὴν
657 3553 757 3608 autem
783 3567 820 3608 ex
842 3549 1009 3612 Democriti
1038 3551 1170 3614 dictione
1191 3555 1324 3617 relictum
1343 3547 1398 3611 arbi

325 3657 399 3727 her,
422 3661 585 3732 propterea
613 3654 696 3735 quod
721 3654 796 3714 haec
823 3654 922 3716 lorma
947 3657 1060 3720 lenum
1082 3660 1210 3721 maxime
1226 3659 1345 3742 propria
1361 3663 1412 3744 est¹

322 3759 425 3837 Inepte
447 3760 612 3822 Salmasius
642 3760 830 3824 bellomon.
860 3760 929 3842 Hyl.
949 3762 1023 3824 Jatr.
1055 3783 1120 3845 cap.
1142 3768 1183 3829 97
1208 3769 1250 3830 ait
1268 3770 1324 3829 hoc
1341 3765 1412 3826 Geni

320 3866 501 3944 punicorum
523 3873 615 3946 eaput
644 3885 712 3929 esse
732 3869 938 3948 suppositum,
966 3889 1057 3950 quum
1088 3872 1125 3934 de
1148 3875 1244 3935 thuris
1263 3875 1362 3935 arbore
1377 3867 1396 3926 il

320 3971 447 4034 Graecia
469 3980 533 4034 sata
554 3993 587 4035 se
607 3991 754 4055 nusquam
773 3975 884 4055 legisse
905 3977 1084 4051 meminerim
1115 3981 1247 4060 scriptor
1270 3981 1341 4042 enim
1360 3959 1412 4054 icil

317 4077 361 4137 tio
382 4098 499 4156 ponens
524 4080 601 4163 φασί
618 4099 680 4143 non
702 4101 766 4159 sua,
790 4084 844 4145 sed
865 4083 993 4145 aliorum
1014 4084 1107 4146 verba
1126 4087 1158 4148 in
1177 4088 1306 4150 medium
1322 4081 1412 4160 ineat

312 4184 470 4247 Praeterea
489 4189 691 4267 Democritus,
712 4193 797 4270 cujus
816 4191 858 4254 ibi
882 4192 994 4254 mentio
1016 4192 1056 4269 fir,
1079 4193 1110 4256 in
1131 4196 1287 4260 itineribus
1310 4185 1395 4276 premi
