2938 4864
299 305 365 370 280
628 311 825 376 Quaestionum
855 311 1087 368 lle-centurn·

301 475 404 540 critus.
447 480 526 543 Nam
548 501 586 542 ne
614 501 651 542 cx
673 479 830 542 Herodoto
856 485 909 540 ant
938 477 1123 560 Hippocrate
1142 485 1237 560 petam
1256 474 1388 555 exempla,

301 603 378 665 quae
396 587 495 652 minus
522 597 605 652 certa
632 595 710 666 sunt,
741 588 878 650 similiter
906 589 936 648 in
964 587 1155 649 Batrachom.
1176 605 1249 648 vers.
1271 586 1307 647 71
1329 583 1391 646 scri-

301 692 398 756 bitur:

430 800 563 868 llc'llsr'
588 804 701 888 ἀηθείῃ
729 805 779 866 nal
804 801 853 865 ἐπὶ
879 799 980 886 χθόνα
1005 799 1132 886 βούλεθ’
1155 798 1279 863 ἱκέσθαι.

302 908 461 974 Caetennn
485 915 653 977 Democriti
676 913 769 974 verba
786 911 825 974 ad
841 911 969 974 litteram
992 910 1037 972 sic
1058 909 1201 972 vertenda
1219 913 1300 970 sunt:
1319 903 1394 968 labor

302 1019 468 1082 continuus
496 1021 717 1084 conuentum
741 1021 837 1082 ίσυίον
855 1021 904 1101 fit
928 1039 958 1081 sc
985 1020 1051 1100 r’pm
1081 1018 1100 1081 i.
1122 1035 1148 1080 e.
1175 1015 1316 1098 temporis
1334 1033 1395 1095 pro·

302 1141 410 1204 gressu
438 1127 537 1190 levior
564 1131 606 1210 lit,
632 1149 722 1212 quam
751 1127 837 1191 initio
868 1128 973 1190 lauerat
1025 1129 1108 1188 Bene
1138 1131 1237 1212 autem
1262 1143 1327 1186 com
1346 1125 1395 1184 boc

303 1233 442 1312 congruit
471 1237 554 1318 quod
578 1237 733 1301 laborioso
761 1235 947 1298 adolescenti
966 1233 1175 1298 Democritum
1197 1233 1306 1295 dixisse
1324 1233 1394 1311 ajunt
1442 1293 1445 1324 Ι

302 1339 415 1405 Anton.
445 1349 475 1404 et
507 1346 586 1408 Max.
614 1367 643 1426 p.
673 1347 750 1406 377:
782 1343 943 1406 κάλλιστον
972 1339 1048 1428 ὄψον
1077 1345 1121 1426 τῷ
1150 1341 1258 1426 ripam
1282 1337 1394 1425 ἀρτίοις.

304 1449 372 1510 Vid.
395 1451 500 1532 t'ragm.
521 1455 593 1514 220.

387 1559 438 1621 85.
479 1559 590 1622 Antoo.
612 1581 642 1642 p.
655 1561 730 1626 377:
753 1560 957 1644 Δημοκρίτου.
987 1558 1046 1620 Διΐ
1055 1557 1126 1627 τοὺς
1147 1557 1262 1626 πόνους
1282 1556 1396 1630 διώκειν,

303 1660 373 1724 ἀνθ’
400 1663 442 1726 ὧν
471 1664 509 1729 τὰ
539 1668 658 1751 μεγάλα
686 1667 738 1731 καὶ
764 1665 890 1750 λαμπρὰ
918 1665 1031 1749 γίνεται
1057 1669 1120 1734 τοῖς
1148 1665 1327 1748 ἀνθρώποις.
1370 1661 1395 1722 lo

303 1769 349 1836 his
368 1773 468 1836 verbis
490 1794 549 1857 pro
572 1773 641 1838 ἀνθ’
668 1775 711 1838 ὦν
742 1775 903 1858 legendum
921 1793 988 1838 esse
1011 1770 1068 1857 ἀφ’
1093 1773 1135 1835 ὧν
1160 1773 1325 1836 dubitanter
1346 1770 1397 1854 qui·

302 1877 379 1956 dent,
398 1882 453 1944 sed
477 1890 575 1946 tumen
604 1884 773 1948 Plutarcbei
801 1883 864 1946 loci
892 1881 1118 1964 comparatione
1150 1881 1290 1944 inductus
1310 1884 1396 1941 monet
1445 1896 1446 1908 ι

301 1986 505 2054 Burobardus.
548 1993 589 2054 At
609 1992 682 2054 terri
697 1999 799 2073 potest
817 1991 945 2072 vulgata,
965 1988 992 2051 si
1013 1989 1249 2069 magnitudinem
1268 1995 1297 2049 et
1314 1985 1396 2067 spleo·

302 2092 408 2158 dorem
429 2095 482 2179 rba
501 2105 560 2164 τῶν
580 2097 683 2162 πίνων
707 2099 892 2184 ἀνιομοιβήν
914 2117 982 2160 esse
1004 2096 1151 2158 dicamus,

338 2197 341 2204 ’
385 2205 435 2267 86.
480 2209 603 2271 Praeter
628 2207 705 2270 alios
735 2207 822 2270 locos
852 2225 930 2290 quos
962 2203 1217 2284 ll'yttenboebius
1248 2203 1284 2266 ad
1304 2203 1395 2266 Julian.

289 2308 386 2373 'Orat
414 2315 429 2375 1
460 2335 527 2397 pag.
550 2317 609 2380 163
635 2316 682 2380 ed.
704 2314 857 2377 Sebaeler.
888 2315 972 2390 citat,
1000 2331 1070 2374 cum
1095 2319 1203 2374 nostro
1231 2327 1397 2394 componere

299 2415 373 2480 licet
396 2422 538 2488 Isocratis
566 2430 763 2504 praeceptum
792 2442 830 2484 ex
857 2422 995 2485 oratione
1031 2437 1108 2501 quae
1140 2421 1180 2481 ad
1216 2421 1397 2484 Demonicun

301 2529 476 2594 inscribitur
496 2553 526 2614 p.
548 2535 582 2596 8:
629 2531 769 2616 Γίιμναζε
800 2529 929 2592 σεαυτὸν
952 2526 1058 2595 πίνοις
1080 2526 1246 2604 ἑκουσίοις,
1269 2529 1348 2596 ὅπως
1369 2523 1396 2586 lt

301 2633 407 2700 δύναιο
431 2640 574 2709 καὶτοὺς
596 2639 760 2707 ἀκουσίους
786 2635 958 2719 ὑπομένειν.
1002 2637 1116 2700 Eadem
1137 2637 1233 2700 verba
1253 2637 1331 2719 opud
1348 2635 1398 2696 An·
1446 2653 1447 2664 ι

300 2753 362 2808 ton.
381 2767 412 2826 p.
435 2751 495 2811 377
519 2755 644 2825 exstant,
669 2747 721 2811 ubi
743 2753 842 2808 tamen
870 2743 918 2806 iac
941 2742 1034 2825 δόξῃς
1054 2763 1112 2823 pro
1137 2743 1225 2811 ὅπως
1248 2744 1283 2808 ἂν
1306 2741 1397 2806 δύναιο

298 2853 418 2932 legitur.

382 2968 433 3028 87.
477 2967 633 3028 Posterior
661 2962 875 3028 enuntiationis
904 2979 975 3041 pars
1011 2959 1105 3040 vulgo
1133 2960 1178 3022 sio
1204 2961 1353 3024 scribitur:
1373 2953 1398 3014 ἓν

299 3072 334 3134 δὲ
359 3071 433 3142 ἄκος
460 3079 500 3159 κῃ*
530 3073 669 3158 ἐπιτυχίῃ
698 3074 732 3137 τὸ
760 3073 820 3132 πᾶν
847 3067 964 3152 ὁμοίιος
990 3065 1114 3150 ἀνιηρὸν
1136 3068 1188 3130 καὶ
1209 3068 1398 3148 ταλαίπωρον.

298 3181 453 3244 Gesnerns
474 3182 625 3266 ἀποτοχίῃ
652 3179 812 3262 legendum
834 3177 974 3256 conjecit
1024 3177 1108 3240 ldem
1127 3185 1284 3257 postrema
1304 3175 1345 3238 sic
1364 3173 1398 3232 iu-

298 3295 478 3368 terpretatns
506 3299 565 3353 est:
607 3287 824 3352 Frurtrotioni
848 3305 934 3362 uero,
964 3303 1036 3358 cum
1066 3287 1131 3364 spei
1158 3305 1224 3345 ιιοιι
1253 3279 1398 3364 respondet

297 3405 428 3474 cumbas,
448 3419 546 3460 unum
566 3406 611 3460 est
629 3395 808 3468 remedium,
825 3395 854 3454 ri
872 3394 978 3454 omniu
994 3394 1118 3474 reliqua
1148 3395 1294 3454 amititur
1321 3408 1398 3452 acra

182 3563 192 3582 .,
296 3525 404 3566 maora
424 3509 488 3568 σι’νιί
508 3515 539 3568 et
564 3495 723 3568 laboriosa.
765 3500 927 3563 lacobsius
948 3501 979 3560 in
1005 3500 1162 3564 Aruimadv.
1198 3498 1398 3578 adliminat

297 3615 463 3677 Stobaenm
488 3635 517 3694 p.
540 3617 601 3676 ill
623 3633 699 3694 seq.:
741 3611 794 3686 „ln
819 3609 878 3670 boc
898 3609 1075 3688 fragmento,
1097 3611 1147 3687 ait,
1176 3609 1336 3672 admodum
1356 3603 1397 3662 dr

296 3729 423 3804 pravato
443 3725 502 3786 boc
525 3724 630 3785 saitem
649 3729 734 3782 extra
754 3737 875 3782 omnem
895 3717 1112 3780 dubitationem
1130 3718 1261 3799 positum
1283 3716 1396 3782 videtur,

296 3850 358 3893 non
382 3829 504 3915 ἀτυχίῃ,
534 3831 616 3914 quod
644 3837 729 3892 este
758 3827 933 3904 conjectura
958 3828 1050 3888 Conr.
1072 3826 1209 3902 Gesneri‚
1233 3845 1291 3886 nec
1314 3822 1396 3883 ἐπιιυ·

192 3999 195 4006 i
294 3939 349 4022 χίῃ
373 3939 455 4022 quod
482 3939 574 4018 uulgo
604 3937 731 4017 legitur,
763 3936 817 3998 sed
843 3933 958 4019 ἡσυχίῃ
986 3935 1147 4015 legendum
1175 3953 1251 3996 esse.
1295 3927 1396 3996 nahor,

293 4047 343 4122 ait,
365 4049 426 4108 otio
446 4049 581 4122 mccuior,
611 4048 646 4108 in
674 4046 736 4106 otio
758 4046 840 4105 enim
864 4045 969 4105 omnia
997 4045 1126 4122 ingrata
1155 4041 1337 4118 molestaque
1356 4035 1396 4094 ιἰι-

293 4162 376 4218 runt.
421 4154 619 4236 Reliquorum
638 4153 791 4215 correctio
809 4152 909 4214 minus
932 4157 1021 4214 certa.
1066 4151 1211 4214 Fortasse
1230 4146 1261 4208 ἐν
1286 4145 1320 4208 ot
1341 4135 1397 4204 ἀνέ-

292 4282 338 4329 σει
359 4267 398 4345 τῇ
413 4258 460 4324 ἐπ’
483 4259 596 4343 ἡσυχίῃ
614 4266 669 4321 cto.
693 4262 727 4320 ιἰι
747 4261 806 4321 illa
835 4265 938 4321 autem
953 4258 1137 4338 remissione,
1158 4275 1235 4338 quoa
1255 4273 1324 4316 cum
1344 4246 1397 4311 ott't
