2938 4864
309 309 374 374 {itit
644 305 840 370 Quaestionum
858 303 1093 360 Ιλειιοσείιιιιιιι

312 475 363 539 καὶ
382 471 439 538 ὑπ’
461 473 605 556 ἀλλήλοιν
629 467 831 534 ἀλλοιοῦσθαι
859 467 878 551 ἤ
908 467 1037 553 πάσχειν
1060 467 1101 552 μὴ
1125 465 1197 532 ὄντα
1215 463 1311 546 suisti,
1332 465 1384 528 iii-

313 581 402 644 νατέν
426 603 516 666 φησιν
544 579 632 654 εἶναι,
663 575 743 640 ἀλλὰ
771 575 826 639 κᾶν
859 575 949 661 ἕτεροι
973 573 1046 640 ὄντα
1067 582 1143 660 ποιῇ
1165 577 1239 655 (scii.
1258 598 1282 637 τι
1300 573 1386 642 sicii.-

314 693 404 771 ληλοι,
422 709 499 772 quae
520 689 669 752 excidisse
694 686 879 765 suspicatur)
905 681 965 767 οὐχ
992 678 1014 767 ᾗ
1041 683 1142 769 ἕτερα,
1171 681 1241 746 ἀλλ’
1265 680 1284 766 ᾖ
1305 679 1399 742 suish-

313 820 341 858 τι
364 797 503 880 ὑπάρχει,
531 797 620 856 τοῦτο
649 791 835 874 συμβαίνειν.
879 793 990 852 Totum
1013 799 1112 854 antem
1133 793 1233 856 lucum
1252 791 1292 854 sic
1308 791 1388 852 uertit:

314 906 509 968 Democritus
530 901 651 980 quidem
671 900 707 960 ds
727 919 817 960 sensu
838 917 902 958 uon
916 899 992 959 sara
1010 909 1158 962 accurate
1176 903 1289 975 statuit,
1309 907 1389 958 uttan

314 1013 412 1074 simili
431 1011 562 1090 quodam
593 1029 637 1070 ass
665 1008 824 1068 contrusio
841 1006 923 1086 fieri
941 1013 1042 1084 putet.
1088 1007 1203 1078 Quodsi
1220 1009 1297 1068 suisa
1314 1023 1392 1066 sonos

314 1121 516 1180 mutals'orsem
537 1113 641 1193 efficit,
673 1116 707 1175 iu
728 1115 886 1176 conaanb
907 1113 1039 1192 quodam
1049 1134 1166 1194 ponere
1186 1115 1316 1184 sirletus,-
1331 1111 1393 1170 sini-

316 1229 361 1288 lia
387 1227 470 1286 susus
499 1222 649 1286 similibus
678 1242 743 1283 noo
773 1227 958 1292 atalantam
989 1243 1100 1282 rursus
1132 1231 1236 1285 autam
1265 1217 1393 1282 dissimilia

316 1329 513 1396 dissimilibus
532 1331 655 1392 mutari
667 1349 755 1410 posse
775 1333 888 1407 uagat-
918 1330 1020 1405 immo,
1038 1332 1069 1390 si
1086 1351 1165 1410 qrrae
1185 1329 1336 1392 dissimilia
1352 1325 1394 1384 sin

316 1441 473 1520 quandam
493 1441 577 1500 iuter
602 1459 632 1500 se
662 1436 804 1512 habeant,
833 1437 868 1497 id
893 1455 968 1511 mosa,
996 1437 1079 1516 quod
1102 1427 1397 1508 atramentarii

317 1549 399 1627 quod
414 1549 512 1608 simile
532 1547 680 1624 quiddam
700 1547 783 1606 inter
802 1565 833 1605 se
852 1542 1079 1623 habeunt,fieri
1090 1553 1198 1624 putat.
1228 1546 1395 1624 Quapropter,

317 1663 424 1716 utrum
451 1655 591 1732 posuerit
617 1655 817 1727 linteaminis,
845 1669 909 1712 non
934 1651 1038 1730 liquot.
1087 1653 1149 1713 Sed
1171 1653 1246 1714 ilaec
1265 1649 1396 1712 nuntios

317 1770 443 1840 recepto
466 1760 666 1838 Theophrasti
696 1767 779 1820 textu
807 1759 848 1821 ita
877 1759 1006 1834 recedit,
1033 1768 1067 1820 nt
1090 1757 1183 1838 louge
1206 1759 1285 1820 aliud
1310 1757 1336 1817 in
1353 1755 1397 1830 eju

317 1869 417 1930 iocum
436 1867 639 1928 substituatur.
685 1868 841 1929 Postrema
861 1866 943 1944 apud
958 1867 1200 1946 Theophrastum
1223 1866 1269 1930 διὸ
1284 1863 1345 1946 περὶ
1361 1859 1397 1940 μὲν

318 1973 433 2034 τούτων
453 1971 637 2056 ἀμφοτέρους
659 1969 737 2034 ἔστιν
766 1972 993 2056 ὑπολαμβάνειν
1015 1993 1112 2056 nequae
1133 1973 1324 2036 Burchardns
1342 1975 1398 2028 serta

318 2081 485 2161 expressit:
510 2081 713 2160 Quapropter,
733 2088 841 2140 utrum
858 2083 999 2158 pomerei
1022 2083 1224 2156 Damocritus,
1243 2101 1304 2140 uon
1323 2081 1397 2156 liqad·

318 2209 416 2271 neque
439 2187 679 2268 i’hiiippsunins:
708 2187 824 2247 idcirco
853 2187 889 2248 de
908 2188 956 2248 leis
975 2189 1095 2268 duplici
1112 2187 1203 2248 modo
1221 2179 1399 2268 conprehendi

318 2299 397 2359 licet.
441 2297 555 2358 Sensus
578 2297 654 2356 enirn
674 2303 738 2355 est:
764 2293 957 2374 qrrarnolrem
983 2304 1111 2374 utroquo
1138 2296 1229 2356 orode
1247 2296 1318 2356 lsacc
1335 2289 1397 2353 iatri-

317 2405 378 2484 ligi
395 2405 473 2464 licat.

406 2511 453 2571 13.
494 2509 679 2589 Scripsimns
707 2509 776 2592 aspi
809 2508 938 2592 ἑκάστης
965 2505 996 2570 δ’
1026 2507 1085 2591 ἤδη
1112 2508 1214 2571 αὐτῶν
1242 2509 1273 2573 ἐν
1295 2507 1366 2594 μέρει
1381 2525 1397 2560 ι.

319 2638 345 2676 τ.
358 2617 386 2677 λ.
429 2617 636 2678 liure-hardus:
659 2639 690 2678 π.
708 2617 753 2678 ἐκ.
777 2613 807 2678 δ’
828 2615 887 2700 ἤδη
910 2614 1025 2678 τούτων
1042 2615 1073 2677 ἐν
1098 2615 1185 2698 μέρει
1207 2619 1312 2680 eodem
1327 2629 1398 2674 sensti.

320 2723 407 2784 Prius
433 2722 509 2784 ιιιολε
537 2723 693 2803 legebatur
721 2725 791 2806 περὶ
824 2724 867 2786 ἔκ.
901 2723 931 2785 δ’
960 2725 1019 2806 ἤδη
1048 2728 1108 2785 τῶν
1132 2723 1163 2784 ἐν
1188 2725 1275 2809 μέρει
1295 2721 1365 2805 quod
1382 2726 1399 2772 d

318 2829 541 2908 Philippsonius
561 2830 705 2906 servarit,
732 2833 782 2914 qni
803 2831 895 2893 verba
915 2833 960 2894 sie
978 2831 1141 2894 haristalit:
1162 2833 1200 2892 rlc
1221 2833 1346 2912 singsdis
1361 2845 1400 2884 aa·

320 2945 378 2997 torn
391 2934 523 2996 sensibus
535 2937 718 3015 singultatim
739 2939 838 2999 dicere
851 2948 991 3001 conatur.
1019 2941 1059 2999 At
1073 2939 1125 3019 qui
1139 2949 1283 3001 accurrate
1295 2937 1400 2998 scribunt

321 3041 352 3104 ἐν
376 3041 461 3125 μέρει
483 3063 540 3122 pro
567 3045 715 3124 sleiurcps,
747 3043 824 3106 κατὰ
851 3045 943 3128 μέρος
970 3065 1027 3125 pro
1058 3046 1244 3123 ss'rsgulsslr'm
1270 3048 1400 3122 usurpant:

320 3149 401 3230 quod
421 3158 451 3211 et
471 3151 500 3212 in
518 3152 576 3214 hoc
591 3151 791 3232 Theophrasti
810 3152 880 3214 loco
903 3153 990 3215 vaiet
1034 3155 1067 3215 ln
1082 3153 1225 3215 extremis
1242 3173 1316 3234 qnae
1335 3147 1401 3222 usian

318 3257 495 3334 legebantur
516 3259 566 3320 κοιλ
589 3260 630 3342 μὴ
653 3257 854 3342 εὐσχημονεῖν
876 3263 940 3327 τοῖς
961 3257 1238 3341 έποτοπουμένοις,
1259 3281 1293 3323 ea
1312 3279 1328 3319 a
1346 3257 1401 3316 Bur-

320 3363 433 3424 chardo
455 3383 523 3444 pag.
545 3369 565 3428 6
587 3373 698 3428 munta
716 3372 786 3428 sunt
806 3366 836 3426 iu
856 3365 897 3448 μὴ
918 3366 1151 3451 εὐσχημονοῖεν.
1195 3373 1283 3449 Quae
1303 3361 1401 3428 oruntio

320 3489 411 3552 quirin
433 3491 620 3555 rseqpaquam
642 3474 680 3535 ad
700 3474 803 3534 locum
832 3473 863 3534 in
888 3472 1037 3552 integrum
1056 3475 1273 3537 restituendum
1291 3469 1401 3536 sufficia,

320 3579 398 3639 ideas
421 3579 468 3639 vir
485 3581 593 3643 doctus
611 3601 678 3661 pag.
703 3585 721 3643 7
750 3581 779 3641 in
810 3581 905 3660 prima
924 3581 1136 3643 adnotatione:
1156 3583 1304 3662 ‚,corrige,
1324 3573 1401 3656 inquit

319 3685 434 3768 καὶμὴ
462 3685 618 3771 ἐνοχλοῖεν
649 3689 677 3749 h.
698 3707 724 3749 ο.
753 3687 779 3748 si
806 3688 932 3750 versutae
960 3707 1020 3750 sion
1041 3690 1119 3766 (sive
1139 3689 1340 3761 crassitudine,
1357 3682 1401 3743 sin

319 3795 551 3875 pinguitudine)
587 3795 827 3870 incommodant,
868 3796 987 3858 obstant
1015 3796 1191 3875 imaginibus
1220 3782 1401 3858 irruentium

319 3902 361 3962 lta
380 3909 409 3962 ot
430 3903 497 3980 ipse
525 3901 598 3963 olim
624 3904 814 3980 conjeceram
847 3903 938 3964 scribi
964 3907 1106 3982 oportere
1131 3902 1182 3963 κοιλ
1210 3902 1251 3983 μὴ
1283 3893 1399 3982 ἐμποδὼν

319 4004 379 4068 εἶεν
401 4011 464 4073 τοῖς
486 4005 759 4090 ἀποτυπουμένοις.
802 4009 864 4071 Sed
887 4009 1009 4070 materia
1030 4009 1067 4069 de
1089 4029 1147 4090 qna
1169 4010 1267 4089 agitur
1286 4001 1399 4069 anenno

319 4115 509 4176 considerata
541 4115 614 4176 nihii
643 4116 744 4177 verius
772 4136 838 4178 esso
865 4116 926 4178 vidi
946 4115 1123 4180 Scinmideri
1145 4117 1345 4179 emendatione
1364 4101 1397 4168 sd

310 4217 611 4302 Ιὁμοιοσχημονοῖεν,
640 4243 730 4304 qnam
754 4223 949 4286 Burehsrdus
982 4242 1045 4286 uon
1071 4243 1140 4287 esse
1167 4213 1397 4308 pronuntiauit
