2938 4864
350 296 435 352 Ltber
452 297 500 352 ttt.
543 297 613 354 Ado.
631 299 665 352 ud
684 298 764 356 nen.
786 316 828 370 op.
849 301 945 373 tregru.
1141 307 1206 374 343

78 473 192 539 gatnm
212 462 424 546 πυκνουμένου
454 465 509 525 τοῦ
531 462 631 546 ἀέρος,
661 467 743 548 quod
771 476 929 530 servamut
949 469 1152 538 Schneiderus
1172 487 1202 540 et

77 572 332 652 Phiiippsouius‚
352 577 530 652 corruptum
552 591 619 635 esse
634 573 769 636 arbitrati
789 581 859 638 suut
878 575 1073 642 Bnrcbardus
1094 588 1125 644 et
1146 585 1200 646 ra-

77 679 292 760 pencordtius,
320 697 449 760 quorum
479 681 565 759 prior
586 681 677 743 scribi
703 683 794 760 jussit
822 665 1023 766 τυπτομεάου,
1046 691 1199 767 posterior

77 784 310 870 θρυπτομένου.
361 787 557 852 burchardus
585 791 624 852 ad
646 789 833 870 probandam
854 793 1034 854 sententiam
1054 816 1138 859 suam
1157 800 1196 860 ci·

78 901 126 956 tat
148 894 227 957 oen.
238 901 318 956 noct.
331 899 382 956 att.
391 895 430 970 V,
452 898 500 972 15,
521 897 581 979 qni,
603 917 738 975 „vocem
756 898 861 981 inquit,
883 899 980 962 Stoici
1000 921 1114 981 corpus
1129 924 1197 968 esse

79 1003 316 1077 contendebant,
335 1021 461 1084 eantque
484 1023 552 1067 esse
574 1005 713 1068 dicebant
731 1009 827 1067 ictum
851 1011 929 1068 αέοιι
949 1009 1002 1087 (ct.
1027 1011 1109 1072 Sext.
1128 1013 1196 1077 adv.

81 1111 178 1173 htath.
203 1111 254 1188 Vl,
279 1111 319 1173 53
342 1120 372 1172 et
392 1111 661 1192 Pseudoplutarch.
684 1114 722 1174 dc
743 1113 914 1193 piacphit.
935 1117 1080 1196 1v‚20);
1112 1119 1195 1182 Plato

80 1225 184 1281 antem
211 1237 274 1280 non
296 1237 364 1280 esse
389 1239 496 1283 vocem
523 1239 636 1300 corpus
664 1225 758 1300 putat.
808 1221 880 1283 Non
913 1223 992 1285 enim
1020 1244 1194 1312 percussus,

81 1327 191 1407 inquit,
214 1331 275 1403 abr,
297 1328 352 1388 sod
372 1327 461 1409 plaga
482 1329 549 1410 ipsa
566 1336 656 1409 atque
670 1328 828 1407 percussio
851 1349 912 1391 vox
925 1339 986 1393 est:
1007 1329 1067 1416 οὐχ
1089 1331 1195 1400 ἁπλῶς

80 1434 184 1516 πληγὴ
205 1431 297 1516 ἀέρος
317 1431 395 1495 ἐστὶν
415 1435 434 1517 ἡ
454 1437 559 1520 φωνή·
581 1436 705 1518 πλήττει
727 1433 785 1518 γὰρ
805 1435 855 1497 τὸν
877 1434 955 1520 ἀέρα
974 1439 1024 1501 καὶ
1046 1439 1194 1507 δάκτυλος

81 1539 298 1623 παραγόμενος
326 1540 377 1603 καὶ
405 1540 529 1606 οὐδέπω
562 1545 647 1605 ποιεῖ
682 1541 807 1624 φωνήν·
842 1541 915 1605 ἀλλ’
949 1544 987 1627 ἣν
1024 1545 1104 1628 πέσῃ
1138 1549 1193 1626 (ita

81 1649 199 1710 emend.
219 1669 276 1728 pro
296 1648 317 1730 ἡ
340 1647 436 1731 πόση)
455 1651 555 1734 πληγὴ
578 1651 628 1713 καλ
642 1647 764 1735 σφοδρὰ
785 1649 835 1711 καὶ
855 1648 930 1733 τόση
950 1652 985 1714 δὲ
1001 1654 1087 1716 ὥςντει
1102 1653 1191 1716 ἀκου-

84 1756 157 1836 στὴν
178 1753 330 1836 γενέσθαι.
383 1759 575 1822 Democritus
600 1778 637 1820 ac
664 1757 773 1819 deinde
799 1757 951 1838 Epicurus
972 1781 1009 1822 ex
1031 1761 1192 1823 individuis

82 1865 264 1944 corporibus
299 1885 406 1927 vocem
429 1871 567 1928 constare
600 1866 718 1928 dicunt:
755 1884 880 1947 eamque
912 1867 961 1946 (ut
986 1866 1059 1947 ipsis
1085 1887 1192 1930 eorum

82 1973 182 2035 verbis
211 1974 301 2052 utar)
331 1973 430 2056 ῥεῦμα
460 1972 560 2055 λόγων
590 1971 777 2054 appellant.”
829 1975 913 2036 Loco
942 1974 1083 2036 Gettiauo
1113 1977 1190 2038 trunc

83 2082 341 2162 Theophrasteum
366 2081 469 2160 adjicit
494 2101 511 2142 c
534 2080 613 2144 libro
637 2082 674 2142 dc
693 2101 770 2144 sens.
791 2079 819 2164 §.
842 2085 873 2156 b,
889 2082 942 2144 ubi
964 2083 1191 2162 Theophrastus

84 2190 122 2250 de
143 2189 282 2250 Platone:
306 2188 411 2272 φωνὴν
433 2186 490 2271 γὰρ
517 2185 594 2250 εἶναι
609 2188 726 2270 πληγὴν
749 2185 805 2250 ἀπ’
827 2187 918 2272 ἀέρος
938 2186 980 2250 δι’
1002 2189 1089 2250 ὤτων
1110 2187 1191 2271 ἐγκε-

85 2296 185 2379 φάλου
204 2317 236 2357 τε
257 2297 307 2358 καλ
331 2295 459 2378 αἵματος
481 2283 571 2379 μέχρι
593 2299 709 2380 ψυχῆς·
734 2295 788 2378 rip
811 2293 842 2356 δ’
866 2293 925 2357 ὑπὸ
945 2293 1056 2376 ταύτης
1076 2294 1190 2378 κίνησιν

85 2403 144 2464 ἀπὸ
164 2403 302 2487 κεφαλῆς
325 2401 416 2487 μέχρι
443 2402 570 2486 ἥπατος,
599 2401 705 2484 ἀκοήν.
757 2405 916 2466 Praeterea
935 2403 1038 2465 laudat
1059 2403 1191 2464 Bekkeri

85 2509 196 2574 Aneod.
218 2533 247 2592 p.
270 2513 346 2574 770:
369 2511 399 2572 ot
423 2509 477 2593 μὲν
499 2514 559 2572 τῶν
579 2511 720 2572 παλαιῶν
744 2508 868 2590 λέγουσι
885 2509 938 2591 τὴν
958 2509 1064 2593 φωνὴν
1088 2513 1190 2592 σῶμα,

86 2618 115 2678 οἱ
134 2617 168 2679 δὲ
189 2618 368 2700 ἀσώματον·
390 2618 420 2679 οἱ
438 2615 496 2701 γὰρ
517 2616 656 2700 λέγοντες
671 2615 755 2702 [ὅτι]
773 2617 832 2700 ἀὴρ
853 2614 1076 2699 πεπληγμένος,
1100 2623 1190 2698 σῶμα

86 2722 177 2806 αὐτὴν
196 2728 311 2787 νοοῦσι.
361 2729 452 2808 σῶμα
479 2723 536 2808 γὰρ
569 2725 585 2786 ὁ
613 2723 690 2808 ἀήρ,
718 2723 750 2785 ἓν
771 2723 917 2808 ὑπάρχων
948 2725 1008 2785 τῶν
1033 2724 1190 2807 τεααάρων

87 2833 258 2917 στοιχείων·
285 2833 315 2896 υἱ
331 2833 365 2895 δὲ
391 2830 530 2914 λέγοντες
551 2831 725 2914 ἀσώματον,
748 2829 784 2893 οὔ
809 2853 885 2914 φααι
906 2830 958 2913 τὴν
976 2830 1082 2914 φωνὴν
1107 2829 1190 2916 [ὅτι]

87 2941 145 3023 ἀὴρ
165 2939 387 3023 πεπληγμένος,
410 2938 490 3003 ἀλλὰ
512 2939 612 3022 πληγὴ
633 2936 724 3021 ἀέρος
745 2937 815 3021 ἤτοι
835 2935 912 3001 ἴδιον
935 2937 1080 3020 αἰσθητὸν
1096 2938 1191 3021 ἀκοῆς

86 3057 115 3112 et
135 3049 204 3112 ibid.
230 3069 297 3129 pag.
321 3051 441 3112 11680
470 3046 664 3127 grammatico
691 3045 821 3128 quodam
847 3045 864 3107 b
888 3043 1077 3129 Δημόκριτος
1101 3046 1190 3107 καὶὸ

86 3152 262 3239 Ἐπίκουρος
283 3155 333 3218 καὶ
357 3156 387 3217 οἱ
406 3153 536 3217 Στωϊκοὶ
557 3157 648 3236 σῶμα
677 3151 801 3234 λέγουσι
828 3153 880 3235 τὴν
904 3153 1021 3236 φωνήν,
1054 3150 1100 3214 ὅτι
1120 3155 1190 3230 πᾶν,

87 3263 103 3325 ὃ
126 3260 190 3348 ἔχει
210 3261 362 3348 ἐνέργειαν
385 3261 436 3326 καὶ
452 3260 561 3338 πάθος,
588 3259 683 3342 ἤγουν
712 3260 838 3322 δύναται
867 3260 977 3343 δρᾶσαι
999 3259 1049 3322 καὶ
1069 3259 1191 3339 παθεῖν,

88 3372 175 3453 αῶμά
204 3371 294 3433 έατιν.
338 3366 362 3433 h}
394 3368 546 3451 prioribus
565 3367 641 3430 locis
666 3387 853 3451 nequaquam
886 3375 983 3447 patet,
1016 3369 1100 3451 quod
1129 3369 1192 3430 nuh

86 3478 286 3555 Bnrcbardus,
304 3477 357 3560 rip
382 3476 487 3560 φωνήν
518 3477 628 3540 dietam
650 3493 756 3538 essee
779 3475 954 3538 Democrito
975 3474 1054 3556 ἀέρα
1077 3475 1190 3556 πεπλη-

86 3583 202 3666 γμένον,
225 3586 273 3647 vel
296 3593 329 3648 ut
355 3586 421 3666 ipse
447 3583 487 3646 ait
518 3581 597 3666 ἀέρα
617 3581 817 3664 τυπτόμενον;
848 3584 939 3644 imino
960 3583 1019 3644 hoc
1036 3603 1074 3645 ue
1097 3603 1115 3644 c
1139 3603 1192 3662 po

87 3701 196 3755 stremo
220 3693 342 3775 quidem
362 3693 433 3754 ioco
457 3690 630 3753 necessario
652 3689 790 3764 ehieitnr,
814 3689 866 3750 ubi
886 3689 1079 3752 Democritus
1102 3693 1192 3771 σῶμα

88 3821 209 3862 vocasse
235 3798 289 3880 τὴν
314 3799 419 3881 φωνήν
448 3799 630 3878 perhibetur.
681 3797 759 3858 Nam
789 3797 814 3858 si
841 3797 921 3858 hunc
944 3797 1046 3860 locum
1067 3815 1192 3858 comeo

87 3909 136 3992 qui
156 3908 293 3989 proxime
314 3907 522 3988 praegreditur
534 3925 752 3984 comparamus,
772 3905 906 3966 videmus
926 3904 1048 3986 quidem
1069 3923 1122 3964 eos
1143 3904 1194 3984 qni

88 4036 190 4079 rocem
214 4016 363 4078 vocabant
390 4015 483 4076 ictum
509 4017 609 4075 aerem
638 4032 695 4092 pro
725 4032 856 4092 corpore
878 4031 945 4072 eam
970 4009 1119 4088 habuisse,
1140 4012 1194 4072 sed

90 4123 154 4184 inde
172 4141 233 4184 nou
255 4123 392 4206 seqnitur
412 4142 467 4184 eos
487 4121 539 4203 qui
559 4139 617 4200 pro
638 4139 769 4199 corpore
792 4139 899 4180 rocem
918 4119 1075 4196 hebebant,
1092 4137 1195 4181 neces

89 4229 165 4294 sario
184 4251 290 4293 omues
309 4251 375 4294 oam
397 4228 491 4293 ictum
512 4235 613 4293 aerem
635 4227 793 4290 vocitasse.
829 4227 947 4290 Deinde
962 4227 1070 4309 exigam
1091 4227 1195 4288 Gram-
