2956 4860
411 297 495 354 Liber
515 299 537 356 l.
580 297 623 352 lte
642 297 792 354 Democriti
813 300 879 357 rite.
1159 299 1202 364 63

73 467 268 532 commereri
289 467 331 530 ibi
352 466 425 530 setis
450 466 611 530 commode
630 472 729 550 quest,
754 468 932 548 praesertim
953 487 1045 550 quum
1064 481 1201 531 mormo-

72 597 150 638 rum
178 596 311 657 corpore
332 577 364 638 iu
394 581 492 638 terree
516 575 684 638 visceribus
711 576 834 640 latentis
857 577 969 640 malum
990 577 1117 640 odorem
1138 597 1200 640 nou

72 683 327 765 diuundmt²¹),
348 685 380 747 id
401 685 484 765 quod
503 704 539 746 ea
564 705 625 767 que
649 686 842 750 Democritus
863 686 992 767 degebat
1014 691 1201 767 tempestate,

70 815 144 876 qne
166 793 277 856 mortui
307 794 534 870 cremabantur,
560 793 657 856 multo
685 794 784 864 minus
809 795 973 858 verendum
996 801 1068 858 eret
1109 795 1201 876 Quod

72 902 177 982 igitur
200 899 417 984 Lucienus²³l
446 900 611 980 contendit,
644 903 849 964 Democritum
872 909 957 965 extre
977 902 1061 966 urbis
1082 909 1201 984 portem

71 1009 227 1090 sepulcro
258 1009 406 1072 inclusum
435 1009 500 1073 dies
531 1015 697 1092 noctesque
726 1011 884 1090 scriptioni
909 1029 1049 1072 vacasse:
1083 1011 1113 1072 id
1135 1009 1200 1071 lieri

70 1118 205 1200 quidem
233 1119 370 1198 potuisse
400 1118 538 1199 piamun,
568 1117 623 1181 sed
648 1119 760 1180 leetrnu
787 1137 853 1180 esse
878 1117 1039 1181 verisimile
1061 1139 1123 1181 non
1145 1124 1201 1181 est

71 1225 201 1288 Etenim
220 1225 293 1300 licet
314 1247 439 1290 necesse
459 1228 508 1303 sit,
528 1227 607 1289 huuc
629 1226 844 1307 philosophum
863 1226 914 1307 qni
936 1225 1087 1307 ingentem
1107 1227 1201 1289 libro-

71 1355 149 1396 rum
171 1355 330 1397 numerum
357 1335 488 1398 coniecit
512 1335 629 1398 nullum
652 1336 731 1396 diem
751 1335 964 1413 intermisisse,
993 1335 1066 1418 quin
1087 1335 1201 1418 aliquid

71 1449 349 1520 commemoretur,
386 1451 476 1525 atque
508 1441 578 1506 ideo
609 1463 700 1524 seepe
731 1443 796 1506 dies
831 1449 996 1526 noctesque
1030 1443 1200 1525 scripsisse,

71 1571 173 1614 nenio
193 1557 292 1614 tamen
313 1550 401 1614 lseile
421 1551 494 1612 milri
514 1552 707 1631 persuaserit,
727 1571 796 1613 eum
818 1551 968 1614 interdum
989 1557 1074 1614 extre
1092 1553 1199 1615 urbem

71 1661 111 1720 in
131 1659 291 1738 sepulcris,
314 1680 403 1742 quem
425 1659 508 1724 domi
534 1678 607 1722 suae
633 1659 767 1722 scribere
789 1659 939 1736 maluisse,
961 1661 1048 1739 eujus
1067 1660 1112 1722 rei
1134 1662 1199 1724 ido-

70 1787 139 1830 nee
161 1787 253 1830 reuse
274 1767 441 1848 excogitari
461 1767 544 1830 nulle
562 1773 672 1848 potest.
713 1767 748 1829 Si
776 1767 856 1828 euim
876 1767 1044 1831 studiorum
1067 1770 1198 1851 quietem

71 1875 239 1957 otiumque
260 1877 299 1939 sd
319 1877 513 1938 scribendum
533 1875 737 1940 necessarium
759 1881 790 1936 et
806 1874 908 1938 locum
923 1876 1198 1956 interpellatoribus

71 2005 141 2046 non
165 1989 314 2064 petentem
335 1984 498 2064 quaerebat
508 1985 712 2060 Democritus,
727 1982 810 2046 domi
829 2003 902 2048 suec
922 1987 1040 2050 lecilius
1060 1986 1197 2050 obtinere

74 2098 211 2174 poteret,
240 2097 312 2153 ute
338 2091 457 2154 nemine
487 2092 649 2174 impeditus
672 2094 861 2155 continenter
882 2096 989 2158 studiis
1011 2103 1198 2182 operaretur,

72 2219 172 2283 quem
199 2201 283 2262 loris.
331 2201 458 2280 Insuper
485 2202 637 2265 Lucienus
666 2209 774 2266 auctor
802 2207 857 2278 est,
883 2202 1022 2267 Abderae
1043 2205 1196 2268 alumnum

74 2311 110 2371 in
123 2307 268 2388 sepulcro
286 2307 430 2384 latentem
449 2308 552 2391 ibique
572 2311 687 2373 diurnis
706 2312 921 2393 nocturnisque
934 2313 1018 2376 horis
1035 2313 1196 2376 scribendo

73 2421 264 2496 occupatum
289 2415 433 2495 spueris
453 2414 585 2481 lemures
612 2418 820 2482 spumantibus
849 2439 978 2502 eumque
1010 2429 1124 2484 terrere
1144 2441 1197 2486 νο-

73 2524 212 2588 lentibus
234 2524 356 2586 illusnm
379 2543 455 2586 esse.
503 2525 622 2607 Quibus
645 2546 714 2590 eum
735 2527 808 2590 nihil
832 2529 889 2591 iste
908 2549 940 2592 re
960 2537 1076 2592 motum
1098 2549 1134 2591 ac
1156 2549 1195 2592 ue

73 2633 292 2714 respicientem
316 2633 436 2714 quidem
458 2635 654 2714 respondisse
676 2636 731 2698 eit:
752 2637 899 2714 „desinite
919 2637 1039 2699 tendem
1061 2635 1196 2714 ludere,’'

74 2741 193 2824 qnippe
215 2741 265 2804 cui
288 2759 466 2822 persuasum
484 2749 572 2819 esset,
591 2743 707 2807 enimes
729 2765 746 2808 e
766 2745 948 2825 corporibus
969 2743 1051 2808 hbeo
1073 2743 1195 2825 elapsos

74 2848 153 2912 nibil
176 2869 252 2912 esse.
301 2849 377 2930 Quis
400 2857 501 2912 eutem
521 2871 628 2913 eorum
657 2852 711 2936 qui
732 2853 897 2918 Lucienum
924 2853 999 2914 bene
1026 2860 1139 2916 norunt
1165 2853 1196 2914 in

75 2957 212 3020 animum
233 2957 365 3035 iuducet,
391 2958 472 3020 hunc
502 2960 735 3024 urbanissimum
755 2962 944 3042 scriptorem,
966 2963 1017 3044 qui
1036 2963 1124 3044 hujus
1146 2983 1196 3043 ge·

153 3215 194 3278 ’Ἷ
215 3215 283 3276 Quin
305 3217 385 3266 etiem
404 3219 498 3265 notum
520 3219 569 3278 est,
587 3217 612 3268 in
627 3218 775 3270 Palaestine
797 3223 824 3270 et
834 3217 930 3268 trebie
945 3231 998 3266 non
1016 3217 1102 3268 solum
1122 3216 1195 3269 iures

76 3299 105 3346 et
126 3295 247 3347 letronos
267 3297 294 3346 tn
321 3297 473 3360 bujruunodi
500 3303 681 3353 monumentis
700 3302 866 3362 delitescere,
893 3301 943 3352 sed
962 3299 1043 3350 etiem
1059 3311 1195 3363 pauperes

74 3378 182 3426 aestivo
205 3378 320 3428 merline
340 3381 462 3444 ternpore
481 3378 609 3432 bebitere.

150 3467 189 3530 ²³)
212 3468 345 3521 Lucienus
370 3470 537 3534 Philopseud.
562 3485 620 3536 cap.
643 3469 677 3524 (λλ
704 3475 754 3524 vol.
777 3467 810 3525 lll
836 3485 894 3536 eep.
920 3469 954 3524 59
980 3471 1021 3522 cd.
1041 3471 1126 3522 licite:
1151 3464 1192 3542 Νὴ

74 3547 132 3609 Δί’,
158 3547 189 3618 ἦν
209 3545 235 3599 δ’
258 3549 325 3619 ίρίο,
347 3547 586 3618 pestanensem
608 3551 688 3625 ἄνδρα
708 3552 752 3606 τὸν
769 3549 928 3624 Ἀβδηρόθεν
949 3551 1047 3604 ίκείνον
1065 3549 1193 3622 Διρμόκρι·

74 3647 133 3684 τον.
152 3627 180 3688 ὃς
201 3627 286 3689 οὕτως
310 3629 361 3702 ἄρα
382 3630 525 3690 ἐπέπειστο,
548 3630 629 3702 μηδὲν
645 3631 698 3684 elie
715 3651 742 3684 τε
764 3633 827 3686 εἶναι
843 3637 962 3704 συστῆναι
980 3636 1108 3690 τοιοῦτον,
1127 3629 1193 3684 ὥστε

75 3709 167 3782 ἐπειδὴ
181 3709 318 3783 καθείρξας
338 3711 428 3764 ἑαυτὸν
451 3712 476 3771 ίς
496 3716 586 3783 μνῆμα
602 3712 654 3774 iim
669 3713 757 3766 πωλῶν
772 3711 885 3768 ἐνταῦθα
900 3712 1003 3767 διετίλει
1022 3713 1129 3784 γράφων
1149 3713 1194 3764 καὶ
1283 3750 1288 3758 -

76 3791 238 3848 συντάττων,
250 3793 295 3843 καὶ
306 3790 409 3866 νἰκτωρ
425 3795 470 3846 καὶ
484 3791 546 3864 μεθ’
569 3795 687 3866 ἡμέραν·
704 3795 750 3847 καί
771 3813 838 3855 τινες
855 3801 907 3849 τῶν
931 3795 1074 3848 νεανίσκων
1094 3793 1194 3866 ipsepe-

74 3871 131 3923 λεῖν
154 3869 309 3940 βουλόμενοι
329 3871 406 3924 αὑτὸν
427 3874 472 3926 καλ
492 3873 630 3944 δειματοῦν
654 3873 815 3944 στειλάμενοι
833 3882 959 3950 νεκρικῶς
979 3871 1068 3944 totns
1087 3872 1194 3946 μελαίνῃ

73 3953 122 4002 καὶ
142 3951 314 4022 προσωπείοις
342 3953 367 4012 ίς
392 3953 425 4005 τὰ
452 3955 546 4027 κρανία
569 3957 759 4026 μεμιμημένοις
782 3961 945 4030 περιστάντες
966 3953 1054 4020 abrae,
1080 3951 1194 4027 περιεχό-

74 4049 152 4104 ρευον
174 4031 223 4083 berb
242 4037 325 4107 πυκνῇ
349 4038 380 4107 τῇ
403 4035 475 4104 βάσει
499 4036 694 4105 ἀναπηδῶντες,
721 4034 765 4092 ὅδε
784 4037 842 4091 obre
863 4037 943 4092 littae
961 4037 1007 4108 τὴν
1028 4033 1193 4106 αροςποίηοιν

73 4113 176 4169 αὐτῶν,
189 4109 248 4165 οὕτε
266 4111 336 4172 ὅλως
350 4114 476 4187 ἀνέβλεψε
489 4115 551 4188 πρὸς
568 4116 678 4176 abra-ic·
698 4117 765 4170 ἀλλὰ
784 4119 881 4188 μεταξὺ
908 4119 1026 4190 γρίφων,
1046 4113 1194 4180 liubussie,

72 4195 138 4265 ter,
158 4193 302 4254 παίζοντες.
345 4192 421 4248 Οὕτω
443 4197 556 4268 βεβαίως
575 4199 688 4253 ἐπίστευε
707 4199 789 4271 μηδὲν
814 4199 878 4254 εἶναι
899 4199 944 4258 τὰς
966 4197 1052 4272 ψυχας
1073 4197 1119 4264 ίτι,
1143 4195 1195 4260 iim

71 4275 219 4348 γενομένας
237 4280 288 4327 τῶν
309 4277 450 4344 σωμάτων.
