2938 4864
349 319 434 373 Liber
453 319 501 373 ΙΙΙ.
533 319 604 376 Ado.
624 318 659 372 nd
680 321 758 374 Dent.
777 337 820 391 op.
838 321 934 394 tregru.
1134 324 1198 390 293

80 487 110 548 in
134 485 211 548 Cod.
235 485 320 548 Stob.
339 485 423 548 Flor.
454 485 548 550 Gnisi.
567 486 620 562 IV,
641 503 670 564 p.
694 487 756 547 406
784 491 815 548 et
835 487 863 550 in
883 488 959 550 (lod.
983 491 1105 554 Palatio.
1128 513 1194 556 sen-

79 594 238 656 tentiarum
260 593 545 656 Domocrnticnrnm.
591 593 813 672 Corrigendnm
840 598 938 656 tamen
963 596 992 656 in
1012 600 1088 660 God.
1107 601 1191 664 Flor.

81 701 167 784 pciilp
189 723 231 770 τις
257 722 315 781 pro
346 720 384 762 eo
410 701 493 782 qnod
520 700 562 761 ibi
592 707 639 763 est
669 699 811 782 μάθησις.
863 703 937 764 Scio
959 704 1079 766 delendi
1101 727 1192 788 posse

78 809 181 871 multis
199 807 345 888 exemplis
375 807 404 868 εί
440 808 632 887 conjunctivo
652 809 803 886 junctum,
829 811 914 890 cnjus
941 813 1141 890 patrocinium
1162 823 1192 878 et

81 916 215 979 Orellins
243 916 292 978 tic
322 914 471 995 suscepit,
494 916 548 978 sed
574 915 698 978 illorum
725 917 933 998 exemplorum
956 918 1015 980 clio
1036 921 1113 982 ratio
1135 929 1189 985 est.

79 1030 184 1107 Quare
202 1043 264 1086 non
287 1023 420 1086 dubitavi
439 1022 476 1105 ἢν
497 1022 628 1085 intentu
648 1043 772 1103 ponere.

166 1132 235 1194 132.
277 1131 359 1193 ldem
367 1129 535 1193 Democriti
552 1130 665 1192 dictum
678 1119 951 1195 servernutA'nton.
959 1135 1072 1196 etilox.
1080 1155 1109 1214 p.
1118 1138 1189 1200 un.

78 1239 233 1303 Edidimns
261 1236 442 1321 εὐτυχέουσι
470 1245 500 1301 et
528 1235 693 1321 ἀτυχέουσι
716 1258 774 1319 pro
798 1238 961 1324 εὐτυχοῦσι
983 1248 1013 1302 et
1031 1239 1188 1325 ἀτυχοῦσι.

167 1349 235 1410 133.
278 1347 330 1409 Sic
361 1345 584 1408 emendavimus
609 1345 702 1408 verba
729 1345 806 1408 Cod.
825 1347 917 1424 Flor„
944 1348 996 1408 nbi
1015 1350 1089 1410 hoec
1108 1349 1190 1412 inve

78 1457 216 1518 ninntnr:
248 1452 477 1537 Δημοκράτους.
512 1450 553 1516 ‘H
589 1451 679 1537 φύσις
702 1453 754 1515 καί
781 1454 800 1538 ἡ
835 1454 945 1538 διδαχὴ
976 1455 1188 1539 παραπλήσιόν

78 1563 159 1627 ἐστι·
188 1559 239 1625 καὶ
267 1562 287 1645 ἡ
318 1560 428 1645 διδαχὴ
462 1558 538 1642 μετὰ
560 1559 678 1643 ῥυσμοῦ
702 1561 752 1622 τὸν
778 1560 952 1644 ἄνθρωπον,
972 1561 1048 1643 μετὰ
1070 1563 1188 1646 ῥυσμοῦ

76 1671 155 1754 δὲὴ
185 1667 274 1754 φύσις
299 1671 393 1743 ποιεῖ,
424 1687 502 1752 quac
533 1667 565 1728 in
596 1668 745 1748 integrum
767 1669 883 1732 restitui
903 1669 953 1730 v'nr
975 1675 1109 1748 possent,
1130 1671 1188 1734 nisi

74 1785 190 1844 certam
208 1776 387 1838 emendandi
406 1775 483 1838 viem
503 1774 644 1837 Clemens
664 1782 844 1838 monstraret
859 1779 1001 1839 Stromet.
1011 1778 1063 1854 lv,
1073 1797 1103 1857 p.
1112 1779 1188 1840 536:

75 1884 361 1969 dtdnsp,i11quiens,
388 1881 405 1946 ὁ
432 1880 621 1964 Δημόκριτος
644 1879 678 1943 εὖ
702 1880 795 1964 λέγει,
817 1887 860 1952 ὡς
880 1884 900 1966 ἡ
924 1881 1012 1967 φύσις
1033 1884 1123 1967 ναίὴ
1148 1885 1187 1948 δι-

75 1993 159 2078 δαχὴ
177 1988 390 2074 παραπλήσιόν
412 1987 491 2050 ἐστι·
511 1988 562 2049 καὶ
582 1987 635 2070 τὴν
658 1989 754 2051 αἰτίαν
775 1989 933 2074 συντόμως
952 1992 1187 2073 προςαποδεὸιίι-

74 2122 190 2184 καμεν·
215 2099 267 2162 καί
282 2096 339 2181 γὰρ
354 2100 450 2178 (corr.
465 2116 535 2159 curn
546 2097 656 2158 Bnrclt.
669 2097 943 2178 πρυτατοδέόοικε·
963 2099 1014 2160 καὶ
1037 2099 1091 2180 μὲν
1114 2099 1187 2184 γὰρ)

73 2212 93 2294 ἡ
119 2207 231 2292 διδαχὴ
256 2203 491 2289 μεταῤῥυῦμίζει
516 2205 567 2267 τὸν
599 2201 774 2287 ἄνθρωπον,
796 2203 1055 2289 μεταῤῥυῦμοῡσα
1075 2207 1110 2268 δὲ
1132 2230 1185 2291 φο·

75 2317 218 2378 σιοττοιεῖ.
261 2313 455 2375 Burclmrdns
475 2311 567 2392 igitur
583 2334 613 2393 p.
625 2313 664 2374 14
686 2319 860 2393 corruptam
872 2314 948 2376 ch
961 2314 986 2374 F
989 2313 1045 2375 tor.
1059 2314 1187 2394 seriptu-

75 2445 141 2484 νοω
162 2421 207 2484 sic
236 2421 348 2502 corrigi
374 2420 452 2482 vult:
479 2419 530 2482 καὶ
554 2419 611 2504 γὰρ
639 2420 658 2502 ἡ
689 2419 800 2503 διδαχὴ
830 2419 1041 2504 μεταρῥυῦμσῖ
1064 2421 1115 2483 τὸν
1137 2420 1185 2483 ἅν·

75 2530 214 2613 3ριοπον,
234 2525 493 2611 μεταῤῥυίίμοῡσα
514 2525 549 2589 δὲ
566 2529 750 2610 φυσιοττοιεῖ,
762 2528 818 2589 sed
839 2527 980 2611 quoniam
992 2529 1185 2591 Democritus

73 2657 139 2700 non
161 2634 285 2718 ῥυθμός,
314 2636 369 2698 sed
397 2632 512 2718 ῥοσμότ
541 2635 674 2697 scribere
700 2634 786 2712 solet,
816 2634 869 2717 (ct.
898 2655 975 2718 qnae
997 2636 1125 2725 diximus
1148 2636 1186 2698 de

72 2745 156 2807 libro
184 2743 390 2807 Democritico
416 2743 486 2825 περὶ
512 2746 572 2805 τῶν
601 2740 808 2826 διαφερόντων
839 2742 961 2825 ῥυσμῶν
992 2739 1145 2826 [u·19])
1168 2764 1186 2803 σ

73 2855 123 2915 nic
147 2853 327 2920 servandum
354 2858 414 2929 est,
438 2851 545 2911 demde
571 2850 698 2930 propius
723 2851 762 2912 ad
780 2845 950 2914 litterarum
972 2850 1081 2912 ductus
1100 2871 1186 2912 acce-

73 2959 181 3021 demus
205 2958 416 3042 φεταῤῥοσμοῖ
434 2957 595 3019 scribendo
615 2977 705 3040 qnam
731 2955 947 3041 peroppncpei.
989 2956 1077 3018 Adde
1102 2958 1186 3040 quod

73 3063 298 3149 μεταῤῥυσμίιο
318 3066 411 3128 dubia
431 3085 491 3126 vox
514 3070 576 3138 est;
597 3063 722 3147 ῥοσμόιυ
745 3064 818 3126 dicit
839 3066 1032 3127 Democritus
1055 3085 1102 3144 ap.
1116 3067 1186 3126 Sto-

71 3175 181 3248 bnenrn
201 3175 255 3247 lv,
277 3173 327 3248 73,
349 3192 447 3253 neque
471 3171 651 3251 negligenda
672 3178 719 3234 est
738 3173 793 3233 linc
813 3173 844 3233 in
866 3192 899 3234 re
921 3172 1062 3252 llesychii
1082 3178 1185 3234 enclo-

72 3285 163 3360 ritns‚
199 3280 281 3361 apud
310 3300 398 3361 quem
430 3277 623 3361 ῥυσμοῦσῦαι
650 3280 813 3359 exponitur
843 3277 1072 3362 συγκρίνεσθαι,
1108 3299 1185 3361 quae

72 3388 253 3472 significatio
271 3387 310 3449 nd
329 3387 485 3466 physicam
503 3387 668 3448 Democriti
687 3387 854 3449 doctrinam
874 3387 1012 3467 pertinet.
1056 3385 1185 3449 Sensum

72 3498 134 3561 loci
157 3495 253 3558 nostri
277 3495 426 3576 expressit
447 3495 630 3557 Theodoret.
644 3495 696 3573 lV,
718 3494 779 3556 init.
809 3491 998 3577 Δημόκριτόν
1020 3515 1096 3577 φασι
1118 3537 1185 3549 ..-

73 3603 287 3688 παραπλήσιον
319 3601 396 3665 εἶναι
425 3606 464 3686 τῇ
494 3600 584 3685 φύσει
610 3599 708 3684 λέγειν
737 3601 791 3686 τὴν
821 3601 943 3686 ἀρίστην
968 3601 1184 3664 διδασκαλίαν·

76 3713 294 3793 μεταμορφοῡν
323 3709 380 3792 γὰρ
411 3707 448 3792 δὴ
477 3709 528 3770 καὶ
558 3709 810 3793 μεταρφυίίμίξειν
834 3707 910 3791 πρὸς
931 3708 965 3768 τὺ
990 3705 1107 3790 βέλτιον
1131 3706 1185 3789 τὴν

76 3819 188 3903 ψυχήν.
229 3819 389 3880 Cnetenrm
415 3820 611 3900 φυσιοτοιεῖν.
635 3818 839 3881 Tertullianus
864 3814 1071 3878 naturificandt
1090 3815 1185 3876 verbo

77 3927 208 3988 reddidit
228 3925 296 3988 cdv.
318 3926 437 3990 Volent.
457 3927 507 3988 29.

162 4036 230 4098 134.
273 4034 472 4114 Vulgnvirnns
504 4031 566 4095 ἐστι
593 4053 651 4112 pro
682 4031 772 4110 ἐστιν,
802 4032 836 4095 ἐκ
863 4037 922 4094 τῶν
951 4051 1008 4111 pro
1038 4027 1069 4098 ἐξ
1094 4029 1136 4090 ὧν
1157 4038 1186 4091 et

75 4138 187 4216 γίνεται
211 4161 268 4222 pro
290 4143 432 4225 γίγνεται,

162 4251 232 4312 135.
275 4246 423 4335 Κφέσσυν
458 4249 635 4330 scripsimus
666 4269 721 4330 pro
754 4249 919 4332 κρείσσων,
955 4245 1100 4331 φανέεται
1130 4265 1186 4326 pro
