2938 4864
296 315 361 384 m
630 313 826 378 θιασεύεται
852 313 1086 372 θσιυστίιεστιιιν

297 483 339 568 μὴ
360 481 529 570 βούλεσθαι
550 481 658 550 κακίας
675 481 846 565 τεκμήριον.
890 479 1003 546 Anton.
1023 485 1054 544 et
1073 482 1152 545 dien
1174 501 1238 562 pag.
1251 483 1320 550 791ς
1338 501 1373 560 up.

296 591 392 654 Oreli.
417 611 446 656 n.
472 593 540 655 160.
585 592 751 673 Utrumque
779 590 977 672 fragmentum
1003 589 1166 652 admodum
1189 589 1312 671 ineptum
1335 593 1374 648 est

295 701 384 764 Prius
406 701 451 763 sic
470 698 583 778 corrigi
601 697 664 760 vrrlt
679 697 882 775 Burcherdus,
902 703 935 760 ut
955 702 1121 778 reponatur
1143 695 1196 764 τὰς
1213 695 1375 780 είνρροσίνοι

295 807 435 892 ἡδίονατς
464 807 519 869 sed
548 806 711 870 ininiioeti
738 806 895 886 scriptoris
927 805 1059 868 dictione
1085 804 1157 866 ninii
1177 813 1266 868 muto.
1300 807 1375 866 Porro

295 937 359 980 nou
379 923 434 995 est,
456 915 540 1000 quod
559 933 699 978 moneam
719 912 762 976 ὧν
783 911 839 994 μὲν
861 956 931 970 ..-
952 912 994 975 ὧν
1015 911 1060 988 δὲ,
1084 920 1118 976 ut
1138 913 1189 974 iric
1210 914 1249 990 tit,
1271 911 1376 993 positum
1412 897 1413 910 ¹

296 1027 361 1088 iere
383 1024 533 1088 citerioris
561 1021 733 1104 graecitatis
758 1039 837 1086 esse.
886 1021 1048 1085 Caeterum
1078 1027 1239 1103 utrumque
1264 1020 1322 1098 ejus
1345 1027 1376 1078 est

295 1133 431 1216 genera,
466 1135 505 1196 de
539 1151 601 1215 quo
637 1129 767 1194 diximus
800 1130 838 1192 cd
872 1131 977 1212 fragm.
1011 1130 1159 1210 supposit
1196 1130 1323 1206 16,1Ἰ,
1351 1125 1377 1186 16

296 1249 327 1306 et
351 1244 399 1305 19.

396 1353 446 1413 96.
489 1347 637 1431 Διηνεκὴς
664 1345 713 1408 ἐπὶ
741 1349 831 1410 πᾶσιν
861 1344 1037 1430 ἀνθρώποις
1063 1345 1083 1427 ἡ
1112 1347 1168 1408 τοῦ
1190 1339 1316 1406 πλούτου
1335 1338 1377 1400 ἐπι·
1412 1319 1413 1398 ι

296 1457 410 1541 θυμία·
432 1456 473 1540 μὴ
492 1455 639 1538 κτηθεῖσα
660 1454 714 1536 μὲν
733 1453 791 1539 γὰρ
809 1452 924 1538 τρύχει,
943 1453 1092 1536 κτηθεῖσα
1112 1453 1147 1516 ot
1171 1449 1318 1538 βασανίζει
1333 1449 1378 1510 τοῖς

297 1565 461 1651 φροντίσιν,
484 1561 695 1645 ἀποκτηθεῖσα
715 1562 751 1624 ot
771 1567 838 1630 ταῖς
860 1559 977 1629 λύπαις
1017 1561 1130 1626 Auton.
1161 1581 1230 1642 pag.
1252 1560 1321 1628 769;
1345 1573 1377 1631 ap.
1412 1605 1413 1630 ρ

295 1673 426 1736 Froben.
451 1671 504 1751 (ci.
525 1691 620 1752 supra
637 1669 676 1732 ad
704 1671 810 1751 fragm.
832 1689 957 1750 suppos.
979 1672 1014 1750 9)
1044 1691 1111 1751 pag.
1134 1671 1213 1742 905;
1241 1688 1286 1747 ap.
1306 1659 1378 1724 Orod.
1412 1655 1413 1704 i

294 1801 325 1846 ιι.
345 1783 415 1844 161.
458 1779 582 1860 Frigida
608 1778 755 1840 sententia
780 1797 817 1840 ac
841 1779 1018 1842 Democrito
1047 1779 1180 1859 indigua,
1208 1795 1269 1838 nou
1291 1779 1378 1835 tantun

295 1895 423 1970 propter
442 1887 536 1950 verba
561 1884 611 1948 ἐπὶ
633 1887 724 1948 πᾶσιν
747 1885 931 1969 ἀνθρώποις,
957 1907 1035 1968 quae
1064 1907 1134 1949 cum
1155 1881 1340 1948 Democriteo
1354 1875 1379 1934 tlt

294 1998 341 2060 his
362 1995 453 2073 rebis,
470 1995 588 2074 judicio
612 1993 768 2056 conciliari
789 2013 851 2056 non
873 2001 1012 2074 possunt,
1029 1996 1085 2057 sed
1105 1995 1200 2058 etiam
1219 1985 1379 2075 propterte
1412 1987 1413 2060 ζ

294 2103 405 2188 queudi
425 2121 520 2182 genus
547 2123 566 2164 ιι
588 2101 780 2164 Democritea
806 2101 937 2164 dictione
960 2101 1100 2166 alienum.
1150 2101 1284 2165 Offendit
1303 2091 1379 2174 impri‘
1412 2123 1413 2180 ν

295 2212 352 2276 mis
374 2211 499 2274 verbum
519 2209 721 2289 ἀποινᾶσθαι,
740 2211 825 2292 quod
844 2210 926 2290 apud
940 2211 1086 2292 optimum
1106 2229 1258 2293 quemquo
1279 2204 1378 2281 scripto
1412 2241 1413 2280 ρ

295 2341 359 2382 reru
379 2339 442 2383 uon
460 2318 579 2400 legitur,
602 2325 632 2380 et
654 2318 820 2400 participia,
840 2337 916 2400 qnae
935 2318 975 2380 ad
996 2318 1114 2382 divitius
1134 2317 1293 2380 referenda
1309 2314 1378 2379 erat
1412 2295 1413 2356 Ῑ

294 2429 333 2492 ad
353 2426 546 2509 cupiditatem
566 2424 759 2508 (ἐπιθυμίαν)
779 2423 881 2488 reluta.
1306 2502 1314 2517 υ

379 2538 429 2598 96.
466 2529 507 2596 ‘D
535 2532 612 2596 κατὰ
642 2532 731 2616 ρίισιν
757 2535 890 2601 πλοῦτος
918 2533 1001 2618 ἄρτῳ
1027 2535 1078 2596 καὶ
1105 2532 1194 2596 ὕδατι
1220 2532 1270 2596 καὶ
1294 2531 1327 2610 τί,
1347 2546 1376 2584 τι

294 2641 395 2728 χοίνσῃ
417 2640 472 2704 τοῦ
498 2643 641 2722 σώματος
663 2639 760 2724 σκέπῃ
778 2643 1054 2725 συμπεπλήρονται·
1077 2641 1093 2704 ὁ
1114 2641 1148 2704 δὲ
1171 2639 1305 2725 περιττὸς
1323 2629 1377 2695 κατὰ
1412 2669 1413 2738 ρ

295 2749 396 2834 ψυχὴν
419 2747 587 2832 ἀπέραντον
610 2745 749 2833 ἔχεικαὶ
774 2749 825 2812 τὸν
847 2751 901 2831 τῆς
922 2747 1084 2833 ἐπιθυμίας
1106 2747 1252 2833 βάσανον.
1293 2747 1377 2808 Anton
1412 2739 1413 2816 ζ

294 2879 325 2939 p.
342 2861 422 2932 769;
443 2877 492 2936 ap.
507 2856 602 2918 Oreii.
622 2876 651 2920 n.
668 2859 727 2920 169
749 2857 768 2921 i.
786 2877 812 2920 e.
834 2859 1001 2920 Naturales
1021 2857 1148 2920 diuitiae
1165 2862 1306 2920 ceretani
1317 2865 1378 2932 pom
1412 2879 1413 2930 g

294 2973 325 3028 et
346 2985 429 3047 αρσια
447 2973 478 3026 et
498 2966 705 3045 quotacunque
723 2967 859 3045 corporis
871 2973 1054 3046 tegumento,
1070 2983 1311 3046 mpernoconeoe
1327 2972 1378 3020 acro

293 3073 454 3154 infinitam
483 3075 519 3134 t'n
546 3073 651 3134 om'mc
678 3073 858 3153 cupiditate&
885 3076 1076 3136 uexationem
1102 3072 1224 3138 hadent.
1272 3065 1378 3134 Orellits

294 3187 450 3260 comperet
478 3181 656 3243 sententium
684 3180 914 3262 Pythagoricum
941 3183 1063 3262 (opusc.
1083 3183 1096 3244 l
1123 3202 1153 3262 p.
1175 3184 1228 3257 to,
1246 3182 1298 3258 90)
1321 3172 1377 3249 Eoi·

293 3289 348 3356 κὸς
373 3287 461 3371 φωνὴ
490 3289 531 3370 μὴ
558 3292 677 3371 πεινῇν,
706 3288 747 3370 μὴ
779 3287 882 3371 διψῆν,
912 3287 953 3371 μὴ
977 3288 1089 3372 ῥιγοῦν.
1114 3297 1145 3352 et
1166 3289 1252 3352 Pauli
1272 3274 1377 3366 apostoli

293 3397 386 3458 verbe
405 3395 419 3456 1
443 3395 574 3460 Tinrotir.
594 3397 645 3473 Vl,
665 3398 701 3458 8:
718 3391 866 3478 Ἔχοντες
882 3394 918 3458 δὲ
936 3395 1103 3480 διατροφὰς
1123 3395 1175 3460 καὶ
1196 3394 1377 3472 σκεπάσματα

293 3501 410 3572 τούτοις
432 3501 701 3588 ἀρκεσθησόμεθα.
740 3501 782 3564 nt
801 3501 868 3583 ipso
893 3504 1041 3584 graecitas
1062 3504 1244 3568 documento
1267 3509 1316 3575 est,
1335 3498 1376 3556 hot

293 3613 527 3693 fragmentuma
549 3612 725 3674 Democrito
747 3631 809 3674 uon
830 3631 898 3674 esse
926 3613 1082 3692 scriptum.
1125 3611 1172 3675 Ac
1190 3615 1313 3694 primum
1331 3601 1376 3684 qui·

293 3721 362 3782 dem
385 3739 448 3782 non
477 3718 578 3781 solum
601 3719 745 3798 junctura
771 3720 787 3782 ί)
816 3719 892 3782 κατὰ
919 3720 1008 3804 φύσιν
1036 3721 1169 3788 πλοῦτος
1196 3763 1263 3774 ...-
1290 3729 1375 3796 capnt·

292 3829 454 3911 uiuiparos
482 3827 575 3908 paulo
603 3827 783 3890 insolentior
803 3836 858 3905 est,
888 3829 944 3890 sed
971 3830 1061 3892 etiam
1089 3848 1163 3892 usus
1186 3830 1270 3892 vocis
1294 3818 1375 3893 σκέπην

292 3955 383 4019 quom
411 3935 460 3997 hic
484 3935 628 4013 videmus,
659 3937 755 4018 magis
785 3936 917 3999 concinit
945 3957 1014 3999 cum
1036 3938 1206 4000 recentiore
1227 3954 1310 4020 quam
1325 3943 1374 3989 eun

292 4044 465 4126 antiquiore
485 4043 605 4107 dicendi
626 4044 853 4108 cousuetudine.
904 4045 1022 4108 Deinde
1043 4065 1133 4108 nemo
1154 4046 1252 4108 bouus
1271 4038 1375 4115 scriptor

292 4149 366 4213 dixit
389 4151 405 4213 6
428 4151 576 4234 priuatum
604 4172 709 4216 omnes
736 4153 880 4216 iuminiuo
901 4173 1011 4235 geucre
1038 4155 1099 4215 hoo
1120 4153 1296 4216 vocabulum
1310 4155 1374 4207 usur·

292 4262 410 4336 parunt.
451 4261 550 4336 Quam
574 4277 638 4321 rem
662 4260 775 4341 fugisse
802 4261 892 4326 video
917 4261 1137 4342 Burchardutn,
1164 4263 1217 4345 qui
1237 4252 1373 4341 significatu
