2938 4864
337 322 422 379 Liber
440 323 490 384 lll.
518 323 589 378 non.
609 322 644 378 etl
664 323 743 382 Dent.
761 340 805 395 op.
824 324 919 398 ίτιιῃι.
1119 327 1183 392 319

68 493 160 554 derns
186 491 302 553 exoreri
323 491 415 569 jussit
443 487 486 552 ἔτι
516 490 551 552 δὲ
580 487 681 554 αὐτῶν
708 490 910 575 μεταβάλλειν
933 490 998 576 ἅμα
1018 496 1058 576 τῇ
1075 495 1183 578 κράσει

68 599 180 662 καὶτὰ
208 597 271 682 ἤθη
301 599 351 661 καὶ
379 598 441 676 (vel
464 596 556 678 nord)
588 595 642 664 τὰς
668 598 795 680 ἡλικίας,
829 601 1025 662 Burcherdus
1053 603 1184 682 conjecit

70 707 114 768 ἔτι
138 707 173 768 δὲ
194 704 306 772 αὐτοὺς
328 707 529 790 μεταβάλλειν
551 705 689 787 τὰπάθη
707 710 746 788 τῇ
766 706 872 790 κράσει
889 707 939 770 καὶ
959 710 1025 773 ταῖς
1042 707 1182 789 ἡλικίαις.

69 816 131 876 Sed
161 834 253 896 quum
282 813 312 874 iu
341 813 474 876 editione
502 813 678 876 Cemotiena
703 832 761 893 pro
793 812 832 897 τῇ
861 813 967 897 κράσει
995 815 1113 896 legetur
1143 815 1183 900 τῇ

68 921 177 1004 κρίσει,
210 921 274 998 jem
302 921 418 1000 pridem
450 921 622 1001 suspicatus
650 941 741 998 erent,
771 921 889 984 exorari
918 931 1062 1004 oportere
1088 921 1132 986 ἔτι
1151 923 1181 985 δ’

70 1026 183 1095 αὐτοὺς
205 1027 406 1111 μεταβάλλειν
427 1028 479 1110 τὴν
511 1027 606 1112 κρίσιν
636 1026 773 1092 κατὰτὰ
796 1029 880 1112 coho
903 1031 954 1093 καλ
977 1029 1031 1099 τάς
1054 1032 1181 1113 ἡλικίας,

70 1143 231 1216 orrtequam
256 1136 509 1214 Papencordtium
533 1137 563 1198 in
586 1135 711 1198 eorrdem
738 1137 940 1214 conjecturem
963 1137 1103 1201 incidisse
1126 1142 1183 1201 sci-

72 1263 144 1304 rem.
189 1243 217 1302 ls
238 1243 277 1303 ed
298 1243 482 1320 probandam
503 1245 579 1306 lierrc
600 1243 805 1324 suspicionem
827 1244 962 1306 adhibuit
975 1246 1057 1309 Sext.
1071 1247 1183 1327 Ernpir.

72 1353 139 1414 atlv.
175 1351 267 1412 hleth.
295 1351 358 1427 Vll,
392 1353 452 1414 loo
486 1351 558 1434 (vid.
583 1352 688 1431 irrgrn.
717 1353 804 1431 phys.
832 1352 872 1428 l.)
909 1359 940 1414 ct
971 1353 1057 1415 Stob.
1085 1356 1182 1417 Sertn.

73 1461 187 1534 (¹,va
208 1460 257 1534 45,
282 1459 390 1540 quibus
410 1459 488 1521 locis
510 1459 581 1520 nihil
608 1479 687 1539 opns
710 1459 774 1521 tuit
817 1460 898 1542 Quid
918 1461 1111 1522 Democritus
1132 1481 1184 1540 op-

71 1568 199 1647 pelleret
219 1566 387 1649 φαντασίαν
410 1587 470 1629 ιιοιι
491 1568 563 1630 sotis
579 1567 725 1628 intellexit
739 1567 963 1647 Philippsonins
980 1568 1054 1628 lroec
1068 1567 1184 1630 Aristo

72 1677 141 1738 telis
157 1676 250 1736 verbe
273 1675 326 1752 (de
348 1675 434 1736 nrrirn.
455 1676 508 1752 lll,
528 1677 557 1752 3,
585 1673 710 1758 §.160)
742 1673 889 1754 ollegens:
924 1675 943 1758 ἡ
969 1675 1122 1758 φαντασία
1142 1675 1183 1738 κί·

70 1783 157 1866 νησίς
179 1803 222 1848 τιτ
252 1782 339 1844 δοκεῖ
359 1779 447 1854 εἶναι,
475 1783 525 1846 καὶ
556 1781 612 1844 οὐκ
640 1780 713 1843 ἄνευ
742 1781 918 1864 αίσίλήσεωτ
940 1781 1088 1864 γίνεσθαι,
1111 1784 1182 1846 ἀλλ’

72 1887 319 1971 αἰσθανομέναις,
340 1889 392 1950 καὶ
415 1888 458 1950 ὦν
480 1889 638 1972 αἰσίλήσεις
660 1890 752 1952 εἰσίν·
778 1887 841 1952 ἔστι
865 1889 899 1952 δὲ
913 1889 1051 1970 γίνεσθαι
1069 1891 1183 1974 κίνησιν

73 1998 133 2059 ὑπὸ
155 1999 208 2078 τῆς
225 1995 376 2078 ἐνεργείας
395 1999 449 2077 τῆς
468 1997 652 2080 αἰσθήσεως.
673 2018 710 2060 ex
732 1998 842 2079 quibus
857 2017 955 2077 neque
974 1999 1184 2079 Theophrasto

72 2123 172 2187 neque
193 2103 370 2166 Democrito
397 2103 450 2164 lnx
478 2105 617 2181 offertor,
641 2105 856 2168 Aristoteletnn
882 2113 982 2168 cutem
1007 2107 1045 2168 de
1073 2107 1129 2168 hcc
1151 2127 1184 2169 re

66 2213 217 2292 judicium
242 2210 440 2292 eproposito
470 2211 600 2274 alienum
629 2231 696 2274 esse
724 2219 857 2293 apparet
902 2213 957 2275 Est
976 2231 1050 2274 vero
1074 2215 1185 2276 Demo·

73 2321 152 2382 crito
176 2318 328 2403 φαντασία
347 2337 408 2380 nou
431 2318 531 2380 solum
550 2320 744 2398 imaginatio,
768 2321 822 2382 sed
845 2321 932 2382 etiem
952 2321 1019 2399 ipsc
1039 2338 1087 2380 rer
1108 2321 1186 2381 ima-

71 2429 205 2508 ginariis
223 2433 313 2507 elque
332 2425 409 2488 odeo
426 2430 581 2507 perceptio
602 2429 803 2508 imaginante.
847 2429 972 2491 Utamur
993 2427 1072 2490 eninr
1092 2428 1185 2506 poulo

75 2535 200 2597 liberius
220 2533 277 2610 hic,
308 2535 360 2597 ubi
384 2535 421 2596 de
441 2535 579 2596 sensibus
599 2535 705 2614 egitur,
730 2535 935 2615 perceptionis
957 2534 1107 2597 vocabulo
1125 2541 1185 2596 tom

75 2643 116 2703 de
138 2641 325 2722 percipiendi
347 2643 467 2705 actione
486 2661 576 2724 quam
600 2642 637 2704 de
655 2661 689 2702 re
709 2651 869 2723 perceptm
891 2640 974 2722 qnod
989 2641 1047 2702 etsi
1067 2647 1185 2703 veteres

76 2750 186 2812 iecisse
209 2769 271 2812 non
291 2757 417 2828 constet,
440 2757 537 2810 ιαιιιειι
561 2749 592 2810 in
621 2749 831 2812 convertendis
852 2747 1019 2812 Democriti
1040 2750 1187 2830 fragmen-

75 2858 116 2919 tis
138 2857 291 2920 brcvitetis
323 2858 549 2920 excusationem
578 2855 707 2919 habebit
750 2857 905 2939 Quidquid
927 2863 1026 2920 eutem
1047 2857 1186 2920 sensibus

76 2964 270 3046 percipimus,
298 2963 329 3025 id
353 2964 560 3045 imaginarium
580 2971 634 3043 est,
655 2964 833 3028 Democrito
854 2965 966 3043 judice,
989 2965 1113 3046 ejusque
1135 2984 1188 3027 co-

75 3071 172 3152 gnitio
195 3073 326 3134 obscure
347 3073 400 3152 (cl.
423 3073 527 3152 fragm.
547 3073 635 3154 phys,
655 3075 696 3152 l),
716 3073 847 3156 ideoque
869 3073 907 3134 ab
929 3079 1053 3136 auctore
1076 3073 1189 3135 doctri-

73 3199 134 3240 nae
156 3181 326 3243 nominatur
349 3179 510 3262 φαντασία.

162 3289 213 3350 25.
256 3287 317 3348 Pro
339 3284 531 3369 σκολιότητα,
554 3288 637 3370 qood
661 3288 827 3351 sublinere
847 3289 936 3367 hujus
958 3287 1116 3369 fragmenti
1138 3307 1189 3350 ex-

74 3401 137 3456 stet
157 3395 189 3456 io
210 3394 308 3472 codd,
329 3395 522 3458 Durclmrdus
544 3397 637 3460 scribi
654 3395 777 3460 volebat
798 3394 1007 3479 σκαληνόιητα
1029 3397 1189 3459 conterens

75 3503 276 3584 'theophrast
298 3503 336 3564 dc
357 3521 436 3564 sens.
451 3505 500 3566 66.
544 3505 621 3566 Vide
637 3506 741 3586 fragm.
754 3506 842 3586 phys.
854 3505 904 3566 98.
947 3503 1009 3566 Sed
1030 3502 1189 3566 dicendum

76 3615 143 3670 eret
166 3608 340 3690 σκαληνίαν,
361 3611 444 3691 qnod
465 3619 591 3692 propter
614 3615 742 3675 eundern
763 3613 866 3675 locum
886 3610 979 3672 textui
998 3609 1188 3672 inseruimus.

75 3719 172 3778 ilecto
196 3723 280 3778 notet
300 3717 504 3796 Burchnrdns,
525 3728 597 3783 octo
620 3720 798 3804 plerumque
820 3737 964 3800 soporum
978 3737 1089 3798 genere
1107 3717 1189 3797 opud

75 3833 196 3886 veteres
220 3824 328 3886 tradito
357 3825 493 3905 reperiri.
537 3829 592 3890 Est
619 3830 698 3892 enim
720 3829 882 3892 Plutarcho
903 3833 1028 3888 auctore
1050 3825 1189 3905 (Qmest

74 3931 204 3994 natural.
223 3951 252 4011 p.
274 3934 352 4012 616)
375 3953 468 4012 sopor
487 3933 537 3996 vel
567 3934 712 4019 ἁλμυράς,
736 3939 786 4000 vel
811 3933 927 4017 πικράς,
950 3931 998 3994 vel
1021 3930 1089 4000 ὀξύς
1111 3931 1190 4009 (sive

77 4037 202 4120 ὀξίνης),
218 4039 266 4100 vel
288 4039 428 4120 σίνώδητ,
450 4041 497 4102 vel
521 4041 657 4126 λιπαράς,
680 4043 729 4106 vel
753 4040 903 4126 στρυφνάτ
921 4039 999 4124 (sive
1014 4035 1189 4121 αὐστηρός),

75 4145 125 4207 vel
138 4143 260 4227 γλυκύς,
271 4147 320 4209 vel
336 4145 453 4229 δριμύς.
476 4149 705 4230 Theophrastus
717 4160 815 4214 entem
830 4151 882 4230 (dc
895 4167 976 4212 σειιε.
988 4147 1080 4228 plant.
1092 4147 1143 4224 Vl,
1154 4147 1189 4228 t)

75 4255 149 4317 dum
169 4233 286 4336 septem
305 4273 416 4334 genere
440 4255 533 4338 vulgo
553 4258 654 4339 putari
674 4259 739 4324 vult
757 4267 809 4325 eut
829 4265 911 4336 octo,
930 4255 957 4318 si
975 4255 1084 4334 raher,
1107 4253 1190 4337 qnod
