2892 4872
248 275 311 343 152
571 277 767 340 Quaestionum
794 276 1028 332 Democritaaram

249 454 280 510 et
298 446 426 527 Physica
448 447 501 526 (ci.
523 443 601 506 inira
617 445 733 526 scripta
764 465 853 526 supp.
876 445 930 525 10)
953 444 1115 526 scripserit
1158 445 1200 508 At
1220 446 1361 511 Needha-

248 555 341 618 mium
363 553 436 632 tuti,
463 559 546 616 recte
572 552 614 615 ibi
645 553 788 616 observat
815 552 977 629 Niciasius,
1007 554 1147 636 quoniam
1175 553 1254 616 liber
1272 558 1362 636 cujus

248 661 384 728 meminit
408 661 544 725 eruditus
570 661 621 723 ille
643 661 696 738 vir,
727 668 809 724 totus
827 662 865 722 ad
894 659 1060 742 chymicam
1082 667 1177 724 artem
1201 664 1363 741 referatur,

249 770 498 851 Geopouicorum
521 774 621 831 autem
639 767 710 832 loca
728 769 767 833 ad
780 770 988 834 Democritum
1005 769 1173 849 spectantia
1197 782 1259 832 non
1280 772 1365 850 ejus-

249 878 318 940 dem
341 877 460 959 generis
482 875 584 939 omnia
609 876 676 939 siut
720 877 775 941 Est
803 884 903 942 autem
924 896 1035 958 operae
1062 877 1193 958 pretium
1215 877 1286 958 ,ipsa
1303 880 1364 942 Ni-

249 985 333 1049 clasii
362 985 456 1049 verba
476 1003 645 1066 apponere:
690 985 876 1068 „Quaedam
907 984 1013 1068 inquit,
1047 984 1112 1047 sine
1136 985 1230 1049 dubio
1251 987 1363 1051 aetatis

247 1100 318 1158 stant
341 1093 505 1170 interioris,
534 1099 565 1155 et
586 1093 624 1155 ab
650 1094 822 1158 fraudatore
843 1093 1019 1158 Democrito
1039 1093 1163 1176 antiquo
1181 1095 1363 1176 supposita;

247 1202 331 1265 velut
348 1201 372 1279 1,
394 1204 433 1265 10
454 1201 561 1276 multa;
598 1202 633 1279 11,
653 1203 704 1277 10,
725 1203 761 1276 3;
792 1203 874 1280 Xlll,
904 1205 936 1280 9,
956 1205 993 1276 63
1025 1201 1111 1279 XlV,
1134 1205 1153 1266 5
1174 1202 1226 1265 ubi
1246 1223 1363 1267 nomen

247 1305 366 1371 annai
387 1310 522 1372 fraudem
544 1309 649 1390 aperit.
692 1309 849 1393 Quaedam
871 1317 971 1372 autem
991 1309 1111 1392 antiqua
1135 1314 1257 1372 suntet
1277 1311 1362 1372 forte

123 1485 130 1500 ⁶
246 1418 383 1498 genuim,
415 1425 555 1501 tanquam
583 1419 622 1494 V,
644 1419 674 1496 4,
706 1438 784 1501 quae
807 1418 905 1481 eidem
928 1419 967 1481 ab
994 1417 1165 1482 Columella
1192 1418 1361 1496 111,1n,5

246 1525 427 1603 tribuuntur,
451 1534 481 1588 at
501 1527 523 1602 1,
546 1528 575 1604 5,
591 1526 611 1588 3
635 1545 712 1608 quae
730 1525 846 1590 Plinius
866 1545 987 1610 quoque
1004 1525 1116 1602 XVlll,
1129 1527 1169 1588 26
1191 1545 1215 1589 s.
1229 1528 1270 1590 60
1296 1527 1362 1590 De-

245 1633 366 1696 mocriti
385 1634 506 1696 nomine
526 1639 685 1696 memorat:
708 1634 779 1698 item
790 1635 863 1711 XV,
876 1635 935 1712 7‚o
957 1633 1067 1716 quibus
1085 1633 1232 1694 Athenaei
1252 1624 1361 1696 aucto-

244 1740 317 1804 ritas
336 1742 426 1804 fidem
444 1743 523 1806 tacit
565 1745 604 1806 Et
625 1741 797 1824 hujusmodi
817 1762 884 1806 esse
903 1747 978 1824 puto
992 1741 1147 1825 pleraque.
1175 1741 1361 1824 Sequiorem

244 1854 344 1912 tamen
370 1857 498 1914 aetatem
529 1851 650 1933 sapiunt
675 1853 732 1930 lX,
765 1853 818 1924 1ος
852 1851 895 1928 X,
922 1853 973 1927 lt,
1000 1853 1049 1928 15,
1078 1852 1127 1926 47,
1156 1851 1209 1926 60,
1234 1850 1275 1913 73
1300 1856 1358 1915 etc.

242 1955 362 2038 Nempe
400 1959 452 2022 diu
478 1965 533 2037 est,
564 1979 633 2023 cum
657 1960 736 2022 liber
770 1960 821 2022 cui
844 1977 955 2022 nomeu
983 1961 1038 2021 τοῦ
1062 1955 1255 2042 Δημοκρίτου
1285 1958 1357 2042 περὶ

241 2065 391 2150 γεωργίης
418 2067 482 2129 sive
505 2065 675 2150 Γεωργικὸν
699 2069 877 2148 inscriptum
900 2066 964 2143 luit,
990 2065 1111 2143 exstitit,
1140 2085 1230 2148 quem
1254 2067 1356 2130 Varro

241 2170 1353 2257 1,1,8;001.l1,7;x1‚3‚nataliaslaudanaquoetnmtc

239 2279 299 2342 lius
319 2282 400 2362 apud
427 2283 567 2346 Plotium
595 2283 672 2346 Ood.
696 2283 820 2346 CLXlll
847 2303 920 2347 usus
945 2289 1000 2362 est,
1024 2291 1055 2347 et
1083 2285 1170 2363 cujus
1190 2283 1266 2344 haec
1284 2290 1354 2346 sunt

241 2387 418 2470 fragmenta.
458 2393 563 2453 Utrum
587 2390 790 2454 Abderitanns
816 2391 1017 2473 philosophus
1038 2393 1103 2470 ejus
1123 2403 1231 2454 auctor
1254 2390 1355 2466 luerit,

241 2499 272 2556 et
289 2495 327 2557 ab
354 2497 421 2560 aliis
439 2499 586 2580 quaedam
610 2498 750 2562 subtexta
767 2498 851 2582 ¹sint;
882 2520 920 2562 au
942 2519 1016 2562 vero
1035 2501 1183 2563 confictam
1205 2500 1244 2561 sit
1262 2505 1354 2576 totus,

239 2601 281 2664 ita
302 2609 410 2684 tamen
438 2614 473 2671 ut
494 2607 662 2670 Democriti
689 2607 830 2688 dogmata
857 2627 916 2688 pro
938 2607 1005 2671 basi
1025 2607 1146 2683 tuerint,
1167 2626 1228 2670 non
1250 2606 1353 2689 liquet

241 2710 322 2792 Quin
353 2713 447 2776 multa
476 2722 557 2778 certe
586 2715 779 2777 Democritea
813 2715 861 2777 hic
877 2721 1073 2805 ¹occurrant,
1105 2715 1207 2780 nullus
1239 2713 1353 2778 dubito.

166 2893 169 2902 .
238 2818 298 2879 llic
318 2824 417 2884 manen
436 2823 551 2900 nescio,
570 2842 609 2885 an
629 2822 808 2902 excipienda
828 2822 888 2884 siut
906 2823 1061 2906 pleraque,
1084 2843 1161 2906 quae
1178 2823 1258 2886 libro
1279 2823 1355 2884 Xlll

168 2917 175 2932 '
239 2931 270 2988 et
290 2929 500 3010 sequentibus,
519 2931 573 2994 ubi
591 2932 629 2994 de
647 2930 796 2992 medicina
814 2930 913 3010 agitur
930 2932 1124 3010 veternam-ia,
1152 2931 1216 3010 ejus
1232 2931 1354 2994 nomine

238 3040 409 3114 prostanta'
426 3057 496 3101 cum
533 3038 631 3102 Bolus
659 3037 833 3100 Mendesius
861 3039 918 3102 sub
946 3041 1068 3104 nomine
1088 3039 1253 3103 Democriti
1276 3038 1353 3102 falso

238 3142 276 3204 de
295 3163 329 3206 re
350 3147 493 3226 pecuaria
512 3152 680 3209 commenta
696 3145 873 3225 prodiderit,
891 3148 929 3210 de
951 3148 1059 3232 quibus
1078 3147 1145 3210 Col.
1164 3149 1229 3224 Vll,
1251 3149 1280 3226 5,
1303 3150 1350 3210 17.

237 3252 328 3333 Quod
359 3262 390 3315 ct
418 3256 456 3316 de
479 3254 674 3335 Hippiatricis
704 3252 793 3331 valet,
825 3253 877 3314 ubi
902 3254 1039 3332 ejusdem
1067 3275 1179 3318 nomeu
1208 3255 1351 3318 occurrit.

235 3358 355 3439 Nempe
386 3361 459 3423 olim
481 3363 545 3440 jam
567 3361 651 3424 multi
678 3379 751 3423 suos
782 3360 893 3439 ingenii
918 3361 1017 3424 foetus
1043 3361 1087 3424 illi
1115 3369 1353 3445 supposuerunt,

235 3465 401 3530 nobilitatis
426 3471 674 3550 auctoritatisque
702 3470 767 3547 ejus
797 3467 936 3550 perfugio
963 3475 1092 3549 utentes,
1114 3477 1148 3534 ut
1170 3471 1289 3536 Gellius
1309 3472 1352 3533 in-

237 3573 303 3656 quit
325 3575 369 3652 X,
394 3579 441 3638 10.
484 3577 572 3641 Adde
592 3577 668 3640 Plin.
691 3577 812 3656 XXIV,
834 3579 888 3650 17;
910 3576 1021 3656 XXX,
1044 3581 1059 3640 1
1083 3585 1114 3642 et
1138 3580 1228 3660 Diog.
1246 3582 1349 3657 Lucri.

237 3681 295 3743 sub
314 3683 418 3760 finem,
447 3685 499 3747 ubi
524 3686 646 3750 fraudes
666 3683 874 3765 hujuscemodi
896 3683 999 3765 plures
1022 3685 1200 3750 indicantur.
1242 3686 1350 3749 Nostri

237 3789 389 3852 Palladius
413 3793 547 3856 meminit
570 3795 618 3871 111,
639 3795 690 3870 09,
715 3796 749 3866 1;
770 3794 822 3870 lV,
849 3795 896 3870 10,
924 3795 943 3856 5
969 3800 1000 3856 et
1023 3796 1082 3868 30;
1102 3795 1171 3872 Xll,
1196 3797 1251 3868 10;
1281 3795 1349 3870 Xll,

234 3898 284 3974 00,
305 3898 324 3960 3
343 3898 420 3962 etc.”
462 3901 496 3962 ln
512 3901 698 3966 universum
723 3921 786 3964 non
817 3901 895 3964 male
911 3902 1061 3979 judicavit
1080 3903 1243 3968 Niclasius.
1288 3903 1349 3966 Sed

233 4003 343 4068 milrie
371 4009 527 4090 sexaginta
555 4009 736 4087 octalocis,
760 4009 962 4093 quibuscum
987 4010 1127 4074 laudatur
1155 4011 1348 4096 Democritus

232 4111 264 4173 iu
284 4113 470 4195 Geopouicis
499 4124 563 4180 tum
588 4118 692 4199 operis
721 4118 787 4196 ojus
809 4119 975 4198 fragmenta
999 4117 1173 4200 allegantur,
1204 4119 1347 4182 tredecim

228 4225 343 4284 tantum
367 4230 397 4286 et
415 4227 581 4304 argumenti
603 4226 785 4306 praestantia
807 4232 837 4287 et
854 4233 989 4289 veterum
1010 4225 1194 4306 scriptorum
1214 4228 1345 4290 testimo-
