<?xml version="1.0" encoding="UTF-8"?>
<!DOCTYPE html PUBLIC "-//W3C//DTD XHTML 1.0 Transitional//EN"
    "http://www.w3.org/TR/xhtml1/DTD/xhtml1-transitional.dtd">
<html xmlns="http://www.w3.org/1999/xhtml" xml:lang="en" lang="en">
 <head>
  <title>
</title>
<meta http-equiv="Content-Type" content="text/html;charset=utf-8" />
  <meta name='ocr-system' content='tesseract 3.04.00' />
  <meta name='ocr-capabilities' content='ocr_page ocr_carea ocr_par ocr_line ocrx_word'/>
</head>
<body>
  <div class='ocr_page' id='page_1' title='image "./democritiabderi00mullgoog_0048.png"; bbox 0 0 2956 4860; ppageno 0'>
   <div class='ocr_carea' id='block_1_1' title="bbox 393 315 1179 390">
    <p class='ocr_par' dir='ltr' id='par_1_1' title="bbox 393 315 1179 390">
     <span class='ocr_line' id='line_1_1' title="bbox 393 315 1179 390; baseline 0.011 -20"><span class='ocrx_word' id='word_1_1' title='bbox 393 315 478 372; x_wconf 82' lang='lat' dir='ltr'><strong>Liber</strong></span> <span class='ocrx_word' id='word_1_2' title='bbox 495 316 516 371; x_wconf 94' lang='lat' dir='ltr'><strong>l.</strong></span> <span class='ocrx_word' id='word_1_3' title='bbox 557 315 600 373; x_wconf 87' lang='lat' dir='ltr'><strong>Dc</strong></span> <span class='ocrx_word' id='word_1_4' title='bbox 620 317 770 374; x_wconf 71' lang='lat' dir='ltr'>Democriti</span> <span class='ocrx_word' id='word_1_5' title='bbox 788 319 855 375; x_wconf 87' lang='lat' dir='ltr'><strong>rita.</strong></span> <span class='ocrx_word' id='word_1_6' title='bbox 1137 323 1179 390; x_wconf 77' lang='lat'><strong>27</strong></span> 
     </span>
    </p>
   </div>
   <div class='ocr_carea' id='block_1_2' title="bbox 79 484 1180 2190">
    <p class='ocr_par' dir='ltr' id='par_1_2' title="bbox 79 484 1180 2190">
     <span class='ocr_line' id='line_1_2' title="bbox 84 484 1180 570; baseline 0.004 -20"><span class='ocrx_word' id='word_1_7' title='bbox 84 487 146 564; x_wconf 73' lang='lat'><strong>³23,</strong></span> <span class='ocrx_word' id='word_1_8' title='bbox 164 487 222 550; x_wconf 84' lang='lat' dir='ltr'><strong>lroc</strong></span> <span class='ocrx_word' id='word_1_9' title='bbox 252 493 297 551; x_wconf 88' lang='lat' dir='ltr'><strong>est</strong></span> <span class='ocrx_word' id='word_1_10' title='bbox 325 485 375 549; x_wconf 87' lang='lat' dir='ltr'><strong>Ol</strong></span> <span class='ocrx_word' id='word_1_11' title='bbox 397 485 448 562; x_wconf 87' lang='grc'><strong>87,</strong></span> <span class='ocrx_word' id='word_1_12' title='bbox 466 485 496 562; x_wconf 71' lang='lat' dir='ltr'><strong>P,</strong></span> <span class='ocrx_word' id='word_1_13' title='bbox 523 484 616 566; x_wconf 87' lang='lat' dir='ltr'><strong>igitur</strong></span> <span class='ocrx_word' id='word_1_14' title='bbox 636 485 675 547; x_wconf 90' lang='lat' dir='ltr'><strong>ad</strong></span> <span class='ocrx_word' id='word_1_15' title='bbox 697 485 814 550; x_wconf 89' lang='lat' dir='ltr'><strong>initium</strong></span> <span class='ocrx_word' id='word_1_16' title='bbox 834 485 905 550; x_wconf 90' lang='lat' dir='ltr'><strong>belli</strong></span> <span class='ocrx_word' id='word_1_17' title='bbox 926 487 1180 570; x_wconf 73' lang='lat' dir='ltr'><strong>Peloponnesiaci</strong></span> 
     </span>
     <span class='ocr_line' id='line_1_3' title="bbox 83 593 1179 672; baseline 0.005 -16"><span class='ocrx_word' id='word_1_18' title='bbox 83 595 199 672; x_wconf 75' lang='lat' dir='ltr'><strong>rettulit,</strong></span> <span class='ocrx_word' id='word_1_19' title='bbox 233 595 272 658; x_wconf 91' lang='lat' dir='ltr'><strong>ita</strong></span> <span class='ocrx_word' id='word_1_20' title='bbox 296 601 331 659; x_wconf 93' lang='lat' dir='ltr'><strong>ut</strong></span> <span class='ocrx_word' id='word_1_21' title='bbox 356 593 503 656; x_wconf 73' lang='lat' dir='ltr'>Abderita</span> <span class='ocrx_word' id='word_1_22' title='bbox 530 599 636 656; x_wconf 89' lang='lat' dir='ltr'><strong>noster</strong></span> <span class='ocrx_word' id='word_1_23' title='bbox 666 593 737 657; x_wconf 90' lang='lat' dir='ltr'><strong>inde</strong></span> <span class='ocrx_word' id='word_1_24' title='bbox 768 615 786 657; x_wconf 94' lang='lat' dir='ltr'><strong>a</strong></span> <span class='ocrx_word' id='word_1_25' title='bbox 814 595 959 659; x_wconf 88' lang='lat' dir='ltr'><strong>vicesimo</strong></span> <span class='ocrx_word' id='word_1_26' title='bbox 986 617 1070 660; x_wconf 91' lang='lat' dir='ltr'><strong>nono</strong></span> <span class='ocrx_word' id='word_1_27' title='bbox 1100 599 1179 662; x_wconf 85' lang='lat' dir='ltr'><strong>vitae</strong></span> 
     </span>
     <span class='ocr_line' id='line_1_4' title="bbox 83 701 1178 787; baseline 0.005 -23"><span class='ocrx_word' id='word_1_28' title='bbox 83 722 151 765; x_wconf 87' lang='lat' dir='ltr'><strong>anno</strong></span> <span class='ocrx_word' id='word_1_29' title='bbox 177 704 265 766; x_wconf 85' lang='lat' dir='ltr'><strong>tuerit</strong></span> <span class='ocrx_word' id='word_1_30' title='bbox 290 703 424 767; x_wconf 85' lang='lat' dir='ltr'><strong>illustris.</strong></span> <span class='ocrx_word' id='word_1_31' title='bbox 470 701 543 765; x_wconf 94' lang='lat' dir='ltr'><strong>Nou</strong></span> <span class='ocrx_word' id='word_1_32' title='bbox 574 708 629 779; x_wconf 89' lang='lat' dir='ltr'><strong>est,</strong></span> <span class='ocrx_word' id='word_1_33' title='bbox 659 702 743 784; x_wconf 93' lang='lat' dir='ltr'><strong>quod</strong></span> <span class='ocrx_word' id='word_1_34' title='bbox 772 703 800 766; x_wconf 89' lang='lat' dir='ltr'><strong>ei</strong></span> <span class='ocrx_word' id='word_1_35' title='bbox 819 703 909 784; x_wconf 90' lang='lat' dir='ltr'><strong>plane</strong></span> <span class='ocrx_word' id='word_1_36' title='bbox 930 706 1178 787; x_wconf 78' lang='lat' dir='ltr'><strong>contradicamus,</strong></span> 
     </span>
     <span class='ocr_line' id='line_1_5' title="bbox 82 810 1178 894; baseline 0.005 -23"><span class='ocrx_word' id='word_1_37' title='bbox 82 811 129 872; x_wconf 91' lang='lat' dir='ltr'><strong>sed</strong></span> <span class='ocrx_word' id='word_1_38' title='bbox 149 810 187 873; x_wconf 91' lang='lat' dir='ltr'><strong>ob</strong></span> <span class='ocrx_word' id='word_1_39' title='bbox 207 811 238 876; x_wconf 90' lang='lat' dir='ltr'><strong>id</strong></span> <span class='ocrx_word' id='word_1_40' title='bbox 255 812 355 894; x_wconf 89' lang='lat' dir='ltr'><strong>ipsum</strong></span> <span class='ocrx_word' id='word_1_41' title='bbox 376 811 461 893; x_wconf 87' lang='lat' dir='ltr'><strong>qnod</strong></span> <span class='ocrx_word' id='word_1_42' title='bbox 481 810 519 872; x_wconf 91' lang='lat' dir='ltr'><strong>de</strong></span> <span class='ocrx_word' id='word_1_43' title='bbox 543 811 711 874; x_wconf 83' lang='lat' dir='ltr'><strong>Democriti</strong></span> <span class='ocrx_word' id='word_1_44' title='bbox 728 812 1022 892; x_wconf 80' lang='lat' dir='ltr'><strong>peregrinationibus</strong></span> <span class='ocrx_word' id='word_1_45' title='bbox 1048 813 1178 877; x_wconf 70' lang='lat' dir='ltr'><strong>diunius</strong></span> 
     </span>
     <span class='ocr_line' id='line_1_6' title="bbox 81 918 1178 1000; baseline 0.005 -21"><span class='ocrx_word' id='word_1_46' title='bbox 81 919 253 998; x_wconf 78' lang='lat' dir='ltr'><strong>adducimur,</strong></span> <span class='ocrx_word' id='word_1_47' title='bbox 269 927 304 984; x_wconf 93' lang='lat' dir='ltr'><strong>ut</strong></span> <span class='ocrx_word' id='word_1_48' title='bbox 318 921 383 1000; x_wconf 82' lang='lat' dir='ltr'><strong>ejus</strong></span> <span class='ocrx_word' id='word_1_49' title='bbox 405 919 610 983; x_wconf 80' lang='lat' dir='ltr'><strong>celebritatem</strong></span> <span class='ocrx_word' id='word_1_50' title='bbox 624 919 718 1000; x_wconf 94' lang='lat' dir='ltr'><strong>paulo</strong></span> <span class='ocrx_word' id='word_1_51' title='bbox 738 918 887 982; x_wconf 86' lang='lat' dir='ltr'><strong>seriorem</strong></span> <span class='ocrx_word' id='word_1_52' title='bbox 899 921 992 985; x_wconf 88' lang='lat' dir='ltr'><strong>luisse</strong></span> <span class='ocrx_word' id='word_1_53' title='bbox 1012 921 1178 985; x_wconf 85' lang='lat' dir='ltr'><strong>credamus.</strong></span> 
     </span>
     <span class='ocr_line' id='line_1_7' title="bbox 82 1025 1179 1108; baseline 0.002 -18"><span class='ocrx_word' id='word_1_54' title='bbox 82 1028 188 1108; x_wconf 82' lang='lat' dir='ltr'><strong>Quodsi</strong></span> <span class='ocrx_word' id='word_1_55' title='bbox 209 1049 272 1092; x_wconf 89' lang='lat' dir='ltr'><strong>nou</strong></span> <span class='ocrx_word' id='word_1_56' title='bbox 299 1028 437 1092; x_wconf 89' lang='lat' dir='ltr'><strong>amedio</strong></span> <span class='ocrx_word' id='word_1_57' title='bbox 467 1029 530 1090; x_wconf 86' lang='lat' dir='ltr'><strong>iere</strong></span> <span class='ocrx_word' id='word_1_58' title='bbox 551 1025 633 1090; x_wconf 89' lang='lat' dir='ltr'><strong>bello</strong></span> <span class='ocrx_word' id='word_1_59' title='bbox 653 1025 879 1108; x_wconf 88' lang='lat' dir='ltr'><strong>Peloponnesio</strong></span> <span class='ocrx_word' id='word_1_60' title='bbox 901 1029 1096 1092; x_wconf 86' lang='lat' dir='ltr'><strong>Democritus</strong></span> <span class='ocrx_word' id='word_1_61' title='bbox 1118 1026 1179 1092; x_wconf 89' lang='lat' dir='ltr'><strong>ela·</strong></span> 
     </span>
     <span class='ocr_line' id='line_1_8' title="bbox 81 1135 1178 1220; baseline 0.004 -22"><span class='ocrx_word' id='word_1_62' title='bbox 81 1135 139 1212; x_wconf 86' lang='lat' dir='ltr'><strong>ruit,</strong></span> <span class='ocrx_word' id='word_1_63' title='bbox 158 1136 188 1198; x_wconf 92' lang='lat' dir='ltr'><strong>id</strong></span> <span class='ocrx_word' id='word_1_64' title='bbox 209 1138 294 1220; x_wconf 91' lang='lat' dir='ltr'><strong>qnod</strong></span> <span class='ocrx_word' id='word_1_65' title='bbox 316 1137 455 1218; x_wconf 84' lang='lat' dir='ltr'><strong>proxime</strong></span> <span class='ocrx_word' id='word_1_66' title='bbox 481 1135 603 1198; x_wconf 90' lang='lat' dir='ltr'><strong>videtur</strong></span> <span class='ocrx_word' id='word_1_67' title='bbox 621 1135 661 1198; x_wconf 90' lang='lat' dir='ltr'><strong>ad</strong></span> <span class='ocrx_word' id='word_1_68' title='bbox 679 1154 785 1196; x_wconf 90' lang='lat' dir='ltr'><strong>verum</strong></span> <span class='ocrx_word' id='word_1_69' title='bbox 803 1137 957 1215; x_wconf 90' lang='lat' dir='ltr'><strong>accedere,</strong></span> <span class='ocrx_word' id='word_1_70' title='bbox 985 1137 1042 1200; x_wconf 88' lang='lat' dir='ltr'><strong>sed</strong></span> <span class='ocrx_word' id='word_1_71' title='bbox 1062 1137 1178 1202; x_wconf 89' lang='lat' dir='ltr'><strong>Gellius</strong></span> 
     </span>
     <span class='ocr_line' id='line_1_9' title="bbox 80 1243 1178 1323; baseline 0.007 -21"><span class='ocrx_word' id='word_1_72' title='bbox 80 1250 152 1304; x_wconf 87' lang='lat' dir='ltr'><strong>recte</strong></span> <span class='ocrx_word' id='word_1_73' title='bbox 164 1245 225 1322; x_wconf 90' lang='lat' dir='ltr'><strong>jam</strong></span> <span class='ocrx_word' id='word_1_74' title='bbox 245 1245 283 1309; x_wconf 83' lang='grc' dir='ltr'><strong>Α.</strong></span> <span class='ocrx_word' id='word_1_75' title='bbox 298 1247 331 1308; x_wconf 89' lang='lat' dir='ltr'><strong>U.</strong></span> <span class='ocrx_word' id='word_1_76' title='bbox 352 1246 413 1309; x_wconf 71' lang='lat'><strong>323</strong></span> <span class='ocrx_word' id='word_1_77' title='bbox 433 1243 578 1306; x_wconf 82' lang='lat' dir='ltr'><strong>claruisse</strong></span> <span class='ocrx_word' id='word_1_78' title='bbox 601 1262 670 1305; x_wconf 89' lang='lat' dir='ltr'><strong>eum</strong></span> <span class='ocrx_word' id='word_1_79' title='bbox 684 1243 830 1323; x_wconf 87' lang='lat' dir='ltr'><strong>perbibet,</strong></span> <span class='ocrx_word' id='word_1_80' title='bbox 845 1263 908 1306; x_wconf 91' lang='lat' dir='ltr'><strong>nou</strong></span> <span class='ocrx_word' id='word_1_81' title='bbox 930 1245 982 1307; x_wconf 92' lang='lat' dir='ltr'><strong>uui</strong></span> <span class='ocrx_word' id='word_1_82' title='bbox 1006 1245 1076 1308; x_wconf 89' lang='lat' dir='ltr'><strong>hnic</strong></span> <span class='ocrx_word' id='word_1_83' title='bbox 1098 1266 1178 1310; x_wconf 84' lang='lat' dir='ltr'><strong>auno</strong></span> 
     </span>
     <span class='ocr_line' id='line_1_10' title="bbox 79 1349 1180 1430; baseline 0.003 -16"><span class='ocrx_word' id='word_1_84' title='bbox 79 1349 350 1426; x_wconf 76' lang='lat' dir='ltr'><strong>adhaeresceudum</strong></span> <span class='ocrx_word' id='word_1_85' title='bbox 368 1354 423 1416; x_wconf 87' lang='lat' dir='ltr'><strong>scd</strong></span> <span class='ocrx_word' id='word_1_86' title='bbox 442 1352 481 1414; x_wconf 91' lang='lat' dir='ltr'><strong>ab</strong></span> <span class='ocrx_word' id='word_1_87' title='bbox 506 1352 565 1414; x_wconf 92' lang='lat' dir='ltr'><strong>boc</strong></span> <span class='ocrx_word' id='word_1_88' title='bbox 592 1349 662 1412; x_wconf 89' lang='lat' dir='ltr'><strong>inde</strong></span> <span class='ocrx_word' id='word_1_89' title='bbox 681 1357 820 1430; x_wconf 88' lang='lat' dir='ltr'><strong>tempore</strong></span> <span class='ocrx_word' id='word_1_90' title='bbox 838 1371 893 1430; x_wconf 92' lang='lat' dir='ltr'><strong>per</strong></span> <span class='ocrx_word' id='word_1_91' title='bbox 914 1357 1011 1416; x_wconf 91' lang='lat' dir='ltr'><strong>totum</strong></span> <span class='ocrx_word' id='word_1_92' title='bbox 1030 1353 1105 1416; x_wconf 92' lang='lat' dir='ltr'><strong>belli</strong></span> <span class='ocrx_word' id='word_1_93' title='bbox 1123 1356 1180 1418; x_wconf 89' lang='lat' dir='ltr'><strong>Pe-</strong></span> 
     </span>
     <span class='ocr_line' id='line_1_11' title="bbox 79 1455 1179 1541; baseline 0.008 -24"><span class='ocrx_word' id='word_1_94' title='bbox 79 1455 236 1538; x_wconf 89' lang='lat' dir='ltr'><strong>loponuesii</strong></span> <span class='ocrx_word' id='word_1_95' title='bbox 255 1467 385 1524; x_wconf 87' lang='lat' dir='ltr'><strong>tractum</strong></span> <span class='ocrx_word' id='word_1_96' title='bbox 407 1465 437 1524; x_wconf 92' lang='lat' dir='ltr'><strong>et</strong></span> <span class='ocrx_word' id='word_1_97' title='bbox 455 1466 563 1540; x_wconf 89' lang='lat' dir='ltr'><strong>postea</strong></span> <span class='ocrx_word' id='word_1_98' title='bbox 588 1477 709 1541; x_wconf 90' lang='lat' dir='ltr'><strong>quoque</strong></span> <span class='ocrx_word' id='word_1_99' title='bbox 730 1458 870 1522; x_wconf 83' lang='lat' dir='ltr'><strong>floruisse</strong></span> <span class='ocrx_word' id='word_1_100' title='bbox 891 1461 1100 1532; x_wconf 81' lang='lat' dir='ltr'><strong>Democritum</strong></span> <span class='ocrx_word' id='word_1_101' title='bbox 1119 1469 1179 1526; x_wconf 88' lang='lat' dir='ltr'><strong>sta-</strong></span> 
     </span>
     <span class='ocr_line' id='line_1_12' title="bbox 79 1565 1179 1652; baseline 0.005 -25"><span class='ocrx_word' id='word_1_102' title='bbox 79 1567 210 1630; x_wconf 87' lang='lat' dir='ltr'><strong>tuendum</strong></span> <span class='ocrx_word' id='word_1_103' title='bbox 236 1575 292 1634; x_wconf 80' lang='lat' dir='ltr'><strong>est</strong></span> <span class='ocrx_word' id='word_1_104' title='bbox 333 1571 417 1632; x_wconf 90' lang='lat' dir='ltr'><strong>llaec</strong></span> <span class='ocrx_word' id='word_1_105' title='bbox 447 1570 577 1630; x_wconf 89' lang='lat' dir='ltr'><strong>tortasse</strong></span> <span class='ocrx_word' id='word_1_106' title='bbox 603 1565 692 1628; x_wconf 88' lang='lat' dir='ltr'><strong>Plinii</strong></span> <span class='ocrx_word' id='word_1_107' title='bbox 716 1565 772 1629; x_wconf 87' lang='lat' dir='ltr'><strong>init</strong></span> <span class='ocrx_word' id='word_1_108' title='bbox 793 1565 941 1630; x_wconf 87' lang='lat' dir='ltr'><strong>sententia</strong></span> <span class='ocrx_word' id='word_1_109' title='bbox 970 1567 1023 1650; x_wconf 91' lang='lat' dir='ltr'><strong>qui</strong></span> <span class='ocrx_word' id='word_1_110' title='bbox 1043 1568 1082 1632; x_wconf 90' lang='lat' dir='ltr'><strong>ab</strong></span> <span class='ocrx_word' id='word_1_111' title='bbox 1103 1571 1179 1652; x_wconf 90' lang='lat' dir='ltr'><strong>llip-</strong></span> 
     </span>
     <span class='ocr_line' id='line_1_13' title="bbox 79 1671 1178 1755; baseline 0.006 -20"><span class='ocrx_word' id='word_1_112' title='bbox 79 1681 189 1752; x_wconf 89' lang='lat' dir='ltr'><strong>pocrata</strong></span> <span class='ocrx_word' id='word_1_113' title='bbox 210 1676 390 1740; x_wconf 82' lang='lat' dir='ltr'><strong>medicinam</strong></span> <span class='ocrx_word' id='word_1_114' title='bbox 412 1682 442 1740; x_wconf 89' lang='lat' dir='ltr'><strong>et</strong></span> <span class='ocrx_word' id='word_1_115' title='bbox 460 1696 478 1738; x_wconf 94' lang='lat' dir='ltr'><strong>a</strong></span> <span class='ocrx_word' id='word_1_116' title='bbox 499 1673 676 1737; x_wconf 86' lang='lat' dir='ltr'><strong>Democrito</strong></span> <span class='ocrx_word' id='word_1_117' title='bbox 699 1671 900 1755; x_wconf 59' lang='lat' dir='ltr'><strong>magicenii)</strong></span> <span class='ocrx_word' id='word_1_118' title='bbox 924 1673 1088 1752; x_wconf 73' lang='lat' dir='ltr'><strong>illustratas</strong></span> <span class='ocrx_word' id='word_1_119' title='bbox 1110 1697 1178 1742; x_wconf 87' lang='lat' dir='ltr'><strong>esse</strong></span> 
     </span>
     <span class='ocr_line' id='line_1_14' title="bbox 80 1779 1179 1866; baseline 0.01 -26"><span class='ocrx_word' id='word_1_120' title='bbox 80 1779 141 1844; x_wconf 90' lang='lat' dir='ltr'><strong>dicit</strong></span> <span class='ocrx_word' id='word_1_121' title='bbox 161 1783 239 1847; x_wconf 89' lang='lat' dir='ltr'><strong>circa</strong></span> <span class='ocrx_word' id='word_1_122' title='bbox 255 1783 549 1866; x_wconf 88' lang='lat' dir='ltr'><strong>Peloponnesiacum</strong></span> <span class='ocrx_word' id='word_1_123' title='bbox 570 1781 717 1846; x_wconf 86' lang='lat' dir='ltr'><strong>Graeciae</strong></span> <span class='ocrx_word' id='word_1_124' title='bbox 745 1780 867 1859; x_wconf 86' lang='lat' dir='ltr'><strong>bellurn,</strong></span> <span class='ocrx_word' id='word_1_125' title='bbox 891 1782 973 1862; x_wconf 93' lang='lat' dir='ltr'><strong>quod</strong></span> <span class='ocrx_word' id='word_1_126' title='bbox 995 1791 1179 1850; x_wconf 69' lang='lat' dir='ltr'><strong>onocenta-</strong></span> 
     </span>
     <span class='ocr_line' id='line_1_15' title="bbox 79 1887 1179 1974; baseline 0.005 -24"><span class='ocrx_word' id='word_1_127' title='bbox 79 1889 145 1951; x_wconf 86' lang='lat' dir='ltr'><strong>sium</strong></span> <span class='ocrx_word' id='word_1_128' title='bbox 165 1891 246 1955; x_wconf 89' lang='lat' dir='ltr'><strong>urbis</strong></span> <span class='ocrx_word' id='word_1_129' title='bbox 265 1891 406 1956; x_wconf 87' lang='lat' dir='ltr'><strong>conditae</strong></span> <span class='ocrx_word' id='word_1_130' title='bbox 427 1909 508 1954; x_wconf 88' lang='lat' dir='ltr'><strong>anno</strong></span> <span class='ocrx_word' id='word_1_131' title='bbox 527 1897 644 1972; x_wconf 81' lang='lat' dir='ltr'><strong>gestum</strong></span> <span class='ocrx_word' id='word_1_132' title='bbox 663 1888 711 1952; x_wconf 88' lang='lat' dir='ltr'><strong>sit.</strong></span> <span class='ocrx_word' id='word_1_133' title='bbox 746 1888 781 1952; x_wconf 91' lang='lat' dir='ltr'><strong>Si</strong></span> <span class='ocrx_word' id='word_1_134' title='bbox 803 1888 884 1950; x_wconf 89' lang='lat' dir='ltr'><strong>circa</strong></span> <span class='ocrx_word' id='word_1_135' title='bbox 902 1887 976 1950; x_wconf 87' lang='lat' dir='ltr'><strong>belli</strong></span> <span class='ocrx_word' id='word_1_136' title='bbox 995 1891 1083 1974; x_wconf 72' lang='lat' dir='ltr'><strong>injus</strong></span> <span class='ocrx_word' id='word_1_137' title='bbox 1105 1900 1179 1958; x_wconf 89' lang='lat' dir='ltr'><strong>tem-</strong></span> 
     </span>
     <span class='ocr_line' id='line_1_16' title="bbox 79 1996 1178 2082; baseline 0.009 -25"><span class='ocrx_word' id='word_1_138' title='bbox 79 2013 145 2074; x_wconf 87' lang='lat' dir='ltr'><strong>pora</strong></span> <span class='ocrx_word' id='word_1_139' title='bbox 163 2017 211 2062; x_wconf 82' lang='lat' dir='ltr'><strong>eas</strong></span> <span class='ocrx_word' id='word_1_140' title='bbox 232 2007 315 2064; x_wconf 90' lang='lat' dir='ltr'><strong>artes</strong></span> <span class='ocrx_word' id='word_1_141' title='bbox 352 2019 427 2082; x_wconf 84' lang='lat' dir='ltr'><strong>quas</strong></span> <span class='ocrx_word' id='word_1_142' title='bbox 447 2004 603 2080; x_wconf 89' lang='lat' dir='ltr'><strong>nuncupat</strong></span> <span class='ocrx_word' id='word_1_143' title='bbox 624 1996 739 2060; x_wconf 90' lang='lat' dir='ltr'><strong>Plinius</strong></span> <span class='ocrx_word' id='word_1_144' title='bbox 770 1996 956 2060; x_wconf 79' lang='lat' dir='ltr'><strong>ibmtraumt</strong></span> <span class='ocrx_word' id='word_1_145' title='bbox 976 1999 1178 2080; x_wconf 83' lang='lat' dir='ltr'><strong>Hippocraten</strong></span> 
     </span>
     <span class='ocr_line' id='line_1_17' title="bbox 80 2103 1179 2190; baseline 0.01 -27"><span class='ocrx_word' id='word_1_146' title='bbox 80 2109 105 2164; x_wconf 90' lang='lat' dir='ltr'><strong>et</strong></span> <span class='ocrx_word' id='word_1_147' title='bbox 122 2106 320 2185; x_wconf 89' lang='lat' dir='ltr'><strong>Democritus,</strong></span> <span class='ocrx_word' id='word_1_148' title='bbox 340 2108 399 2190; x_wconf 88' lang='lat' dir='ltr'><strong>ipsi</strong></span> <span class='ocrx_word' id='word_1_149' title='bbox 420 2113 483 2170; x_wconf 79' lang='lat' dir='ltr'><strong>mm</strong></span> <span class='ocrx_word' id='word_1_150' title='bbox 504 2105 668 2188; x_wconf 87' lang='lat' dir='ltr'><strong>praecipue</strong></span> <span class='ocrx_word' id='word_1_151' title='bbox 696 2103 837 2168; x_wconf 86' lang='lat' dir='ltr'><strong>floruisse</strong></span> <span class='ocrx_word' id='word_1_152' title='bbox 859 2105 1001 2168; x_wconf 89' lang='lat' dir='ltr'><strong>censendi</strong></span> <span class='ocrx_word' id='word_1_153' title='bbox 1023 2114 1102 2172; x_wconf 89' lang='lat' dir='ltr'><strong>suut.</strong></span> <span class='ocrx_word' id='word_1_154' title='bbox 1143 2111 1179 2174; x_wconf 92' lang='lat' dir='ltr'><strong>ln</strong></span> 
     </span>
    </p>
   </div>
   <div class='ocr_carea' id='block_1_3' title="bbox 81 2211 1304 2295">
    <p class='ocr_par' dir='ltr' id='par_1_3' title="bbox 81 2211 1304 2295">
     <span class='ocr_line' id='line_1_18' title="bbox 81 2211 1304 2295; baseline 0.008 -23"><span class='ocrx_word' id='word_1_155' title='bbox 81 2211 131 2274; x_wconf 90' lang='lat' dir='ltr'><strong>boc</strong></span> <span class='ocrx_word' id='word_1_156' title='bbox 147 2220 241 2278; x_wconf 89' lang='lat' dir='ltr'><strong>tamen</strong></span> <span class='ocrx_word' id='word_1_157' title='bbox 269 2217 383 2278; x_wconf 89' lang='lat' dir='ltr'><strong>lallitur</strong></span> <span class='ocrx_word' id='word_1_158' title='bbox 411 2216 460 2277; x_wconf 88' lang='lat' dir='ltr'><strong>hic</strong></span> <span class='ocrx_word' id='word_1_159' title='bbox 488 2215 629 2295; x_wconf 89' lang='lat' dir='ltr'><strong>scriptor,</strong></span> <span class='ocrx_word' id='word_1_160' title='bbox 659 2213 742 2294; x_wconf 88' lang='lat' dir='ltr'><strong>quod</strong></span> <span class='ocrx_word' id='word_1_161' title='bbox 762 2213 840 2275; x_wconf 87' lang='lat' dir='ltr'><strong>aita</strong></span> <span class='ocrx_word' id='word_1_162' title='bbox 863 2214 1073 2278; x_wconf 89' lang='lat' dir='ltr'><strong>trecentesimo</strong></span> <span class='ocrx_word' id='word_1_163' title='bbox 1092 2216 1178 2281; x_wconf 90' lang='lat' dir='ltr'><strong>urbis</strong></span> <span class='ocrx_word' id='word_1_164' title='bbox 1301 2284 1304 2292; x_wconf 76' lang='grc'><strong>,</strong></span> 
     </span>
    </p>
   </div>
   <div class='ocr_carea' id='block_1_4' title="bbox 81 2319 1180 3810">
    <p class='ocr_par' dir='ltr' id='par_1_4' title="bbox 81 2319 1180 3810">
     <span class='ocr_line' id='line_1_19' title="bbox 81 2319 1177 2404; baseline 0.006 -22"><span class='ocrx_word' id='word_1_165' title='bbox 81 2321 203 2386; x_wconf 85' lang='lat' dir='ltr'><strong>conditae</strong></span> <span class='ocrx_word' id='word_1_166' title='bbox 238 2344 338 2403; x_wconf 88' lang='lat' dir='ltr'><strong>auno,</strong></span> <span class='ocrx_word' id='word_1_167' title='bbox 372 2324 405 2386; x_wconf 93' lang='lat' dir='ltr'><strong>id</strong></span> <span class='ocrx_word' id='word_1_168' title='bbox 433 2329 480 2386; x_wconf 93' lang='lat' dir='ltr'><strong>est</strong></span> <span class='ocrx_word' id='word_1_169' title='bbox 514 2323 562 2385; x_wconf 92' lang='lat' dir='ltr'><strong>Ol.</strong></span> <span class='ocrx_word' id='word_1_170' title='bbox 590 2323 642 2397; x_wconf 82' lang='lat'><strong>81,</strong></span> <span class='ocrx_word' id='word_1_171' title='bbox 665 2321 684 2384; x_wconf 81' lang='lat'>3</span> <span class='ocrx_word' id='word_1_172' title='bbox 710 2319 785 2382; x_wconf 91' lang='lat' dir='ltr'><strong>illud</strong></span> <span class='ocrx_word' id='word_1_173' title='bbox 814 2319 927 2385; x_wconf 88' lang='lat' dir='ltr'><strong>bellum</strong></span> <span class='ocrx_word' id='word_1_174' title='bbox 955 2330 1072 2404; x_wconf 81' lang='lat' dir='ltr'><strong>gestum</strong></span> <span class='ocrx_word' id='word_1_175' title='bbox 1101 2345 1177 2389; x_wconf 88' lang='lat' dir='ltr'><strong>esse.</strong></span> 
     </span>
     <span class='ocr_line' id='line_1_20' title="bbox 82 2428 1179 2512; baseline 0.007 -24"><span class='ocrx_word' id='word_1_176' title='bbox 82 2429 186 2511; x_wconf 75' lang='lat' dir='ltr'><strong>Quippe</strong></span> <span class='ocrx_word' id='word_1_177' title='bbox 208 2437 270 2496; x_wconf 88' lang='lat' dir='ltr'><strong>tum</strong></span> <span class='ocrx_word' id='word_1_178' title='bbox 293 2431 331 2494; x_wconf 95' lang='lat' dir='ltr'><strong>de</strong></span> <span class='ocrx_word' id='word_1_179' title='bbox 356 2429 489 2512; x_wconf 80' lang='lat' dir='ltr'><strong>gerendo</strong></span> <span class='ocrx_word' id='word_1_180' title='bbox 512 2430 572 2492; x_wconf 92' lang='lat' dir='ltr'><strong>hoc</strong></span> <span class='ocrx_word' id='word_1_181' title='bbox 601 2428 683 2491; x_wconf 90' lang='lat' dir='ltr'><strong>bello</strong></span> <span class='ocrx_word' id='word_1_182' title='bbox 706 2428 842 2491; x_wconf 89' lang='lat' dir='ltr'><strong>nondum</strong></span> <span class='ocrx_word' id='word_1_183' title='bbox 863 2429 1060 2510; x_wconf 82' lang='lat' dir='ltr'><strong>cogitabatur.</strong></span> <span class='ocrx_word' id='word_1_184' title='bbox 1102 2432 1179 2496; x_wconf 86' lang='lat' dir='ltr'><strong>Cac-</strong></span> 
     </span>
     <span class='ocr_line' id='line_1_21' title="bbox 81 2535 1179 2620; baseline 0.002 -20"><span class='ocrx_word' id='word_1_185' title='bbox 81 2541 164 2600; x_wconf 85' lang='lat' dir='ltr'><strong>terum</strong></span> <span class='ocrx_word' id='word_1_186' title='bbox 189 2539 351 2620; x_wconf 89' lang='lat' dir='ltr'><strong>probabile</strong></span> <span class='ocrx_word' id='word_1_187' title='bbox 379 2543 426 2602; x_wconf 90' lang='lat' dir='ltr'><strong>est</strong></span> <span class='ocrx_word' id='word_1_188' title='bbox 459 2535 590 2602; x_wconf 89' lang='lat' dir='ltr'><strong>Plinium</strong></span> <span class='ocrx_word' id='word_1_189' title='bbox 619 2537 669 2600; x_wconf 83' lang='lat' dir='ltr'><strong>hio</strong></span> <span class='ocrx_word' id='word_1_190' title='bbox 689 2544 860 2618; x_wconf 88' lang='lat' dir='ltr'><strong>temporum</strong></span> <span class='ocrx_word' id='word_1_191' title='bbox 884 2537 1179 2618; x_wconf 89' lang='lat' dir='ltr'><strong>Peloponnesiorum</strong></span> 
     </span>
     <span class='ocr_line' id='line_1_22' title="bbox 81 2645 1179 2731; baseline 0.004 -27"><span class='ocrx_word' id='word_1_192' title='bbox 81 2646 244 2728; x_wconf 80' lang='lat' dir='ltr'><strong>meminisse,</strong></span> <span class='ocrx_word' id='word_1_193' title='bbox 258 2655 294 2712; x_wconf 88' lang='lat' dir='ltr'><strong>nt</strong></span> <span class='ocrx_word' id='word_1_194' title='bbox 315 2647 401 2731; x_wconf 91' lang='lat' dir='ltr'><strong>quasi</strong></span> <span class='ocrx_word' id='word_1_195' title='bbox 421 2646 452 2710; x_wconf 89' lang='lat' dir='ltr'><strong>in</strong></span> <span class='ocrx_word' id='word_1_196' title='bbox 474 2645 601 2709; x_wconf 89' lang='lat' dir='ltr'><strong>transitu</strong></span> <span class='ocrx_word' id='word_1_197' title='bbox 616 2645 800 2728; x_wconf 86' lang='lat' dir='ltr'><strong>significaret</strong></span> <span class='ocrx_word' id='word_1_198' title='bbox 818 2651 955 2722; x_wconf 86' lang='lat' dir='ltr'><strong>aetatem,</strong></span> <span class='ocrx_word' id='word_1_199' title='bbox 977 2665 1037 2728; x_wconf 91' lang='lat' dir='ltr'><strong>qua</strong></span> <span class='ocrx_word' id='word_1_200' title='bbox 1055 2647 1092 2708; x_wconf 89' lang='lat' dir='ltr'><strong>ab</strong></span> <span class='ocrx_word' id='word_1_201' title='bbox 1105 2647 1179 2728; x_wconf 90' lang='lat' dir='ltr'><strong>liip-</strong></span> 
     </span>
     <span class='ocr_line' id='line_1_23' title="bbox 81 2752 1180 2834; baseline 0.004 -22"><span class='ocrx_word' id='word_1_202' title='bbox 81 2761 189 2830; x_wconf 88' lang='lat' dir='ltr'><strong>pocrate</strong></span> <span class='ocrx_word' id='word_1_203' title='bbox 209 2762 306 2819; x_wconf 83' lang='lat' dir='ltr'><strong>artem</strong></span> <span class='ocrx_word' id='word_1_204' title='bbox 330 2755 500 2832; x_wconf 76' lang='lat' dir='ltr'><strong>adutarem</strong></span> <span class='ocrx_word' id='word_1_205' title='bbox 518 2775 538 2817; x_wconf 91' lang='lat' dir='ltr'><strong>a</strong></span> <span class='ocrx_word' id='word_1_206' title='bbox 557 2752 734 2816; x_wconf 87' lang='lat' dir='ltr'><strong>Democrito</strong></span> <span class='ocrx_word' id='word_1_207' title='bbox 756 2752 924 2815; x_wconf 86' lang='lat' dir='ltr'><strong>doctrinam</strong></span> <span class='ocrx_word' id='word_1_208' title='bbox 944 2754 1090 2834; x_wconf 81' lang='lat' dir='ltr'><strong>magicam</strong></span> <span class='ocrx_word' id='word_1_209' title='bbox 1110 2753 1180 2816; x_wconf 91' lang='lat' dir='ltr'><strong>illu-</strong></span> 
     </span>
     <span class='ocr_line' id='line_1_24' title="bbox 82 2860 1178 2944; baseline 0.003 -22"><span class='ocrx_word' id='word_1_210' title='bbox 82 2865 188 2926; x_wconf 85' lang='lat' dir='ltr'><strong>stratam</strong></span> <span class='ocrx_word' id='word_1_211' title='bbox 214 2883 284 2927; x_wconf 88' lang='lat' dir='ltr'><strong>esse</strong></span> <span class='ocrx_word' id='word_1_212' title='bbox 314 2862 471 2942; x_wconf 89' lang='lat' dir='ltr'><strong>credebat,</strong></span> <span class='ocrx_word' id='word_1_213' title='bbox 501 2867 532 2925; x_wconf 89' lang='lat' dir='ltr'><strong>et</strong></span> <span class='ocrx_word' id='word_1_214' title='bbox 561 2881 654 2944; x_wconf 91' lang='lat' dir='ltr'><strong>quum</strong></span> <span class='ocrx_word' id='word_1_215' title='bbox 683 2861 799 2924; x_wconf 90' lang='lat' dir='ltr'><strong>bellum</strong></span> <span class='ocrx_word' id='word_1_216' title='bbox 825 2860 1080 2941; x_wconf 87' lang='lat' dir='ltr'><strong>Peloponnesium</strong></span> <span class='ocrx_word' id='word_1_217' title='bbox 1106 2861 1178 2925; x_wconf 87' lang='lat' dir='ltr'><strong>satis</strong></span> 
     </span>
     <span class='ocr_line' id='line_1_25' title="bbox 82 2963 1179 3053; baseline 0.005 -26"><span class='ocrx_word' id='word_1_218' title='bbox 82 2963 207 3034; x_wconf 87' lang='lat' dir='ltr'><strong>idoneum</strong></span> <span class='ocrx_word' id='word_1_219' title='bbox 234 2972 391 3035; x_wconf 87' lang='lat' dir='ltr'><strong>videretur</strong></span> <span class='ocrx_word' id='word_1_220' title='bbox 417 2970 563 3053; x_wconf 91' lang='lat' dir='ltr'><strong>temporis</strong></span> <span class='ocrx_word' id='word_1_221' title='bbox 593 2968 732 3050; x_wconf 89' lang='lat' dir='ltr'><strong>spatium,</strong></span> <span class='ocrx_word' id='word_1_222' title='bbox 759 2968 808 3030; x_wconf 89' lang='lat' dir='ltr'><strong>cui</strong></span> <span class='ocrx_word' id='word_1_223' title='bbox 835 2969 906 3050; x_wconf 90' lang='lat' dir='ltr'><strong>quia</strong></span> <span class='ocrx_word' id='word_1_224' title='bbox 922 2967 1111 3033; x_wconf 89' lang='lat' dir='ltr'><strong>notissimum</strong></span> <span class='ocrx_word' id='word_1_225' title='bbox 1132 2975 1179 3032; x_wconf 87' lang='lat' dir='ltr'><strong>est</strong></span> 
     </span>
     <span class='ocr_line' id='line_1_26' title="bbox 83 3072 1179 3159; baseline 0.001 -18"><span class='ocrx_word' id='word_1_226' title='bbox 83 3072 192 3141; x_wconf 75' lang='lat' dir='ltr'><strong>birram</strong></span> <span class='ocrx_word' id='word_1_227' title='bbox 217 3081 329 3146; x_wconf 88' lang='lat' dir='ltr'><strong>artium</strong></span> <span class='ocrx_word' id='word_1_228' title='bbox 347 3079 450 3142; x_wconf 89' lang='lat' dir='ltr'><strong>lumen</strong></span> <span class='ocrx_word' id='word_1_229' title='bbox 470 3079 508 3142; x_wconf 93' lang='lat' dir='ltr'><strong>ab</strong></span> <span class='ocrx_word' id='word_1_230' title='bbox 533 3078 721 3158; x_wconf 89' lang='lat' dir='ltr'><strong>Hippocrate</strong></span> <span class='ocrx_word' id='word_1_231' title='bbox 746 3081 776 3138; x_wconf 88' lang='lat' dir='ltr'><strong>et</strong></span> <span class='ocrx_word' id='word_1_232' title='bbox 807 3077 985 3140; x_wconf 87' lang='lat' dir='ltr'><strong>Democrito</strong></span> <span class='ocrx_word' id='word_1_233' title='bbox 1007 3077 1179 3159; x_wconf 84' lang='lat' dir='ltr'><strong>proiectum</strong></span> 
     </span>
     <span class='ocr_line' id='line_1_27' title="bbox 83 3184 1179 3268; baseline 0 -22"><span class='ocrx_word' id='word_1_234' title='bbox 83 3185 244 3268; x_wconf 77' lang='lat' dir='ltr'><strong>multaret,</strong></span> <span class='ocrx_word' id='word_1_235' title='bbox 281 3187 359 3251; x_wconf 89' lang='lat' dir='ltr'><strong>illud</strong></span> <span class='ocrx_word' id='word_1_236' title='bbox 389 3188 427 3252; x_wconf 93' lang='lat' dir='ltr'><strong>ab</strong></span> <span class='ocrx_word' id='word_1_237' title='bbox 463 3206 502 3250; x_wconf 93' lang='lat' dir='ltr'><strong>eo</strong></span> <span class='ocrx_word' id='word_1_238' title='bbox 528 3189 727 3248; x_wconf 89' lang='lat' dir='ltr'><strong>memoratum</strong></span> <span class='ocrx_word' id='word_1_239' title='bbox 759 3203 827 3246; x_wconf 89' lang='lat' dir='ltr'><strong>esse</strong></span> <span class='ocrx_word' id='word_1_240' title='bbox 857 3184 998 3265; x_wconf 91' lang='lat' dir='ltr'><strong>suspicor</strong></span> <span class='ocrx_word' id='word_1_241' title='bbox 1030 3203 1094 3248; x_wconf 91' lang='lat' dir='ltr'><strong>non</strong></span> <span class='ocrx_word' id='word_1_242' title='bbox 1125 3205 1179 3248; x_wconf 92' lang='lat' dir='ltr'><strong>cu·</strong></span> 
     </span>
     <span class='ocr_line' id='line_1_28' title="bbox 83 3290 1177 3377; baseline 0.004 -27"><span class='ocrx_word' id='word_1_243' title='bbox 83 3299 168 3373; x_wconf 86' lang='lat' dir='ltr'><strong>rante,</strong></span> <span class='ocrx_word' id='word_1_244' title='bbox 193 3315 264 3360; x_wconf 85' lang='lat' dir='ltr'><strong>nuru</strong></span> <span class='ocrx_word' id='word_1_245' title='bbox 301 3295 391 3359; x_wconf 89' lang='lat' dir='ltr'><strong>etiam</strong></span> <span class='ocrx_word' id='word_1_246' title='bbox 415 3294 580 3377; x_wconf 91' lang='lat' dir='ltr'><strong>postmodo</strong></span> <span class='ocrx_word' id='word_1_247' title='bbox 614 3293 717 3355; x_wconf 90' lang='lat' dir='ltr'><strong>lumen</strong></span> <span class='ocrx_word' id='word_1_248' title='bbox 737 3290 784 3354; x_wconf 89' lang='lat' dir='ltr'><strong>his</strong></span> <span class='ocrx_word' id='word_1_249' title='bbox 805 3292 972 3374; x_wconf 88' lang='lat' dir='ltr'><strong>disciplinis</strong></span> <span class='ocrx_word' id='word_1_250' title='bbox 1000 3291 1177 3371; x_wconf 89' lang='lat' dir='ltr'><strong>attulissent,</strong></span> 
     </span>
     <span class='ocr_line' id='line_1_29' title="bbox 83 3399 1178 3486; baseline 0.001 -24"><span class='ocrx_word' id='word_1_251' title='bbox 83 3415 131 3462; x_wconf 88' lang='lat' dir='ltr'><strong>uec</strong></span> <span class='ocrx_word' id='word_1_252' title='bbox 146 3421 191 3466; x_wconf 91' lang='lat' dir='ltr'><strong>ne.</strong></span> <span class='ocrx_word' id='word_1_253' title='bbox 233 3403 355 3468; x_wconf 86' lang='lat' dir='ltr'><strong>Etenim</strong></span> <span class='ocrx_word' id='word_1_254' title='bbox 384 3409 456 3486; x_wconf 90' lang='lat' dir='ltr'><strong>post</strong></span> <span class='ocrx_word' id='word_1_255' title='bbox 483 3402 560 3466; x_wconf 91' lang='lat' dir='ltr'><strong>illud</strong></span> <span class='ocrx_word' id='word_1_256' title='bbox 586 3399 699 3464; x_wconf 90' lang='lat' dir='ltr'><strong>bellum</strong></span> <span class='ocrx_word' id='word_1_257' title='bbox 733 3401 821 3481; x_wconf 73' lang='lat' dir='ltr'><strong>cnjus</strong></span> <span class='ocrx_word' id='word_1_258' title='bbox 846 3400 915 3464; x_wconf 89' lang='lat' dir='ltr'><strong>finis</strong></span> <span class='ocrx_word' id='word_1_259' title='bbox 945 3400 1050 3464; x_wconf 88' lang='lat' dir='ltr'><strong>incidit</strong></span> <span class='ocrx_word' id='word_1_260' title='bbox 1077 3400 1109 3462; x_wconf 91' lang='lat' dir='ltr'><strong>in</strong></span> <span class='ocrx_word' id='word_1_261' title='bbox 1129 3399 1178 3464; x_wconf 92' lang='lat' dir='ltr'><strong>Ol.</strong></span> 
     </span>
     <span class='ocr_line' id='line_1_30' title="bbox 85 3505 1179 3595; baseline -0.004 -21"><span class='ocrx_word' id='word_1_262' title='bbox 85 3505 163 3584; x_wconf 82' lang='lat' dir='ltr'><strong>9l,l</strong></span> <span class='ocrx_word' id='word_1_263' title='bbox 206 3513 416 3576; x_wconf 89' lang='lat' dir='ltr'><strong>Democritum</strong></span> <span class='ocrx_word' id='word_1_264' title='bbox 451 3530 574 3595; x_wconf 90' lang='lat' dir='ltr'><strong>quoque</strong></span> <span class='ocrx_word' id='word_1_265' title='bbox 602 3507 743 3572; x_wconf 85' lang='lat' dir='ltr'><strong>floruisse</strong></span> <span class='ocrx_word' id='word_1_266' title='bbox 777 3508 818 3571; x_wconf 93' lang='lat' dir='ltr'><strong>ob</strong></span> <span class='ocrx_word' id='word_1_267' title='bbox 844 3508 923 3572; x_wconf 88' lang='lat' dir='ltr'><strong>vitae</strong></span> <span class='ocrx_word' id='word_1_268' title='bbox 958 3507 1179 3590; x_wconf 85' lang='lat' dir='ltr'><strong>longitudinem</strong></span> 
     </span>
     <span class='ocr_line' id='line_1_31' title="bbox 85 3617 1178 3704; baseline -0.004 -22"><span class='ocrx_word' id='word_1_269' title='bbox 85 3629 193 3682; x_wconf 71' lang='lat' dir='ltr'><strong>ntcmse</strong></span> <span class='ocrx_word' id='word_1_270' title='bbox 216 3628 278 3698; x_wconf 85' lang='lat' dir='ltr'><strong>est,</strong></span> <span class='ocrx_word' id='word_1_271' title='bbox 306 3619 455 3704; x_wconf 91' lang='lat' dir='ltr'><strong>siquidem</strong></span> <span class='ocrx_word' id='word_1_272' title='bbox 482 3637 502 3679; x_wconf 94' lang='lat' dir='ltr'><strong>a</strong></span> <span class='ocrx_word' id='word_1_273' title='bbox 526 3619 586 3682; x_wconf 85' lang='lat' dir='ltr'><strong>tide</strong></span> <span class='ocrx_word' id='word_1_274' title='bbox 607 3619 752 3681; x_wconf 88' lang='lat' dir='ltr'><strong>abhorret</strong></span> <span class='ocrx_word' id='word_1_275' title='bbox 784 3618 864 3680; x_wconf 90' lang='lat' dir='ltr'><strong>hunc</strong></span> <span class='ocrx_word' id='word_1_276' title='bbox 888 3617 1002 3694; x_wconf 83' lang='lat' dir='ltr'><strong>virum,</strong></span> <span class='ocrx_word' id='word_1_277' title='bbox 1026 3617 1078 3700; x_wconf 92' lang='lat' dir='ltr'><strong>qui</strong></span> <span class='ocrx_word' id='word_1_278' title='bbox 1099 3617 1178 3680; x_wconf 87' lang='lat' dir='ltr'><strong>inter</strong></span> 
     </span>
     <span class='ocr_line' id='line_1_32' title="bbox 86 3724 1178 3810; baseline 0.005 -28"><span class='ocrx_word' id='word_1_279' title='bbox 86 3724 197 3788; x_wconf 85' lang='lat' dir='ltr'><strong>maxima</strong></span> <span class='ocrx_word' id='word_1_280' title='bbox 220 3726 405 3810; x_wconf 84' lang='lat' dir='ltr'><strong>antiquitatis</strong></span> <span class='ocrx_word' id='word_1_281' title='bbox 430 3726 549 3808; x_wconf 86' lang='lat' dir='ltr'><strong>ingenia</strong></span> <span class='ocrx_word' id='word_1_282' title='bbox 579 3725 783 3788; x_wconf 89' lang='lat' dir='ltr'><strong>numerandus</strong></span> <span class='ocrx_word' id='word_1_283' title='bbox 811 3730 864 3804; x_wconf 91' lang='lat' dir='ltr'><strong>est,</strong></span> <span class='ocrx_word' id='word_1_284' title='bbox 892 3731 921 3788; x_wconf 87' lang='lat' dir='ltr'><strong>et</strong></span> <span class='ocrx_word' id='word_1_285' title='bbox 942 3725 1097 3788; x_wconf 88' lang='lat' dir='ltr'><strong>doctrinae</strong></span> <span class='ocrx_word' id='word_1_286' title='bbox 1117 3745 1178 3787; x_wconf 89' lang='lat' dir='ltr'><strong>am-</strong></span> 
     </span>
    </p>
   </div>
   <div class='ocr_carea' id='block_1_5' title="bbox 88 3827 1179 4042">
    <p class='ocr_par' dir='ltr' id='par_1_5' title="bbox 88 3827 1179 4042">
     <span class='ocr_line' id='line_1_33' title="bbox 88 3827 1179 3936; baseline 0.006 -47"><span class='ocrx_word' id='word_1_287' title='bbox 88 3827 217 3904; x_wconf 89' lang='lat' dir='ltr'><strong>plitudine</strong></span> <span class='ocrx_word' id='word_1_288' title='bbox 248 3853 355 3896; x_wconf 87' lang='lat' dir='ltr'><strong>omues</strong></span> <span class='ocrx_word' id='word_1_289' title='bbox 385 3835 547 3936; x_wconf 76' lang='lat' dir='ltr'><strong>superabat</strong></span> <span class='ocrx_word' id='word_1_290' title='bbox 576 3832 733 3914; x_wconf 76' lang='lat' dir='ltr'><strong>aequaleS,</strong></span> <span class='ocrx_word' id='word_1_291' title='bbox 765 3834 957 3914; x_wconf 88' lang='lat' dir='ltr'><strong>superstitem</strong></span> <span class='ocrx_word' id='word_1_292' title='bbox 982 3833 1112 3897; x_wconf 90' lang='lat' dir='ltr'><strong>nominis</strong></span> <span class='ocrx_word' id='word_1_293' title='bbox 1131 3831 1179 3896; x_wconf 92' lang='lat' dir='ltr'><strong>sui</strong></span> 
     </span>
     <span class='ocr_line' id='line_1_34' title="bbox 89 3935 1179 4042; baseline 0.009 -48"><span class='ocrx_word' id='word_1_294' title='bbox 89 3935 236 4004; x_wconf 85' lang='lat' dir='ltr'><strong>celebritati</strong></span> <span class='ocrx_word' id='word_1_295' title='bbox 257 3941 365 4020; x_wconf 87' lang='lat' dir='ltr'><strong>luisse,</strong></span> <span class='ocrx_word' id='word_1_296' title='bbox 396 3943 522 4024; x_wconf 86' lang='lat' dir='ltr'><strong>ejusque</strong></span> <span class='ocrx_word' id='word_1_297' title='bbox 547 3943 674 4024; x_wconf 87' lang='lat' dir='ltr'><strong>gloriam</strong></span> <span class='ocrx_word' id='word_1_298' title='bbox 699 3941 786 4004; x_wconf 86' lang='lat' dir='ltr'><strong>finito</strong></span> <span class='ocrx_word' id='word_1_299' title='bbox 803 3941 886 4042; x_wconf 89' lang='lat' dir='ltr'><strong>bello</strong></span> <span class='ocrx_word' id='word_1_300' title='bbox 906 3941 1005 4004; x_wconf 89' lang='lat' dir='ltr'><strong>statim</strong></span> <span class='ocrx_word' id='word_1_301' title='bbox 1025 3941 1179 4020; x_wconf 75' lang='lat' dir='ltr'><strong>infractam</strong></span> 
     </span>
    </p>
   </div>
   <div class='ocr_carea' id='block_1_6' title="bbox 89 4103 271 4126">
    <p class='ocr_par' dir='ltr' id='par_1_6' title="bbox 89 4103 271 4126">
     <span class='ocr_line' id='line_1_35' title="bbox 89 4103 271 4126; baseline 0.011 -2"><span class='ocrx_word' id='word_1_302' title='bbox 89 4103 271 4126; x_wconf 38' lang='lat' dir='ltr'>Q...-</span> 
     </span>
    </p>
   </div>
   <div class='ocr_carea' id='block_1_7' title="bbox 92 4217 1179 4364">
    <p class='ocr_par' dir='ltr' id='par_1_7' title="bbox 92 4217 1179 4364">
     <span class='ocr_line' id='line_1_36' title="bbox 149 4217 1179 4290; baseline 0.005 -21"><span class='ocrx_word' id='word_1_303' title='bbox 149 4217 185 4280; x_wconf 71' lang='grc' dir='ltr'><strong>Η)</strong></span> <span class='ocrx_word' id='word_1_304' title='bbox 203 4219 270 4271; x_wconf 79' lang='lat' dir='ltr'><strong>lium</strong></span> <span class='ocrx_word' id='word_1_305' title='bbox 295 4225 409 4289; x_wconf 86' lang='lat' dir='ltr'><strong>magiam</strong></span> <span class='ocrx_word' id='word_1_306' title='bbox 432 4225 603 4276; x_wconf 79' lang='lat' dir='ltr'><strong>illustraverit</strong></span> <span class='ocrx_word' id='word_1_307' title='bbox 625 4225 807 4288; x_wconf 87' lang='lat' dir='ltr'><strong>Democritus,</strong></span> <span class='ocrx_word' id='word_1_308' title='bbox 834 4223 907 4290; x_wconf 88' lang='lat' dir='ltr'><strong>quod</strong></span> <span class='ocrx_word' id='word_1_309' title='bbox 929 4223 1026 4276; x_wconf 88' lang='lat' dir='ltr'><strong>Plinius</strong></span> <span class='ocrx_word' id='word_1_310' title='bbox 1056 4223 1179 4285; x_wconf 84' lang='lat' dir='ltr'><strong>affirmat,</strong></span> 
     </span>
     <span class='ocr_line' id='line_1_37' title="bbox 92 4289 295 4364; baseline 0.074 -26"><span class='ocrx_word' id='word_1_311' title='bbox 92 4289 147 4344; x_wconf 86' lang='lat' dir='ltr'><strong>inira</strong></span> <span class='ocrx_word' id='word_1_312' title='bbox 161 4310 295 4364; x_wconf 82' lang='lat' dir='ltr'><strong>exponam.</strong></span> 
     </span>
    </p>
   </div>
   <div class='ocr_carea' id='block_1_8' title="bbox 0 0 1486 4860">
    <p class='ocr_par' dir='ltr' id='par_1_8' title="bbox 0 0 1486 4860">
     <span class='ocr_line' id='line_1_38' title="bbox 0 0 1486 4860; baseline 0 0"><span class='ocrx_word' id='word_1_313' title='bbox 0 0 1486 4860; x_wconf 95' lang='lat' dir='ltr'><strong> </strong></span> 
     </span>
    </p>
   </div>
  </div>
 </body>
</html>
