2892 4872
276 307 335 376 134
605 308 802 372 (lunationum
829 308 1062 364 Βσωοοιὶιιιτικι

423 473 487 548 Τοέτγ
506 475 553 546 μέν
572 472 670 546 lapsu:
688 475 775 550 μορφὴ
797 475 842 528 κιιὶ
863 477 952 548 effipia
969 473 1094 529 τέτυκται.

424 553 455 612 El
472 555 500 611 ὸέ
521 558 565 612 acl
581 553 711 630 Εὐρώπης
731 555 827 617 έθέλιις
847 554 938 616 τὸτον,
962 553 1017 610 clu
1040 574 1067 608 οι
1085 553 1181 616 aesca,

426 635 508 697 Ωὸτὸς
529 637 576 707 μέν
597 635 678 710 Λιρὸγ
702 637 798 710 ῥυσμὸς
819 635 900 698 πέλιι,
918 634 986 688 ἀλλὰ
1007 634 1065 705 μιτ’
1086 635 1195 709 ἄρκτους

421 715 587 791 Ἐστριιτιτσι,
604 721 648 771 καὶ
664 726 735 778 τοῖος
752 719 794 772 ἐπ’
813 717 934 788 ἀντολέην
951 716 1028 770 πάλιν
1049 717 1129 790 έρττει,

426 794 486 859 Olea
505 800 550 853 καὶ
573 799 659 872 νοτίης
678 797 776 870 ιλιρὸης
795 800 836 853 έπλ
855 799 937 872 τέρμα
956 798 1077 869 βέβηκεν.

276 914 334 978 Ubi
355 915 544 980 Euslalhius:
570 915 616 981 ὸτι
644 918 694 980 τὸν
722 915 813 980 αὐτὸν
839 917 917 981 εἶναι
943 913 1057 1002 ῥοσμὸν
1084 937 1159 1000 φησι
1178 916 1216 997 τρ
1235 907 1367 995 Εὸριὸτγ,

278 1020 343 1090 οἷὸς
373 1021 436 1085 έστι
466 1023 518 1085 καὶ
546 1023 563 1086 ὸ
592 1027 646 1107 τῆς
673 1023 795 1108 Λιβύης.
832 1021 968 1109 Ῥοσμὸν
998 1023 1034 1086 ὸὸ
1064 1021 1118 1105 τὴν
1148 1017 1263 1084 ἔκτασιν
1289 1017 1368 1101 λέγει,

276 1129 329 1213 τὴν
351 1129 445 1211 θέσιν,
466 1129 519 1215 τὴν
541 1130 705 1212 διάστασιν,
724 1131 754 1216 ἤ,
776 1135 818 1202 ὡς
840 1131 931 1202 αὐτὸς
953 1130 1029 1208 εἴτε,
1052 1131 1104 1194 τὸν
1126 1121 1227 1192 τὸτον.
1265 1124 1368 1191 Τοὸτὸν

277 1235 334 1321 γὰρ
355 1237 459 1318 εἰπεῖν,
478 1235 632 1340 Εὸργὸπης
652 1239 744 1303 τύπον
767 1241 818 1303 κοιλ
837 1239 950 1326 Λιβύης
972 1235 1098 1324 ῥοσμὸν.
1130 1233 1192 1300 Καὶ
1211 1238 1319 1321 προϊὸν
1339 1235 1368 1298 il

277 1345 329 1430 τὴν
351 1346 493 1432 τοιαύτην
515 1345 594 1418 λέξιν
616 1346 683 1432 έρεῖ
702 1347 733 1412 ἔν
752 1369 787 1411 τε
808 1346 915 1416 ἄλλοις
935 1347 987 1410 καὶ
1009 1345 1040 1409 έν
1064 1349 1110 1432 τιρ

404 1453 517 1540 Σχῆμα
543 1455 578 1518 δέ
599 1477 646 1518 τοι
664 1455 772 1540 Ἀσίης
802 1455 917 1542 ῥυσμὸς
938 1453 1026 1518 πέλει
1044 1453 1260 1539 ἀμφοτερέων.

272 1556 358 1625 Ἔστι
377 1563 412 1626 δὲ
432 1564 483 1626 καὶ
507 1563 573 1628 ixei
592 1564 707 1649 ῥυσμὸς
726 1565 760 1628 τὸ
791 1567 906 1649 σχῆμα,
929 1563 945 1626 ὸ
966 1560 1068 1640 τύπος,
1090 1563 1110 1646 ἡ
1135 1561 1228 1630 θέσις.
1269 1559 1371 1625 Γίνεται

278 1668 346 1733 ὸὲὸ
367 1671 482 1755 ῥυσμὸς
503 1670 538 1735 ἐκ
564 1675 619 1736 τοῦ
648 1671 722 1756 ῥὸω,
743 1676 798 1736 τοῦ
819 1670 935 1736 ἑλκὸω·
969 1668 1000 1740 έξ
1029 1667 1067 1733 οὖ
1095 1671 1147 1734 καὶ
1174 1669 1260 1740 τόξου
1284 1669 1371 1754 ῥοτρρ,

277 1776 453 1864 ὸτοξὸτιγς·
474 1779 525 1844 καὶ
547 1779 638 1866 ῥυτὴρ
660 1781 695 1844 δὲ
717 1781 734 1844 ὸ
757 1779 892 1867 χαλινὸς.
914 1779 969 1842 Διὸ
984 1779 1035 1842 κοιλ
1058 1778 1249 1846 ὸΔιονὸσιος
1271 1777 1371 1843 ἐντοῖς

277 1884 346 1969 ἑξῆς
367 1887 462 1951 εἰπὸν
483 1887 607 1972 ῥυσμὸν,
630 1887 704 1967 εἶτα,
727 1890 792 1954 οἷον
814 1889 1008 1973 ἐτυμολογῶν
1027 1887 1081 1972 τὴν
1102 1887 1191 1966 λέξιν,
1213 1887 1281 1971 ἐρεῖ,
1300 1881 1369 1948 ἑλκὸ-

277 2013 367 2075 μενον
388 1995 466 2058 κατὰ
489 1996 606 2081 βίαιον·
632 2000 675 2065 ὥς
698 1996 807 2060 ταύτὸν
831 1995 865 2060 ὸν
887 1997 991 2074 εἰπεῖν,
1014 1995 1131 2080 ῥυσμὸν
1153 1996 1204 2059 καὶ
1227 1989 1369 2076 ἑλκυσμόν.

277 2101 445 2182 Oaigiuatio
470 2105 635 2168 locutionis
664 2106 701 2169 ab
729 2107 886 2169 Eustathio
919 2105 1078 2186 proposita
1116 2127 1194 2188 quae
1228 2103 1295 2167 mihi
1319 2119 1370 2164 ιιοιι

259 2197 363 2271 ΙνιιΙιλο
390 2211 515 2292 arridet,
542 2219 701 2296 tantopere
727 2213 843 2296 placuit
868 2213 1011 2294 Menagic
1032 2213 1071 2275 ed
1090 2214 1180 2294 Diog.
1202 2215 1256 2292 IX,
1275 2215 1320 2290 47,
1342 2217 1369 2272 ut

277 2334 343 2379 eam
363 2319 489 2400 gallicae
517 2329 548 2385 et
577 2321 695 2385 italicae
721 2321 841 2403 linguae
870 2321 1008 2402 analogia
1039 2321 1120 2384 lueri
1147 2329 1278 2404 cuperet.
1320 2320 1371 2398 „lta

274 2443 332 2488 nos
355 2427 444 2506 Galli,
473 2429 577 2512 inquil,
603 2429 666 2492 oris
692 2429 871 2492 lineamenta
892 2431 935 2492 lca
954 2429 1046 2492 truita
1064 2429 1109 2491 du
1128 2433 1239 2512 cisage,
1260 2429 1370 2514 (tractus

275 2533 391 2615 vultus)
415 2543 445 2599 et
466 2537 562 2618 ipsam
583 2537 713 2617 effigiem
725 2541 869 2619 pertrait
891 2541 1111 2621 (protractum)
1134 2538 1330 2622 appellamus;
1347 2539 1371 2596 el

275 2640 342 2703 Itali
368 2644 530 2709 ritratto.'’
585 2645 741 2728 Quocirca
769 2647 859 2709 etiem
879 2625 1082 2729 Philcponum
1115 2648 1242 2726 damnat,
1275 2644 1321 2729 qui
1340 2641 1370 2704 ad

275 2748 401 2816 Aristo&
434 2756 472 2817 de
504 2753 628 2818 maiml
657 2775 687 2834 p.
710 2753 751 2816 30
772 2762 863 2820 exta:
906 2753 1036 2840 ῥυσμὸς,
1064 2755 1178 2838 inquit,
1206 2754 1283 2825 λέξις
1306 2751 1370 2814 ἐστὶν

272 2854 480 2945 Ἀβδγριτική.
520 2859 669 2946 Σημαένει
692 2862 726 2924 δὲ
746 2863 779 2925 τὸ
802 2865 917 2948 σχῆμα,
936 2863 988 2926 καλ
1010 2861 1153 2946 δηλονότι
1173 2861 1229 2926 οὸκ
1248 2857 1371 2924 ἀνεκτέον

274 2969 335 3028 τῶν
356 2967 556 3053 πειρωμένων
579 2969 673 3056 αὐτὸν
697 2971 911 3054 ἐτυμολογεῖν·
934 2970 1008 3050 οἷον,
1028 2971 1114 3056 παρὰ
1136 2974 1172 3036 τὸ
1195 2967 1371 3058 ῥυΐσκεσθοιι·

276 3073 304 3136 el
328 3075 382 3158 μὲν
403 3077 461 3164 γὸρ
485 3079 520 3142 τὸ
542 3079 701 3164 σφαιρικὸν
727 3077 820 3162 μένον
845 3081 950 3163 σχῆμα
974 3077 1087 3162 ῥυσμὸς
1112 3079 1244 3164 ἐλέγετο,
1264 3071 1371 3138 τιθονολ

275 3180 311 3244 ἂν
339 3181 418 3266 ἦσαν
453 3185 717 3271 έτυμολογοὸντες.
765 3183 828 3250 Νῦν
859 3187 894 3249 δὲ
923 3189 982 3249 πᾶν
1012 3190 1119 3271 σχῆμα
1149 3185 1261 3273 ῥοσμὸν
1283 3201 1370 3268 φασιν.

274 3289 388 3355 Eadem
409 3295 501 3357 dictio
524 3295 635 3376 legitur
661 3297 749 3358 ctiam
770 3297 853 3377 apud
874 3295 1090 3357 Callimachum
1112 3297 1144 3358 in
1167 3297 1259 3378 epigr.
1283 3295 1325 3368 12,
1341 3290 1369 3351 fi:

745 3425 795 3480 οὸκ
813 3425 862 3479 ἀπὸ
881 3424 981 3498 ῥυσμοΰ

511 3501 633 3569 Εὸιέζω·
653 3507 742 3582 ιρωρὸς
759 3507 786 3562 θ’
807 3506 876 3581 έχνιιι
896 3507 954 3580 ιριὸρ
973 3501 1082 3576 έριιιθον.

276 3621 414 3704 Denique
435 3631 507 3686 nota
528 3633 598 3686 eunt
622 3627 715 3688 verba
745 3625 891 3708 quaedam
912 3623 981 3686 inae
1004 3624 1138 3688 derivata
1158 3632 1190 3690 et
1210 3620 1370 3704 composita,

274 3727 359 3792 velut
385 3729 562 3814 ὸμὸρυσμος
591 3733 654 3795 sive
683 3731 905 3816 ὸμοιὸρυσμος;
934 3752 1028 3812 μοιτο
1056 3733 1191 3818 ῥυσμοῦν
1224 3754 1269 3814 ap.
1296 3725 1369 3793 stob.

275 3833 327 3912 lV,
355 3836 404 3899 73.
447 3837 537 3903 Adde
567 3839 807 3924 μεταρῥυσμοῦν,
834 3841 918 3922 quod
942 3841 1158 3905 restituendum
1184 3849 1230 3904 est
1251 3841 1279 3901 in
1295 3833 1370 3899 Stob.

277 3943 344 4005 cod.
366 3945 450 4010 Flcr.
471 3947 564 4010 Gaiei.
585 3949 628 4012 lV
651 3970 680 4030 p.
704 3947 775 4034 406,
801 3955 835 4009 ut
854 3949 1056 4012 demonstravi
1083 3951 1122 4012 ad
1147 3952 1250 4030 fragm.
1279 3939 1370 4008 moral·

278 4051 354 4124 133;
378 4061 535 4133 praeterea
556 4055 806 4140 μεταρῥοθμίξειν
826 4054 937 4136 legitur
957 4077 1004 4136 ep.
1029 4057 1173 4122 Clemeut„
1193 4058 1275 4120 Alex.
1296 4053 1370 4114 Stro-

273 4165 343 4222 mat.
363 4159 405 4224 lv
427 4183 456 4243 p.
479 4165 540 4226 536
567 4171 598 4228 et
618 4165 800 4227 Theodorei
821 4163 863 4228 1v
884 4163 946 4226 init„
987 4164 1151 4250 Utrumque
1178 4165 1278 4228 locum
1296 4152 1369 4221 attuli

274 4267 313 4328 ed
341 4270 445 4349 fragm.
484 4272 588 4334 morel.
617 4272 684 4333 133.
726 4271 865 4354 Denique
893 4293 986 4356 quum
1010 4271 1203 4337 Democritus
1231 4266 1367 4334 statueret.
