2892 4872
309 313 372 379 116
641 311 836 374 Quaestionum
855 309 1088 364 Democriteum

309 482 452 562 magister
473 485 599 543 vocatus
623 484 683 551 est;
704 481 736 539 et
755 474 934 540 Plutarchus
962 483 1067 540 centro
1092 474 1190 540 Golot
1209 495 1237 556 p.
1259 474 1386 538 111111..

310 609 398 653 omne
426 587 551 650 dubium
580 582 667 660 tollit,
689 604 758 647 cum
787 583 828 646 eit
846 583 896 646 τόν
924 581 1073 668 βόρβορον
1098 623 1165 636 --
1188 582 1292 646 ἑαυτοῦ
1314 603 1386 644 κατα·

311 697 489 760 σκεδάννυσι
520 693 569 756 καὶ
607 693 662 752 τοῦ
700 688 913 774 καθηγόμονος
942 689 1175 774 (Δημοκρίτου)
1207 689 1222 752 ό
1253 685 1387 770 Κολώτης.

310 809 422 887 ltaque,
451 822 489 864 ne
520 799 651 882 reliques
674 797 797 859 mendas
826 803 954 875 mntem,
985 798 1135 879 corrigam
1155 839 1220 850 --
1239 795 1388 878 γράμμασι·

311 913 383 976 ὅθεν
405 906 596 990 θαυμαστόν,
625 901 775 986 Κολώτην
804 901 918 966 ἐκεῖνον
942 901 1107 972 Πλάτωνος
1134 903 1241 988 ἐχθρὸν
1267 899 1331 964 ὄντα
1348 897 1390 960 καὶ

310 1021 365 1081 τοῦ
381 1011 601 1096 Ἐπικουρείων
626 1011 746 1073 πάντων
767 1009 819 1072 καὶ
841 1009 954 1072 ἑαυτοῦ
975 1009 1195 1093 καόηηέμονος.
1213 1049 1277 1060 --
1294 1008 1389 1068 mirum

310 1129 415 1204 e'topvee
436 1131 489 1198 ert,
512 1121 635 1186 Coloten
654 1120 746 1182 ilium
766 1127 797 1180 et
821 1119 964 1182 Pmteno
976 1127 1007 1180 et
1027 1120 1204 1194 Democriti,
1229 1117 1314 1178 totius
1331 1113 1390 1193 ope

312 1249 475 1294 coercerem
502 1235 600 1290 rectae
623 1228 737 1306 ροινὶι,
765 1226 878 1288 hortem
901 1225 984 1288 icoc
1010 1229 1192 1289 sententiam
1219 1224 1254 1286 de
1272 1221 1390 1282 redivivis

312 1339 479 1402 convellere
510 1335 655 1406 volumem
686 1339 717 1392 er
748 1334 810 1394 rive
844 1335 1012 1414 ignorasse,
1045 1336 1107 1396 rice
1133 1334 1317 1413 ignorantem
1341 1345 1390 1386 em

312 1446 505 1528 quoerv'vv‘eee,
534 1439 681 1520 qreomodo
710 1447 852 1501 mortem
875 1441 931 1520 qvi
954 1442 997 1502 rit
1016 1442 1192 1502 reviviscere
1205 1439 1310 1520 pressit,¹
1335 1451 1390 1496 om

312 1575 381 1616 corn
402 1549 573 1613 Democriti
590 1548 626 1609 de
642 1547 698 1610 hoc
717 1556 902 1628 argumento
918 1547 993 1610 libri
1003 1547 1111 1630 som'le
1129 1549 1165 1608 ire
1182 1549 1262 1608 viem
1273 1542 1391 1604 reducere

306 1661 487 1741 potuissent.
548 1655 634 1716 'lelio
669 1663 721 1716 eut
750 1675 812 1718 non
846 1655 972 1718 multum
1007 1656 1128 1718 diverse
1160 1655 1274 1716 ridetur
1301 1647 1390 1710 dixisse

313 1767 450 1829 Proelns.
494 1763 574 1826 Nem
601 1781 721 1838 omneS,
747 1762 872 1842 opinor,
903 1763 1046 1842 Epicurei
1084 1768 1178 1826 totum
1205 1762 1242 1823 de
1275 1752 1389 1819 reditiiis

313 1873 468 1936 historiam
490 1871 529 1932 ed
558 1870 653 1932 euiles
680 1869 797 1931 fabriles
825 1870 1003 1948 referebant,
1036 1875 1068 1931 et
1100 1871 1207 1934 Celsus
1236 1868 1334 1928 diserte
1360 1861 1390 1920 itt

313 1977 518 2062 pronuntiavit
544 1977 626 2056 opud
648 1977 811 2056 Origenem
832 1977 883 2040 lib.
904 1979 930 2040 ll
951 1997 981 2057 ρ.
1005 1974 1103 2040 199.”
1144 1979 1224 2039 llaec
1244 1969 1389 2052 Wyttcnbe-

313 2089 398 2150 eitius
423 2087 509 2165 cujus
537 2091 567 2144 et
579 2083 809 2163 explicationem
828 2093 858 2148 et
879 2085 1119 2149 emendationem
1139 2084 1245 2165 probo,
1258 2081 1309 2144 nisi
1326 2072 1389 2160 quel

314 2197 345 2256 in
367 2195 404 2256 iis
425 2209 502 2272 quoe
523 2189 655 2253 correxit
676 2192 839 2254 verborum
862 2192 1096 2256 collocationem
1123 2190 1321 2254 immuteudem
1337 2200 1388 2245 eeu

314 2322 377 2366 seo.
419 2299 570 2380 Quoniam
592 2305 692 2360 nutem
709 2300 854 2361 rrorrnulle
875 2305 938 2361 turn
960 2300 1147 2362 emendando
1167 2307 1228 2362 tum
1251 2287 1388 2376 suppleti⁸

313 2408 442 2491 reliquit,
454 2423 509 2484 ege
530 2404 646 2486 relique
668 2406 712 2468 sie
731 2425 879 2483 sciremus,
901 2415 934 2470 ut
955 2413 1026 2488 post
1045 2403 1152 2468 ἔπειτα
1173 2406 1307 2468 addemus
1324 2397 1352 2460 et
1368 2399 1389 2453 el

314 2523 384 2599 post
409 2513 503 2576 verbe
529 2509 561 2572 ἐν
590 2515 655 2581 τοῖς
682 2512 752 2596 περὶ
778 2517 833 2575 τοῦ
861 2507 937 2597 ᾅδου
963 2514 1123 2598 γράμμασι
1144 2514 1314 2578 scribemus:
1334 2501 1388 2566 ileu

312 2617 501 2705 θαυμαστόν,
516 2615 665 2701 Κολώτην
685 2618 801 2682 ἐκεῖνον
813 2618 978 2688 Πλάτωνος
996 2619 1062 2704 ἅμα
1081 2644 1116 2684 τε
1137 2622 1188 2685 καὶ
1211 2621 1261 2682 τοῦ
1277 2611 1388 2678 'Erimo-

314 2731 404 2817 ρείιον
426 2727 547 2790 πάντων
567 2725 618 2787 καὶ
640 2723 752 2789 ἑαυτοῦ
771 2726 982 2810 καθηγεμόνος
1000 2727 1113 2812 ἐχθρόν
1140 2728 1212 2792 ὄντα
1233 2723 1267 2788 τό
1284 2724 1331 2784 τοῦ
1345 2716 1388 2794 Δη·

314 2837 457 2923 μοκρίτου
480 2831 617 2915 δόγματα
638 2832 675 2896 τὰ
695 2833 836 2917 περὶτῆς
856 2837 956 2919 ψυχῆς
977 2834 1038 2898 εἴτε
1058 2835 1208 2921 ἀγνοῆσαι
1230 2830 1285 2896 εἴτε
1305 2820 1389 2907 simois

313 2966 408 3008 σαντα
437 2943 477 3026 μὴ
506 2943 614 3024 ζητεῖν.
675 2941 800 3004 Rectius
833 2942 912 3004 enim
945 2944 1055 3008 dicitur
1086 2939 1293 3026 καθηγεμόνος
1321 2945 1389 3014 qllffi

312 3049 533 3135 καθηηέμονος,
561 3054 596 3110 ut
623 3048 712 3111 hodie
741 3049 812 3111 setis
841 3057 947 3113 notum
972 3057 1027 3114 est.
1072 3051 1192 3114 Deinde
1218 3051 1320 3110 mutato
1337 3053 1389 3118 per-

312 3157 480 3240 spicuitotis
505 3155 601 3236 gretie
624 3156 849 3236 Wyttenbocluii
875 3158 1038 3221 verborum
1072 3159 1179 3221 ordine
1212 3157 1311 3218 lecum
1334 3147 1388 3227 post

313 3266 425 3350 ἐχθρόν
448 3263 519 3325 ὄντα
540 3263 681 3341 breviter,
699 3273 733 3326 ut
749 3264 886 3340 fecimus,
908 3265 1079 3347 supplendo
1100 3273 1174 3344 eret,
1196 3261 1324 3348 qnoniam
1339 3265 1386 3316 oon

310 3373 404 3434 multe
427 3373 533 3433 deesse
562 3371 748 3432 videbantur.
796 3372 934 3454 Denique
960 3373 991 3434 in
1011 3372 1166 3435 locutione
1189 3370 1246 3434 εἴτε
1266 3363 1386 3448 devolvi*

311 3477 371 3540 εἴτε
394 3477 584 3558 ἀγνοήσαντα
604 3476 645 3558 μὴ
669 3479 767 3558 ζητεῖν
794 3479 867 3540 nihil
895 3479 993 3540 inesse
1019 3480 1101 3562 quod
1120 3500 1139 3542 e
1159 3477 1273 3543 dicendi
1292 3479 1386 3553 genere,

310 3605 371 3666 qno
403 3585 495 3646 ntitm
520 3581 662 3657 Procius,
687 3583 862 3664 abhorreat,
892 3587 991 3650 sciunt
1021 3586 1073 3668 qui
1099 3589 1179 3650 hune
1205 3575 1386 3668 philosophum

308 3692 438 3771 legendo
462 3689 615 3751 triverunt.
654 3689 823 3770 Supersunt
840 3693 897 3756 ulie
918 3695 1034 3757 mendo
1070 3694 1220 3758 Nimirum
1240 3709 1292 3773 pro
1314 3684 1327 3745 i
1346 3673 1385 3738 ei-

308 3819 397 3865 νατος
413 3797 573 3878 legendum
598 3801 645 3858 est
664 3795 801 3876 πάντοτε,
831 3820 890 3879 pro
920 3799 992 3868 ἴσως
1019 3803 1074 3863 τοῦ
1101 3801 1267 3884 τραύματος
1288 3801 1386 3858 exeren-

308 3906 379 3968 dum
403 3902 469 3967 icll'
500 3904 550 3967 ὅτε
578 3925 631 3965 του
659 3901 840 3985 τραύματος.
884 3909 983 3970 Porro
1008 3927 1067 3988 pro
1100 3900 1330 3991 κατεῤῥιζωμένη
1352 3909 1387 3952 re·

307 4011 435 4091 quiritur
462 4008 727 4094 κατερῥῑέωμένοι.
780 4014 919 4097 Denique
942 4012 1026 4098 εἶχον
1046 4022 1120 4096 post
1140 4016 1231 4078 verbo
1256 4013 1273 4092 ἡ
1298 3995 1385 4084 καρδία

304 4116 338 4177 τὸ
362 4115 543 4202 europeam
561 4121 613 4199 τῆς
637 4120 719 4200 ζωῆς
742 4121 915 4184 mutandum
936 4131 981 4186 est
999 4124 1030 4186 in
1051 4119 1144 4206 εἶχεν.
1182 4123 1327 4184 Postremo
1344 4118 1385 4164 νίς

302 4222 354 4286 lim
373 4226 544 4308 tragoedias
572 4226 702 4289 excitem
728 4227 758 4292 in
784 4229 958 4294 nocentibus
986 4231 1115 4295 ellloro
1142 4231 1189 4294 uel
1217 4218 1324 4290 omissis
1347 4203 1384 4268 Vll
