2938 4864
262 301 327 370 m
595 305 792 369 Quaestionum
822 305 1055 362 Donomitaaruat

263 481 418 555 auocpno
456 473 537 556 ι’μιοι
578 473 695 538 cotom
734 477 877 555 ingratos
909 474 1034 554 pariter
1072 493 1110 536 oc
1150 473 1282 536 nudatos
1316 471 1359 552 es-

257 583 342 664 ficit.

350 689 400 754 88.
441 690 598 754 Edidnnus
618 688 678 751 aiei
699 711 757 771 pro
779 688 843 762 oen
865 689 1051 752 servavimus
1067 685 1188 770 μέλλειν
1210 705 1285 769 qnae
1305 684 1361 744 uut-

265 803 334 880 gata
355 798 505 879 scriptura
536 803 582 860 est
610 817 667 878 pro
691 795 803 881 μέλλον
833 798 915 880 quod
942 797 974 858 in
1002 796 1078 860 God.
1106 795 1197 859 Paiat
1216 792 1362 856 sententia-

265 925 333 968 rum
357 907 748 970 Pseudodemocraticarnm
770 905 888 987 iegitur.
940 907 1104 986 Utrumque
1125 903 1245 966 defendi
1263 907 1361 981 potest

265 1015 419 1080 Posterius
448 1015 596 1096 probatur
621 1015 800 1076 Burcttardo
828 1021 858 1076 et
885 1011 1003 1075 otettto
1031 1013 1084 1096 qui
1108 1011 1296 1096 participium
1321 1007 1363 1067 bio

266 1139 325 1202 pro
351 1121 497 1185 infinitivo
520 1122 592 1204 poni
619 1123 780 1197 affirmatus,
810 1122 882 1184 citat
910 1123 1115 1185 fiemsterhus.
1141 1120 1180 1184 ad
1202 1116 1318 1180 Lucium
1339 1135 1362 1194 p.

267 1231 330 1292 998
353 1229 400 1292 ed.
426 1228 492 1310 Bip.
513 1238 543 1292 et
564 1231 716 1294 Sobaefer.
746 1230 786 1292 ad
811 1231 902 1309 Greg.
921 1227 1057 1291 Corinth.
1079 1251 1110 1310 p.
1131 1231 1203 1292 918.
1245 1225 1305 1288 Sed
1321 1243 1364 1283 ne-

266 1356 326 1418 que
349 1357 427 1416 opus
450 1338 507 1401 fuit
526 1339 572 1401 his
597 1338 824 1432 auctoritatibus
845 1357 944 1420 neque
966 1343 1073 1400 nostro
1094 1339 1166 1400 loco
1187 1331 1364 1416 participium

266 1445 404 1508 infinitivi
424 1445 520 1510 vicem
543 1445 629 1526 gerit,
648 1447 705 1508 sed
719 1445 752 1508 τὸ
778 1445 890 1528 μέλλον
914 1447 963 1508 hic
983 1445 1056 1508 nihii
1077 1453 1124 1510 est
1139 1445 1198 1507 nisi
1218 1447 1364 1504 monetans.

352 1555 403 1617 90.
446 1555 507 1616 Pro
544 1551 651 1636 μικρὰς
679 1555 743 1632 jam
778 1553 912 1616 Oreiiins
949 1555 1027 1616 benc
1059 1553 1215 1616 substituit
1241 1545 1364 1631 σμικράὶι

268 1661 352 1744 quod
369 1662 467 1724 sotum
489 1661 610 1724 videtur
631 1661 764 1724 ionicum
785 1681 862 1725 esse.
906 1662 952 1725 Of.
975 1663 1071 1725 Knen.
1090 1655 1364 1741 adGreg.Corintb.

267 1791 297 1852 p.
318 1771 380 1834 500
400 1769 447 1832 ed.
470 1770 623 1830 Schaefer.

350 1881 401 1942 91.
444 1879 526 1940 Idem
547 1878 745 1958 fragmentum
765 1885 925 1940 servarunt
947 1877 1059 1940 Anton.
1082 1883 1113 1940 et
1131 1876 1251 1940 Maxim.
1264 1895 1292 1954 p.
1304 1873 1364 1935 tot.
1437 1909 1438 1916 ι

263 1984 462 2068 Ἀδημοσὺνη
487 2006 580 2068 quum
608 1985 756 2066 significet
778 2007 946 2049 moerorem
976 2007 994 2047 e
1023 1986 1145 2048 fastidio
1178 1991 1287 2058 nutum,
1313 1983 1364 2041 non

267 2093 346 2158 male
374 2095 567 2174 componitur
594 2093 631 2154 ab
655 2093 772 2155 Oreliio
805 2115 874 2156 cum
902 2095 1074 2174 germanica
1098 2093 1255 2156 locutione
1283 2085 1365 2152 bithe-

267 2202 463 2282 haglicfukeft,
486 2221 562 2285 qnae
581 2221 641 2262 uox
661 2202 724 2264 fere
745 2203 855 2283 nbiqne
875 2204 1009 2285 quadrat,
1021 2221 1202 2283 quamquam
1220 2200 1259 2262 ad
1278 2193 1366 2278 graeci

268 2309 410 2374 vocabuli
437 2309 666 2390 originationem
692 2309 786 2387 magis
814 2311 931 2374 accedit
961 2309 1224 2382 Unicimliolukeft,
1244 2325 1302 2389 qno
1320 2321 1365 2362 no

268 2418 347 2480 mine
363 2437 435 2481 usus
454 2424 502 2479 est
521 2419 554 2480 P.
579 2419 777 2478 Buttmannns
802 2418 898 2481 Lexil.
922 2427 993 2480 tom.
1017 2419 1043 2478 11
1064 2438 1093 2497 p.
1117 2407 1365 2488 135-13'7,ve·
1437 2407 1438 2434 ¹

267 2526 385 2589 tissime
402 2527 462 2588 Ιιοο
483 2525 609 2586 verbum
630 2544 648 2587 a
668 2524 765 2607 δῆμος
786 2525 949 2589 deducens.
992 2528 1040 2587 De
1061 2523 1178 2588 somnis
1198 2523 1308 2586 dirimis
1325 2517 1365 2590 oio
1437 2531 1438 2542 ¹

268 2633 294 2696 si
316 2634 427 2714 volupe
453 2639 507 2708 est,
533 2632 701 2694 Btomfucid.
728 2634 829 2696 Gloss
861 2635 969 2696 Aosciu.
990 2635 1095 2713 Agam.
1117 2633 1189 2695 sto.
1232 2629 1364 2693 Bnrcinr-

269 2743 326 2804 dus
346 2741 398 2823 qui
428 2740 488 2803 ioci
514 2740 681 2820 Sophociei
709 2742 819 2805 Eiectr.
841 2745 903 2806 too
925 2741 1068 2818 meminit,
1093 2741 1132 2802 de
1152 2742 1222 2803 sota
1244 2733 1366 2800 meridia

267 2849 351 2912 tione
372 2847 539 2912 Democriti
564 2850 655 2911 verba
683 2849 861 2932 accipienda
888 2869 956 2913 esse
982 2850 1138 2926 existimat,
1160 2849 1244 2933 quod
1265 2863 1319 2926 ego
1337 2845 1365 2900 ut

266 2958 487 3038 incompertum
512 2956 660 3039 relinquo.

351 3067 402 3129 92.
452 3064 650 3145 Vulgavimus
688 3062 897 3148 εὐθυμέεσθαι
934 3085 992 3146 pro
1030 3063 1249 3147 εὐθυμεῖσθαι,
1283 3057 1364 3143 τιμήν·

267 3193 329 3234 σειν
364 3192 422 3253 pro
450 3173 605 3256 πράσσειν.
659 3172 855 3235 Desernimus
895 3173 1044 3254 vulgatam
1072 3172 1232 3236 tectionem
1260 3168 1307 3234 bc'
1333 3163 1363 3227 ἂν

266 3284 370 3364 προσῇ
409 3299 606 3361 nummoque
639 3281 759 3356 adsint,
793 3281 954 3344 substituta
990 3281 1021 3342 in
1049 3283 1114 3360 ejus
1148 3281 1250 3345 locum
1288 3293 1363 3358 prae-

266 3387 349 3450 clara
384 3388 487 3464 codd,
517 3409 594 3471 qnos
634 3388 825 3451 Gaisfomlius
862 3390 1006 3470 inspexit,
1046 3390 1197 3470 scriptura
1229 3383 1296 3450 ἄπ’
1333 3377 1363 3441 ἂν

265 3495 400 3579 πμάσσῃ,
424 3493 481 3557 etsi
509 3502 690 3576 postremam
711 3515 819 3560 vocem
841 3497 873 3559 in
901 3497 1024 3581 πρήσσῃ
1056 3498 1243 3561 mutavimus.
1292 3487 1363 3555 Seri-

265 3601 380 3684 psimus
408 3609 565 3683 praeterea
592 3625 662 3667 cmo
681 3605 859 3668 Burchardo
887 3605 1047 3689 αἱρέεσθαι
1078 3626 1136 3686 pro
1167 3602 1315 3690 αἱρεῖσθαι
1338 3604 1363 3656 et

267 3707 478 3792 θπηγαομένης
520 3730 577 3792 pro
612 3711 834 3797 ὑφηγιομένης.
891 3714 1029 3798 Denique
1063 3711 1268 3799 ἐπιβαλούσας
1301 3723 1361 3768 0⁰¹¹·

265 3818 409 3881 uertimus
443 3817 474 3879 in
507 3816 733 3906 ἐπιβαλλούσης
771 3829 803 3884 et
832 3821 933 3884 δοκεῖν
969 3823 1000 3883 ἰιι
1028 3821 1156 3886 δοκέειν.
1204 3821 1259 3884 ttic
1286 3815 1362 3876 locus

265 3927 388 4005 negotia
416 3926 567 3990 facessivit
594 3929 815 4011 interpretibus.
865 3928 911 3990 Αο
930 3928 1060 4010 primum
1081 3930 1202 4012 quidem
1222 3929 1361 3989 Gesnerns

265 4051 329 4094 non
356 4035 467 4096 omnia
500 4036 645 4100 intellexit
678 4039 722 4101 sic
756 4040 953 4120 fragmentum
993 4039 1207 4120 interpretans:
1255 4032 1362 4110 „nrm-

267 4139 380 4221 quiilus
407 4142 459 4223 qui
489 4163 557 4206 esse
589 4146 689 4226 cupit,
724 4167 793 4209 eum
824 4149 918 4210 muita
947 4147 997 4210 vel
1021 4146 1160 4228 privatim
1187 4144 1235 4208 vol
1252 4135 1360 4223 publici

266 4264 356 4326 agere
385 4267 447 4310 non
479 4257 616 4329 oportet,
650 4273 748 4334 neque
785 4256 941 4335 suscipere
979 4255 1156 4338 quidquam,
1189 4269 1257 4316 suus
1289 4236 1361 4327 qu⁰d
