2938 4864
166 290 169 298 '
271 347 275 354 .
344 311 429 370 Liber
446 310 495 368 ιιι.
536 311 609 372 ιιι.
626 311 661 370 ιι
679 311 757 370 uae.
777 329 822 385 op.
838 313 934 388 regu.
1133 317 1197 384 305

83 482 181 546 Nolui
200 484 254 546 bas
280 483 471 561 conjecturas
499 479 565 542 aliis
593 479 690 563 iisque
717 499 780 542 uon
810 481 910 545 misius
936 482 1059 548 incertis
1077 473 1197 566 augere,

83 591 123 652 ad
144 609 221 673 quas
238 587 453 670 proponendas
479 605 542 650 nou
568 607 676 668 magna
696 607 775 669 opus
794 595 841 652 est
867 591 1037 670 sagacitate,
1061 613 1199 674 praeser-

84 699 138 762 tim
166 719 259 781 quum
286 716 349 760 nou
376 701 490 778 pateat,
518 696 591 779 quid
620 695 680 758 dici
705 696 856 774 debuerit,
883 698 977 760 multe
1003 708 1102 762 antem
1129 703 1197 779 sint,

84 827 163 890 quae
185 805 246 869 dici
264 806 427 886 potuerint.
478 803 597 886 Quodsi
626 804 737 866 scirem
764 806 973 869 Democritum
995 807 1127 870 forensia
1144 827 1199 871 vo-

84 915 192 978 cabule
210 913 261 978 vel
282 914 420 976 forenses
448 931 558 976 vocum
576 911 811 993 significationes
830 931 893 975 non
913 895 1035 994 fugisse,
1056 935 1117 978 ιιοιι
1144 917 1198 980 du-

82 1021 212 1084 bitarem
240 1041 259 1084 e
288 1019 493 1082 Demosthene
530 1020 590 1084 boc
622 1020 821 1100 fragmentum
852 1021 1015 1102 corrigere.
1070 1025 1198 1086 Constat

85 1130 166 1192 enim
196 1134 350 1192 oratorem
378 1127 464 1190 idum
495 1147 588 1209 saepe
623 1127 707 1210 δίκην
735 1148 794 1208 pro
827 1126 992 1210 καταδίκην
1023 1149 1195 1211 usurpasse.

85 1239 156 1300 Vid.
177 1237 278 1301 Reisk.
300 1235 390 1298 indie.
412 1255 440 1298 v.
464 1235 543 1318 δίκη.
593 1235 715 1318 Quippe
736 1234 821 1318 δίκης
843 1235 862 1300 i.
885 1255 911 1298 e.
934 1235 1097 1319 καταδίκης
1118 1236 1196 1306 ἄξιοι

85 1364 148 1408 ιιοιι
167 1345 266 1410 miens
286 1353 369 1407 recte
392 1343 553 1420 diceretur,
582 1362 671 1425 quam
690 1341 777 1426 δοιῇτ
802 1345 851 1406 vel
881 1343 993 1428 στήλης
1020 1345 1069 1408 vel
1090 1348 1197 1430 ποινῆς

86 1451 174 1522 ἄξιοι.
225 1454 289 1516 Sed
319 1472 411 1535 quum
435 1453 493 1512 hac
525 1451 555 1512 in
583 1469 616 1512 re
644 1451 744 1512 omnia
773 1450 888 1514 incerta
915 1451 983 1530 siut,
1017 1453 1049 1514 in
1068 1453 1197 1516 Gesneri

85 1563 269 1640 conjectura,
287 1582 365 1645 quae
387 1559 424 1620 ad
445 1559 611 1622 litterarum
632 1558 741 1622 ductus
760 1559 897 1640 proxime
912 1558 1036 1638 accedit,
1050 1561 1195 1644 acquievi

77 1665 179 1738 ’Aiace
199 1675 376 1749 corruptum
399 1673 506 1748 putant
527 1665 659 1730 Orellius
685 1672 715 1728 et
733 1667 937 1744 Burcberdus,
955 1687 1083 1750 quorum
1111 1668 1196 1748 prior

84 1775 154 1846 ἀξια
177 1775 258 1856 (seii
282 1772 421 1859 ἔρδουσι)
449 1773 638 1837 commodius
660 1773 720 1854 legi
743 1793 834 1854 posse
857 1775 1014 1838 existimat.
1057 1775 1130 1838 Non
1150 1797 1197 1840 re-

83 1903 258 1966 pugnarem,
286 1883 313 1946 si
336 1882 368 1944 iu
396 1879 578 1944 membranis
604 1881 645 1944 ita
665 1881 812 1961 scriptum
833 1887 922 1959 esset,
940 1883 994 1945 sed
1015 1883 1197 1964 scripturam

84 2011 161 2075 quae
185 1991 319 2054 nuncin
348 1993 433 2052 textu
456 1994 511 2065 est,
535 2007 627 2051 sensu
658 2007 720 2052 non
750 2008 817 2052 esse
845 2009 971 2052 vacuam
1001 1999 1135 2074 apparet.
1155 2025 1197 2038 -

83 2095 342 2184 Καταψηοριατέον
371 2095 574 2175 correximus,
600 2098 728 2177 expulso
749 2095 936 2160 barbarismo
960 2103 1195 2182 καταψηριαρα-

84 2207 165 2288 τέον,
192 2227 282 2291 quem
311 2203 502 2268 Geisfordius
532 2211 562 2266 et
587 2202 719 2266 Orellins
741 2203 884 2265 intactum
907 2204 1098 2286 reliquerant,
1119 2209 1197 2270 Bur-

85 2317 223 2393 chardus,
248 2313 305 2378 etsi
326 2313 467 2375 mendum
490 2313 630 2388 sentiens,
653 2311 762 2389 ejicere
784 2329 845 2371 non
867 2330 960 2373 ausus
981 2319 1052 2374 erat.
1096 2309 1195 2376 Kere-

86 2421 254 2510 ψηριατέον
274 2429 381 2485 notum
404 2429 451 2483 est
472 2419 598 2482 inveniri
625 2439 674 2500 ap.
695 2417 840 2498 Xenopb.
859 2417 926 2481 bist.
946 2439 1045 2499 graec.
1067 2421 1101 2496 11,
1123 2423 1151 2498 ί,
1175 2426 1195 2486 6

87 2539 117 2594 et
136 2531 224 2608 aiibi,
254 2527 546 2612 καταψηριαρατέον
573 2533 672 2591 antem
699 2546 717 2587 a
743 2525 920 2589 Democrito
947 2525 1101 2607 proficisci
1133 2547 1195 2591 non

85 2639 229 2721 potuisse,
250 2639 365 2700 formae
383 2634 537 2698 barbaries
565 2635 636 2701 setis
659 2634 757 2696 docet.
800 2634 903 2712 lpsnm
926 2635 1014 2696 etiam
1036 2635 1196 2698 substanti-

84 2767 156 2810 vum
176 2744 410 2828 καταψήρισρα,
434 2743 473 2804 ad
499 2743 582 2826 quod
607 2749 748 2824 tanquam
774 2741 813 2803 ad
835 2741 983 2822 originem
1008 2760 1072 2802 uon
1103 2743 1195 2806 modo

83 2854 211 2917 verbum
233 2852 403 2928 barbarum,
431 2850 486 2912 sed
512 2859 542 2912 et
560 2850 740 2929 adjectivum
760 2847 884 2911 verbale
902 2849 997 2930 magis
1019 2849 1107 2911 etiam
1130 2849 1196 2912 bar·

84 2963 191 3023 berum
210 2957 401 3022 referendrun
428 2963 517 3036 esset,
543 2975 604 3019 non
632 2957 783 3037 reperitur
812 2956 869 3018 nisi
891 2976 940 3037 ap.
961 2957 1030 3019 Joh.
1051 2957 1141 3019 Sicei.
1164 2957 1195 3018 in

84 3066 195 3130 Weizii
215 3067 314 3128 Rbett
335 3065 395 3128 vol.
418 3066 439 3128 b
460 3084 526 3144 pag.
553 3066 621 3143 175,
646 3065 696 3128 30.
719 3099 760 3114 -
794 3065 889 3126 Recte
912 3083 945 3126 se
966 3062 1057 3124 babet
1077 3063 1194 3126 infiniti·
1272 3123 1276 3132 ,

84 3193 141 3238 vus
164 3171 309 3235 decidere
328 3191 427 3254 neque
449 3171 593 3234 mirabilis
614 3179 661 3235 est
679 3173 744 3252 ejus
767 3191 840 3234 usus
859 3171 890 3232 in
912 3171 1061 3252 scriptore
1080 3171 1196 3234 varian-

84 3281 141 3342 dae
175 3280 320 3342 orationis
353 3279 514 3343 admodum
548 3279 696 3344 studioso.
750 3284 853 3360 Quare
889 3277 1041 3359 repudiari
1074 3273 1197 3358 oportet

85 3387 192 3452 Oreiiii
209 3388 447 3450 emendationem
476 3385 657 3450 ἀπολυτέον.
706 3387 740 3448 ln
770 3387 966 3468 sequentibus
994 3385 1078 3469 παρὰ
1099 3371 1242 3470 νέμον,

84 3493 233 3558 edidimus
262 3515 301 3556 ex
330 3503 413 3558 certa
437 3494 570 3558 facobsii
596 3495 804 3556 emendatione
825 3512 884 3572 pro
906 3493 1027 3573 vulgata
1047 3493 1196 3574 scriptura

83 3600 168 3686 παρὰ
196 3603 277 3663 νοῦν.
328 3603 426 3666 Ροιτο
457 3601 644 3664 exaravimus
672 3599 775 3684 κέρδεϊ
809 3621 868 3681 pro
894 3598 997 3684 κέρδει
1026 3606 1057 3662 et
1080 3597 1196 3662 ἀδικέει

84 3728 144 3790 pro
167 3707 275 3770 ἀδικεῖ.
319 3710 457 3792 Denique
481 3707 590 3792 ὁρίζων
608 3707 682 3770 nibil
702 3709 762 3770 boc
782 3708 855 3772 foco
875 3715 929 3784 eet,
948 3707 1005 3770 nisi
1024 3707 1186 3769 decernens

83 3817 224 3896 Namque
244 3815 353 3893 injuria
378 3815 513 3879 Orellius
534 3815 586 3896 τὴν
609 3813 756 3878 ἀπόλυσιν
778 3816 928 3892 subaudit,
946 3815 1030 3898 quod
1051 3833 1090 3876 ex
1113 3819 1182 3876 aute

84 3923 204 3986 cedenti
226 3919 348 4004 ἀπολύῃ
377 3941 469 3985 sensu
489 3923 685 4002 repetendum
709 3922 866 3987 existimat.

169 4030 240 4091 eet.
284 4029 468 4110 Scripsimus
481 4027 677 4092 έπαινέεαδαι
699 4049 756 4110 ριο
777 4027 979 4106 ἐπαινεῖσθαι,
1000 4025 1116 4112 τουτέιρ
1136 4047 1192 4108 pro

83 4134 194 4220 τούτῳ.

172 4246 242 4308 205.
286 4243 431 4306 Dedimus
460 4241 588 4328 οὐδερίη
616 4263 673 4324 ριο
705 4239 844 4326 οὐδεμία,
867 4245 1048 4307 καττυτεῶτι
1066 4261 1124 4324 ριο
1144 4265 1194 4306 κα-

910 4351 951 4412 20
