2938 4864
308 269 373 336 326
639 269 835 332 Quaestione·
855 266 1089 323 Democriteum

312 439 526 519 Fragmentum
546 439 606 500 lroc
629 437 720 500 attica
744 435 875 500 dialecto
897 435 1070 500 conlectum
1088 453 1150 498 uon
1170 435 1325 510 Democriti,
1340 433 1378 494 sed
1398 468 1399 550 η

313 547 446 610 Platonis
469 565 536 609 esse
558 545 759 626 complurium
779 543 869 606 codd.
889 563 1041 607 consensu
1063 541 1247 624 exploratum
1260 541 1379 604 labemus
1399 576 1400 650 η

398 658 427 718 ά.
472 651 656 737 Ιίολυμοίίίη
680 653 777 736 κάρτα
798 651 852 735 μὲν
876 649 1022 736 ιῦρελέει,
1044 653 1140 736 κάρτα
1163 650 1197 712 δὲ
1220 649 1330 736 βλάπτει
1347 647 1401 756 πίνη

315 761 445 849 ἔχοντα·
468 759 603 846 ὠφελέει
627 760 681 844 μὲν
704 760 754 824 τῦν
776 759 873 830 δεξιὸν
894 758 1000 842 ἄνδρα,
1022 757 1149 844 βλάπτει
1172 759 1206 822 δὲ
1225 759 1272 820 τὸν
1292 755 1384 840 baillet

315 872 459 956 ρονεῦτο
478 871 538 932 πᾶν
563 865 637 936 ίπος
659 869 710 932 καί
731 867 762 931 ἐν
788 868 876 930 παντί
899 869 998 952 δήμῳ.
1046 861 1116 950 Χρὴ
1141 868 1176 931 δὲ
1197 869 1296 950 καιροῦ
1317 861 1403 948 μέτρα,

314 975 443 1040 aldiran·
467 975 577 1061 σοφίης
598 976 656 1060 γὰρ
679 973 768 1044 οὗτος
790 975 870 1060 ῦρος.
915 971 954 1038 Ol
973 975 1008 1038 δὲ
1030 973 1090 1046 ἔξω
1113 977 1222 1060 καιροῦ
1243 973 1319 1058 bion
1337 991 1404 1052 μοι,

315 1085 400 1167 σοιὴν
420 1084 620 1167 πεπνυμένος
642 1083 782 1162 dalocum,
805 1080 841 1144 οῦ
871 1082 1102 1168 παραδέχονται
1123 1083 1156 1146 ἐν
1177 1081 1264 1167 άρηίη
1284 1080 1405 1162 puppii

314 1190 411 1256 αἰτίαν
434 1191 469 1254 δὲ
493 1189 601 1277 ἔχουσι
627 1191 754 1276 μορίας.
805 1189 891 1254 Stob.
923 1191 1005 1255 Flor.
1026 1193 1182 1270 XXXIV,
1205 1193 1242 1255 19
1260 1211 1304 1271 ορ.
1320 1185 1406 1248 Orell*

313 1319 342 1364 n.
356 1303 406 1364 60.
450 1301 668 1364 Valckenarius
687 1309 718 1363 et
737 1298 898 1362 lacobsius
921 1299 979 1362 hoc
1002 1301 1137 1381 fragmen
1158 1307 1316 1382 propterea
1332 1291 1389 1377 quod

314 1407 414 1472 ionice
447 1409 592 1490 scriptum
618 1415 664 1472 est
694 1415 745 1471 aut
770 1407 938 1472 Democriti
970 1415 1022 1470 ant
1054 1409 1180 1472 Eusebii
1212 1401 1390 1486 Neoplatonici

314 1535 383 1580 esse
408 1515 559 1580 volebant
613 1517 654 1578 nt
680 1515 851 1580 Anaxarchi
881 1516 1044 1588 Abderitae
1072 1525 1128 1592 est,
1159 1537 1249 1600 quem
1269 1521 1391 1579 auctorem

313 1625 467 1688 nominant
496 1624 633 1688 nonnulli
667 1624 756 1686 codd.
783 1624 908 1688 Stobaei
931 1624 950 1685 l.
976 1645 1002 1687 c.
1052 1625 1159 1687 Eidem
1180 1625 1295 1688 auctori
1311 1617 1392 1684 adseri

312 1732 394 1796 bitur
411 1733 442 1796 in
475 1733 550 1798 God.
578 1731 716 1797 Florent.
745 1733 830 1796 Stob.
863 1753 892 1812 p.
916 1735 976 1796 111
1010 1733 1055 1796 his
1084 1733 1205 1798 verbis:
1229 1731 1394 1815 ‘llpcialecn

314 1839 368 1923 μλν
392 1837 492 1923 ἔλεγε,
516 1839 729 1925 πολυμάθειαν
758 1843 829 1904 νοῦν
855 1841 896 1923 μὴ
921 1839 1069 1922 ἐμποιεῖν,
1085 1837 1278 1927 Ἀνάξαρχος
1302 1837 1341 1916 δέ,
1360 1853 1393 1896 πο

313 1946 443 2031 μα’ίίειαν
465 1949 562 2034 κάρτα
586 1949 640 2032 ptr
663 1948 807 2032 ὠφελεῖν,
827 1947 923 2032 κάρτα
946 1947 981 2010 δὲ
1004 1947 1158 2033 βλάπτειν.

395 2059 424 2118 5.
461 2051 583 2125 Ἔξεστι
605 2055 642 2120 οῦ
667 2055 768 2118 πολλὰ
791 2061 851 2118 τῶν
874 2055 1030 2140 σφετέρων
1054 2056 1277 2125 ἀναλώσοντας
1303 2051 1395 2118 ποιῦεῦ

311 2162 366 2226 σαί
383 2183 416 2226 τε
437 2161 508 2232 τοῦς
535 2165 648 2232 παῖδας
677 2165 728 2228 καί
757 2163 859 2248 τεῖχός
886 2185 919 2225 τε
945 2164 996 2226 καί
1027 2164 1180 2247 σωτηρίην
1207 2157 1397 2250 περιβαλέσθαι

309 2269 392 2333 τοῖσί
427 2293 461 2332 τε
500 2272 639 2356 χρήμασι
671 2271 723 2336 καί
764 2274 842 2334 τοῖσι
883 2273 1007 2353 σώματι
1042 2269 1171 2335 αὐτέων.
1229 2273 1312 2338 Slob.
1339 2269 1396 2332 Flor·

311 2379 548 2457 Lxxx111,26
571 2399 619 2460 ap.
641 2379 734 2442 Orell.
756 2399 784 2442 n.
798 2383 848 2444 91.
894 2386 997 2462 Quum
1019 2383 1048 2442 in
1067 2382 1253 2446 membranis
1274 2376 1397 2445 nonnullis

274 2549 278 2556 ,
310 2487 480 2551 Democriti
499 2505 610 2550 nomen
632 2487 783 2552 hocloco
806 2489 892 2566 desit,
915 2489 945 2550 in
967 2488 1032 2552 aliis
1055 2495 1120 2552 tota
1141 2493 1291 2555 sententia
1310 2486 1397 2550 deside

311 2601 396 2658 retur
412 2616 449 2658 ac
470 2603 628 2677 praeterea
649 2615 757 2660 sensus
776 2597 865 2676 hnjns
885 2595 1043 2677 fragmenti
1064 2597 1115 2660 vix
1149 2600 1306 2662 conciliari
1327 2591 1398 2677 ponii

312 2723 383 2766 curn
402 2705 597 2768 Democriteo
626 2705 666 2767 de
697 2724 863 2786 puerorum
891 2705 1078 2768 institutione
1100 2706 1231 2784 judicio,
1256 2707 1356 2770 merito
1371 2699 1399 2758 ri

311 2811 399 2873 detur
416 2813 611 2875 Burclaardus
631 2813 766 2894 fragmen
788 2813 867 2876 istud
881 2812 1057 2876 Democrito
1078 2811 1277 2891 abjudicasse.
1305 2811 1401 2896 Quippe

310 2917 384 2982 οίλίί
406 2919 503 2984 minus
528 2919 667 3001 placebat
694 2923 871 2984 Democrito
897 2941 986 3004 quam
1014 2919 1098 3004 quod
1127 2921 1178 2983 hic
1208 2923 1330 2986 dicitnr:
1351 2920 1401 2980 licei

307 3043 422 3107 pueros
440 3047 505 3090 non
525 3047 641 3109 niagno
654 3035 760 3090 sumtu
779 3032 826 3092 a'tc
846 3031 1015 3106 instituere,
1034 3037 1072 3090 ut
1087 3033 1212 3110 puriter
1233 3049 1337 3094 corum
1345 3025 1402 3108 sos·

310 3135 398 3194 trmr’a
418 3141 511 3215 atquc
532 3135 709 3218 corporibus
728 3139 819 3218 quusi
836 3157 927 3198 muro
946 3139 1053 3199 addito
1075 3139 1206 3201 salutem
1224 3145 1401 3220 praesemin-

309 3241 379 3320 lpse
403 3241 482 3303 enim
503 3261 567 3305 non
585 3249 646 3306 tam
665 3243 806 3326 corporis
829 3265 916 3327 qnam
937 3246 1027 3308 animi
1046 3245 1127 3308 bona
1146 3253 1287 3327 spectare
1308 3241 1402 3308 solebat

310 3348 364 3430 (ci.
387 3348 491 3429 fragm.
523 3353 592 3428 127,
617 3355 677 3416 128
689 3353 797 3436 seqq.),
821 3351 992 3416 divitiarum
1015 3361 1114 3416 autem
1136 3362 1308 3417 contemtor
1330 3350 1403 3413 suiset

311 3457 526 3522 existimandus
549 3466 603 3537 est,
631 3466 666 3522 ut
692 3459 744 3543 qui
762 3479 826 3523 uno
847 3461 1004 3523 doctrinae
1026 3462 1177 3524 desiderio
1194 3463 1324 3544 flagrans
1341 3475 1403 3522 sum·

310 3566 430 3647 ptuosia
450 3566 608 3632 itineribus
629 3573 727 3632 totum
748 3567 963 3650 patrimonium
982 3570 1161 3653 profuderit.

396 3677 424 3738 6.
469 3669 533 3744 Τάς
554 3675 609 3759 μὲν
638 3673 783 3760 γραμμάς
810 3675 1054 3763 ἀσφαλεστέρας,
1075 3676 1129 3745 τὰς
1148 3677 1183 3740 δὲ
1205 3679 1327 3762 πράξεις
1346 3677 1403 3752 λορ-

310 3781 463 3866 προτέρος
485 3779 568 3867 ἔχειν
592 3781 654 3846 ’δεῦ
704 3784 817 3848 Anton.
847 3793 878 3848 et
898 3787 979 3851 llax.
1001 3807 1030 3866 p.
1053 3787 1093 3849 35
1115 3809 1165 3868 ap.
1186 3788 1280 3851 Orell.
1301 3805 1329 3848 n.
1351 3781 1403 3846 lll-

311 3891 423 3952 Eadem
445 3893 591 3954 sententia
611 3897 708 3956 exstat
726 3892 804 3956 inter
826 3894 999 3975 Demoplrili
1021 3897 1179 3958 Similitnd
1201 3897 1323 3976 Pythag.
1339 3889 1402 3954 nil

312 3995 405 4060 Orell.
427 4016 534 4079 opusc.
562 4001 684 4064 Tonal
712 4021 781 4082 pag.
807 4003 862 4076 10;
898 4004 953 4065 sed
981 4003 1022 4065 ibi
1050 4005 1196 4086 scriptum
1223 4009 1268 4068 est
1291 3997 1401 4088 ppcpdo

312 4109 414 4185 Quum
434 4111 535 4168 autem
559 4108 760 4190 Demophilus
787 4109 919 4174 incertae
939 4113 1045 4176 aetatis
1064 4111 1197 4193 scriptor
1217 4114 1267 4196 qui
1285 4107 1402 4174 similitu·

309 4210 395 4272 dines
416 4231 452 4272 ac
479 4213 643 4276 sententias
663 4219 881 4296 Pythagoricae
902 4219 1037 4300 collegit,
1060 4223 1175 4299 majore
1191 4221 1323 4284 videatur
1342 4227 1401 4278 usus
