2956 4860
396 268 480 324 Liber
498 268 520 326 l.
567 267 610 326 De
627 267 779 324 Democriti
800 271 867 324 vito.
1172 276 1191 340 7

81 457 239 518 exponere,
258 438 362 519 relego
384 437 495 521 quibus
518 437 630 518 volupe
653 442 701 500 est
728 437 767 500 ad
788 435 910 502 illorum
930 440 1117 505 eruditorum
1138 463 1190 506 vo

80 546 191 610 lumina
239 547 392 627 Diogenes
415 543 465 624 17)
495 545 585 626 igitur
616 552 723 609 auctor
754 553 814 625 est,
846 547 939 610 luisse
968 552 1187 632 Anaxagoram,

80 675 165 736 quum
187 657 311 718 Xerxes
339 655 370 716 in
400 654 559 717 Graeciam
588 655 714 732 veniret,
739 655 799 718 hoc
824 661 870 718 est
892 656 941 720 Ol.
965 659 1014 734 75,
1036 661 1062 720 1.
1083 660 1186 740 viginti

79 781 218 826 murorum
247 763 482 826 adolescentem.
536 762 610 826 lude
636 769 733 843 patet,
763 761 867 843 viginti
887 765 972 826 armis
994 772 1065 844 post
1082 777 1185 829 nutum

79 890 139 933 esse
164 873 390 949 Democritum,
418 889 492 951 ergo
520 870 692 949 01.80,1.
751 871 884 933 Primum
920 873 980 934 hoc
1010 872 1184 954 philosophi

79 979 166 1041 nostri
190 980 395 1042 testimoninm
417 977 507 1041 simul
528 980 723 1042 confirmatur
743 979 843 1048 verbis
864 977 1037 1043 Aristotelis
1057 983 1182 1045 Moteor.

59 1067 107 1160 ll,
125 1107 188 1167 cap.
209 1092 228 1150 7
249 1085 300 1168 ¹³)
336 1107 375 1150 ex
401 1087 511 1170 quibus
538 1094 663 1164 emanat,
693 1085 901 1148 Democrlhnn
930 1095 1002 1167 post
1025 1087 1183 1170 Anaxago-

79 1213 135 1254 ram
156 1196 267 1258 vixisse
296 1203 347 1258 ant
378 1201 461 1258 certe
490 1199 561 1276 post
587 1215 657 1257 eum
688 1193 933 1274 philosophatum
954 1215 1029 1259 esse.
1068 1199 1183 1260 Verum

77 1303 198 1384 quidde
218 1304 317 1366 altero
338 1303 507 1368 Democriti
527 1303 699 1366 testimonio
722 1303 887 1367 faciamus?
914 1304 993 1366 Nam
1012 1305 1077 1366 fieri
1096 1305 1181 1367 nullo

77 1417 159 1488 pacto
179 1417 291 1492 potest,
322 1414 348 1475 si
376 1414 407 1476 iu
434 1413 570 1475 notiores
598 1417 735 1474 veterum
763 1410 800 1474 de
824 1430 904 1474 mmo
925 1413 1023 1475 eversi
1043 1413 1090 1474 llii
1113 1433 1180 1475 scn-

77 1518 173 1582 tentias
192 1520 385 1600 discedimus,
411 1528 445 1582 ut
466 1520 666 1601 philosophus
690 1517 893 1583 Abderitauus
916 1519 1069 1598 01:80,1.
1091 1527 1179 1584 natus

73 1625 128 1701 jem
147 1645 225 1690 mmo
247 1635 322 1708 post
339 1631 462 1708 Trojam
482 1629 612 1691 deletam
631 1625 682 1709 ¹⁹)
712 1631 774 1692 730
792 1649 920 1710 parvum
946 1628 1032 1692 illurn
1054 1629 1179 1692 Diaeus·

77 1751 148 1796 unm
167 1736 393 1817 conscripserit
434 1737 469 1800 Si
488 1737 568 1800 eninr
585 1737 733 1800 rationem
755 1757 793 1800 ex
814 1735 1085 1817 Eratosthenis20)
1112 1737 1178 1816 opi-

76 1839 156 1902 nione
174 1863 326 1922 ponamus
354 1852 385 1909 et
407 1865 517 1908 annum
537 1847 680 1926 Epochae
703 1847 851 1924 Trojanae
874 1847 935 1908 730
965 1845 995 1906 in
1021 1845 1069 1906 Ol.
1086 1846 1175 1922 81,3

78 1947 196 2013 incidere
230 1959 416 2032 statuamus,
449 1975 510 2035 qno
544 1960 681 2034 tempore
718 1955 911 2018 Democritus
945 1973 999 2016 sex
1028 1972 1176 2015 armornm

78 2060 208 2134 puerulus
225 2061 326 2138 fuerit,
354 2062 424 2144 quis
452 2062 564 2140 credat,
583 2063 631 2126 vel
651 2083 800 2126 snrnmnm
824 2062 1039 2144 philosophum
1059 2081 1096 2123 ea
1111 2062 1175 2140 jam

78 2173 160 2229 aetate
184 2169 222 2230 de
249 2170 390 2231 ordinata
418 2171 520 2232 mundi
549 2172 770 2250 compositione
802 2170 935 2233 scribere
961 2173 1107 2250 potuisse,
1136 2189 1174 2232 ne

79 2273 140 2350 qnid
158 2275 187 2336 in
215 2276 393 2340 universnm
428 2278 466 2340 de
495 2277 622 2342 Graecis
651 2279 749 2342 dicam
778 2299 907 2360 quornm
937 2279 1051 2359 scripta
1071 2276 1174 2339 viriles

79 2387 120 2440 ant
142 2383 247 2446 seniles
273 2383 393 2448 labores
415 2407 482 2449 csse
506 2387 652 2449 solebant.
696 2385 825 2450 Accedit
842 2388 939 2465 etiarn,
961 2387 1044 2469 quod
1062 2386 1175 2447 Demo-

79 2487 171 2551 critum
191 2512 252 2556 non
279 2499 347 2554 ante
367 2493 475 2556 itinera
495 2514 550 2556 sna
582 2495 620 2556 de
642 2494 750 2577 quibus
772 2496 831 2558 alio
853 2496 926 2558 loco
948 2493 1174 2575 disputabimus,

79 2597 124 2656 sed
148 2606 196 2662 aut
220 2601 332 2681 partim
353 2602 593 2682 peregrinantem
614 2607 667 2664 aut
689 2603 720 2664 in
742 2605 867 2684 patriam
887 2622 1041 2665 reversum
1062 2601 1174 2680 scripta

79 2708 271 2786 composuisse
305 2709 461 2789 probabile
496 2716 550 2774 est
599 2711 704 2793 ltaque
736 2731 825 2793 aegre
855 2715 935 2774 hunc
959 2710 1061 2773 locum
1084 2708 1173 2770 relin-

79 2830 157 2890 quere
182 2835 381 2896 cogeremur,
409 2819 436 2882 si
462 2818 521 2880 hoc
547 2819 631 2901 quod
657 2819 756 2898 prima
781 2822 880 2882 fronte
907 2818 1027 2881 difficile
1051 2822 1174 2898 putatur

80 2937 137 2981 vere
152 2922 179 2983 in
195 2925 422 2988 difficultatibus
437 2928 525 3006 hnjns
547 2928 714 3008 argumenti
735 2928 952 2990 numerandum
971 2933 1058 2991 esset
1091 2933 1173 3008 Quo-

80 3029 156 3091 modo
176 3031 266 3113 igitur
287 3034 474 3115 expedienda
493 3054 543 3096 res
562 3035 611 3111 sit,
629 3034 707 3098 infra
729 3036 950 3100 demonstrabo.

80 3169 263 3191 ’.ξ-ιι-

139 3243 174 3306 ¹⁷)
192 3246 325 3308 Diogenes
345 3247 375 3307 ll,
392 3245 409 3294 7
436 3241 536 3313 λέγεται
554 3243 582 3296 δὲ
602 3245 670 3297 acad
689 3246 735 3318 τὴν
756 3251 804 3301 τοῦ
823 3245 919 3320 Ξέρξου
939 3246 1056 3317 διάβασιν
1076 3245 1171 3299 εἴκοσιν

82 3315 134 3370 ἑτῶν
149 3322 219 3388 εἶναι,
239 3325 397 3396 βεβιωκέναι
417 3323 445 3376 δὲ
462 3324 645 3397 ἑβδομήκοντα
662 3325 719 3380 aba,

141 3415 174 3480 ¹⁸)
190 3419 346 3470 nrismreles
366 3420 380 3469 l.
401 3419 415 3468 l.
441 3413 618 3488 Ἀναξαγόρας
637 3433 666 3469 τι
683 3418 730 3490 γὰρ
751 3417 765 3471 ὁ
786 3415 964 3488 Κλαζομένιος
984 3419 1029 3469 ael
1048 3415 1171 3488 πρότερος

81 3487 228 3622 ζιῗνοξιμὶνης
255 3496 270 3550 ὁ
291 3495 420 3570 Μιλήσιος
440 3497 616 3570 ἀπεφήναντο,
642 3499 687 3551 nal
714 3498 815 3552 rubram
843 3499 949 3572 ὕστερος
975 3497 1171 3570 Δημόκριτοςὸ

89 3573 224 3648 ,βοηρίτηω

142 3670 175 3734 ¹⁹)
194 3674 231 3724 De
253 3673 330 3724 annis
354 3671 477 3736 Epochne
499 3672 630 3734 Trojanae
658 3674 719 3723 olim
748 3677 862 3738 egernnt
887 3673 995 3726 tensius
1019 3675 1054 3725 de
1080 3675 1170 3736 script.

85 3744 131 3796 hiet.
148 3751 202 3813 phil.
224 3754 267 3804 lib.
286 3755 304 3804 l.
323 3768 382 3817 cap.
402 3749 426 3803 l.
446 3767 471 3817 p.
489 3749 529 3804 26.
551 3754 592 3804 od.
611 3754 699 3815 Doro,
724 3754 832 3818 loseph.
857 3755 973 3820 Scaliger
991 3757 1017 3805 io
1036 3767 1119 3818 opere
1138 3753 1172 3804 dc

85 3831 250 3886 emendatione
276 3838 430 3899 temporum
456 3849 515 3899 pag.
536 3831 593 3885 376.
616 3835 657 3884 ed.
675 3836 765 3886 Coton.
782 3835 913 3900 hllobrog.
936 3831 1008 3886 locu.
1029 3837 1110 3898 atquc
1129 3833 1171 3883 olii

86 3907 141 3970 alini,
163 3914 209 3964 sed
230 3917 349 3965 oxnnium
370 3917 471 3977 optime
498 3919 591 3966 nostra
613 3917 742 3966 memor-in
760 3916 908 3966 Boeehhins
927 3915 955 3965 V.
973 3917 1019 3964 cl..
1038 3916 1064 3964 in
1084 3910 1172 3962 Com-

87 3995 488 4047 uenur.ednarmor1‘arium
508 3997 586 4060 Corp.
605 3999 687 4046 lnscr.
708 3999 751 4048 Gr.
778 3998 832 4047 Vol.
854 3999 883 4046 ll.
902 3998 974 4047 Fuso.
996 3997 1013 4045 l.
1032 4010 1057 4058 p.
1076 3991 1135 4045 327.

143 4083 178 4146 ²⁰)
194 4089 232 4139 hd
254 4088 457 4140 Eratosthenem
484 4089 553 4140 inter
579 4091 743 4139 recentiores
766 4090 816 4139 hac
844 4089 870 4137 in
894 4103 923 4138 re
950 4100 980 4138 se
1005 4086 1173 4149 applicarunt

88 4158 372 4222 (spinosissimam.
398 4171 426 4220 Τ.
445 4171 486 4220 lll.
514 4183 539 4232 p.
561 4165 617 4220 mc.
644 4173 671 4220 et
691 4171 827 4220 Harlesins
849 4171 884 4220 ad
901 4167 1002 4220 lubrie.
1020 4166 1172 4218 bibliothec.

90 4237 168 4297 Graec.
185 4247 226 4300 lib.
243 4252 271 4302 ll.
290 4265 312 4303 c.
328 4249 415 4303 lllllll.
434 4263 494 4316 pag.
513 4246 572 4313 629,
592 4251 636 4315 qni
657 4253 747 4302 tamen
767 4264 851 4302 annos
869 4250 938 4300 rrrnle
955 4251 1141 4314 supputnrnnt.
