2892 4872
218 291 281 360 Μ
546 289 742 353 Queatlooen
762 287 996 343 Deuocritearen

218 457 335 529 coicis
358 454 500 540 δεμνίοις.
537 453 636 518 καίτοι
655 455 748 518 cantv
771 454 826 537 μὲν
847 451 1048 535 ἀναισθησίας
1069 456 1188 539 σώματι
1207 455 1328 540 ροίρμα-

217 590 271 634 κον
302 563 430 628 ιίπονία·
462 559 552 625 οὐδὲν
578 561 614 624 δὲ
645 562 770 647 βελτίων
801 563 902 646 ψυχῆς
928 558 1040 644 ἰατρός,
1073 563 1090 626 δ
1116 563 1251 647 ῥᾳθυμία
1277 564 1330 626 καί

218 672 354 760 μαλακίᾳ
369 671 421 734 καί
441 668 593 755 προδοσίᾳ
615 668 713 752 φίλων
732 671 784 734 καί
806 669 927 732 οἰκείων
950 669 1001 731 καί
1023 668 1175 752 πατρίδος,
1200 669 1329 753 ἐξαίρων

216 783 252 846 τδ
273 778 454 864 ταραχῶδες
479 774 573 858 αὐτῆς
596 775 647 837 καὶ
674 777 835 861 λυπηρόν.)
876 774 981 840 ἔπειτα
1000 777 1052 839 καὶ
1075 775 1188 860 ψεῦδός
1210 777 1273 838 ἐστι
1293 777 1329 839 τδ

218 889 363 972 εὐθυμεῖν
391 883 464 952 τούς
495 881 536 965 μὴ
564 883 666 946 πολλὰ
694 884 895 967 πράσσοντας.
938 880 1003 945 ἔδει
1031 880 1089 966 γὰρ
1120 881 1331 967 εὐθυμοτέρας

218 995 297 1060 εἶναι
316 995 460 1076 γυναῖκας
476 988 607 1072 ἀνδρῶν,
620 988 758 1075 οὐιουρίρ
774 989 812 1054 τὰ
832 988 935 1054 πολλὰ
950 989 1109 1058 συνούσας.
1133 993 1232 1054 Ροιτο
1250 993 1329 1053 banc

216 1103 286 1188 περὶ
314 1099 463 1183 εὐθυμίης
490 1096 686 1177 scriptionem
714 1098 885 1180 respexisse
912 1097 1117 1178 perhibendus
1144 1106 1189 1161 est
1218 1099 1333 1161 Cicero

216 1211 269 1276 lib.
291 1211 321 1274 V
347 1209 385 1271 de
406 1209 456 1270 lin.
484 1207 555 1268 bon.
586 1210 617 1266 et
643 1204 711 1268 mal.
732 1225 799 1288 cap.
818 1207 869 1284 29,
891 1208 948 1270 87:
977 1207 1196 1284 „Democritus
1224 1206 1331 1286 inquit,

217 1325 253 1383 ut
273 1337 364 1400 quarn
384 1314 504 1376 minime
526 1313 644 1376 enimus
664 1332 682 1374 a
706 1313 940 1394 cogitationibus
959 1313 1168 1390 abduceretur,
1187 1313 1332 1393 patrituo

217 1426 302 1490 num
331 1423 472 1504 neglexit,
506 1439 598 1502 agros
628 1421 761 1484 οπο-ιιι
789 1401 929 1498 nouos,
959 1419 1034 1502 qun
1061 1439 1210 1503 quaerens
1239 1419 1332 1495 utun,

217 1533 275 1596 nisi
297 1533 414 1594 beatam
434 1529 547 1593 vitam?
587 1532 686 1611 Quam
707 1527 734 1591 si
754 1528 844 1590 etiam
865 1528 896 1590 in
918 1549 1021 1592 rerum
1042 1528 1216 1610 cognitione
1238 1546 1333 1606 pone-

217 1641 277 1718 bat,
299 1645 397 1702 tamen
422 1656 460 1700 ox
484 1633 538 1698 illa
568 1633 796 1717 investigatione
822 1641 947 1700 naturae
976 1637 1123 1720 consequi
1140 1635 1272 1711 volebat,
1295 1641 1335 1696 nt

218 1753 298 1810 esset
326 1746 408 1808 bono
436 1744 547 1806 animo.
594 1743 712 1806 Etenim
739 1740 791 1804 ille
816 1761 966 1808 summum
987 1745 1102 1808 bonum
1133 1739 1281 1823 εὐθυμίαν
1301 1751 1336 1802 et

217 1873 310 1934 saepe
340 1849 497 1936 dilatatione
510 1849 542 1930 ⁶)
565 1849 707 1931 appellet,
740 1850 772 1912 id
800 1856 856 1928 est,
889 1852 1021 1916 animum
1052 1861 1169 1916 terrore
1193 1849 1334 1911 liberum.

218 1959 282 2024 Sed
305 1958 395 2038 baec,
423 1959 480 2022 etsi
507 1957 673 2039 praeclare,
703 1958 838 2020 nondum
867 1965 967 2022 tamen
986 1968 1016 2023 et
1037 1958 1203 2041 perpolita:
1234 1977 1336 2038 pauca

217 2067 308 2141 enim,
328 2083 427 2148 neque
448 2085 485 2128 ea
505 2065 572 2145 ipss
592 2065 747 2128 enucleate
760 2065 798 2127 ab
811 2065 880 2143 hoo,
893 2066 931 2128 de
951 2067 1061 2132 virtute
1068 2065 1206 2149 quidem,
1226 2065 1335 2127 dicta.”

304 2177 338 2252 8)
363 2169 610 2254 Ὑπομνημάτων
640 2169 757 2253 ἠθικῶν
777 2170 815 2255 η’.
856 2174 1147 2236 commentariorum
1173 2172 1336 2234 moralium

216 2279 288 2344 libri
309 2283 390 2342 octo.
431 2280 466 2341 ln
487 2279 546 2341 boc
568 2284 599 2341 et
620 2265 831 2358 superioribus
858 2281 977 2344 duobus
999 2281 1094 2345 titulis
1115 2267 1337 2360 distinguendis

216 2385 400 2466 altlenagio
430 2391 462 2448 et
487 2383 630 2448 Fabricio
664 2384 737 2447 mibi
763 2386 999 2451 dissentiendum
1029 2393 1084 2450 est.
1129 2384 1177 2449 Ac
1202 2387 1336 2468 primurn

217 2495 339 2577 quidem
358 2493 390 2554 in
411 2490 568 2555 codicibus
588 2511 659 2556 mss.
688 2494 828 2557 omnibns
857 2494 985 2576 legitur:
1020 2491 1212 2576 Ἀμαλθείας
1230 2492 1335 2575 κέρας.

217 2598 295 2683 Περί
322 2597 479 2682 εὐθυμίης.
523 2595 770 2683 Ὑπομνημάτων
796 2601 816 2685 ἢ
845 2599 949 2664 οἴκων.
1000 2601 1020 2684 ἡ
1050 2599 1108 2685 γὰρ
1132 2598 1248 2662 εὐεστὼ
1272 2597 1338 2684 οὐχ

219 2706 398 2792 εὑρίσκεται.
447 2709 604 2788 Menagius
628 2715 749 2787 separat
769 2704 962 2790 Ἀμαλθείας
980 2707 1072 2793 κέρας
1090 2727 1109 2769 a
1128 2707 1337 2789 sequentibus,

219 2814 376 2895 conjungit
395 2821 495 2876 autent
517 2834 596 2897 quae
613 2814 815 2895 suinciuntur
836 2813 912 2899 Περὶ
935 2814 1084 2899 εὐθυμίης
1097 2813 1337 2896 θπομνημάτων

217 2919 363 3005 ἢοίκων.
408 2923 566 2984 Postrema
591 2923 684 2986 verba
711 2922 843 3004 primum
871 2924 915 2986 sic
939 2926 1130 3004 exposuerat,
1152 2927 1187 2982 ut
1209 2919 1337 2997 diceret,

217 3029 385 3093 Democriti
409 3046 488 3111 opus
516 3029 701 3109 appellatum
733 3031 827 3093 luisse
849 3033 995 3106 Domum,
1017 3029 1088 3111 quia
1110 3028 1141 3088 in
1157 3026 1214 3089 illo
1235 3027 1338 3107 pbilo-

219 3137 333 3216 sophus
351 3137 531 3216 scripsisset,
557 3157 626 3199 eum
647 3138 698 3218 qui
727 3138 886 3220 tranquille
908 3137 998 3200 vellet
1018 3137 1129 3212 vivere,
1150 3155 1250 3218 neque
1272 3137 1337 3215 pri-

218 3243 310 3305 vatim
331 3261 431 3324 neque
442 3245 564 3324 publice
587 3245 680 3307 multa
704 3246 815 3308 debere
832 3266 932 3326 agere,
953 3245 1010 3307 sed
1030 3244 1113 3306 domi
1134 3250 1250 3306 tantum
1270 3265 1337 3306 rem

219 3349 395 3412 fanrssiarem
415 3369 532 3413 curare.
579 3355 678 3434 Quam
700 3357 906 3432 conjecturam
929 3352 1049 3415 duobus
1070 3350 1262 3432 potissimum
1283 3372 1336 3413 ve·

218 3464 317 3544 terurn
343 3456 421 3518 locis
449 3457 570 3521 firmam
598 3458 657 3520 sibi
685 3459 768 3524 visus
794 3466 868 3524 erat.
919 3459 1009 3521 Alter
1036 3465 1083 3522 est
1113 3458 1269 3520 Plutarchi
1294 3458 1335 3519 de

219 3563 525 3644 tranquillitatem„
547 3567 634 3644 cujus
655 3568 748 3631 verba
767 3564 872 3630 ἔπειτα
895 3567 946 3630 καὶ
968 3564 1083 3650 ψεῦδός
1104 3563 1168 3628 ἐστι
1186 3566 1221 3628 τδ
1244 3562 1334 3626 εὐθυ·

220 3674 286 3753 μεῖν
312 3667 385 3737 τούς
413 3667 454 3752 μὴ
482 3669 584 3734 πολλὰ
609 3673 816 3756 πράσσοντας·
844 3671 910 3737 ἔδει
930 3672 988 3758 ηὰρ
1015 3671 1227 3756 εὐθυμοτέρας
1256 3671 1336 3734 εἶναι

218 3779 363 3860 ηυναῖκας
391 3775 510 3861 ἀνδρῶν
542 3777 680 3863 οίιιουρίη
706 3779 745 3844 τὰ
770 3781 872 3845 πολλὰ
894 3779 1045 3849 συνούσας
1072 3781 1111 3843 ad
1144 3779 1335 3861 probandum

219 3883 388 3946 adhibebat
437 3881 525 3948 Alter
551 3885 703 3968 llesycbii,
733 3890 786 3972 qui
809 3910 834 3955 s.
851 3909 879 3954 v.
906 3886 941 3951 εὖ
972 3885 1051 3950 ἔστω
1076 3889 1171 3969 (corr.
1204 3885 1334 3962 εὐεστώ)

221 3992 297 4054 haec
318 3990 423 4055 habet:
446 3988 585 4074 εὐθηνία,
602 3991 662 4057 ἀπὸ
686 3997 740 4059 τοῦ
763 3993 799 4060 εὐ
818 3996 913 4062 εἶναι·
934 3997 986 4059 καὶ
1007 3994 1188 4079 εὐδαιμονία
1208 3993 1257 4056 ἐπὶ
1277 3996 1335 4054 τοῦ

292 4234 317 4297 ‘l
334 4233 387 4296 ltili
405 4234 455 4301 tog.
476 4232 633 4306 ἀταραξίαν.)
