<?xml version="1.0" encoding="UTF-8"?>
<!DOCTYPE html PUBLIC "-//W3C//DTD XHTML 1.0 Transitional//EN"
    "http://www.w3.org/TR/xhtml1/DTD/xhtml1-transitional.dtd">
<html xmlns="http://www.w3.org/1999/xhtml" xml:lang="en" lang="en">
 <head>
  <title>
</title>
<meta http-equiv="Content-Type" content="text/html;charset=utf-8" />
  <meta name='ocr-system' content='tesseract 3.04.00' />
  <meta name='ocr-capabilities' content='ocr_page ocr_carea ocr_par ocr_line ocrx_word'/>
</head>
<body>
  <div class='ocr_page' id='page_1' title='image "./democritiabderi00mullgoog_0071.png"; bbox 0 0 2956 4860; ppageno 0'>
   <div class='ocr_carea' id='block_1_1' title="bbox 314 273 1100 352">
    <p class='ocr_par' dir='ltr' id='par_1_1' title="bbox 314 273 1100 352">
     <span class='ocr_line' id='line_1_1' title="bbox 314 273 1100 352; baseline -0.019 -8"><span class='ocrx_word' id='word_1_1' title='bbox 314 285 357 352; x_wconf 85' lang='grc'><strong>50</strong></span> <span class='ocrx_word' id='word_1_2' title='bbox 471 273 475 280; x_wconf 66' lang='grc'><strong>’</strong></span> <span class='ocrx_word' id='word_1_3' title='bbox 642 278 838 342; x_wconf 71' lang='lat' dir='ltr'><strong>Quaestionum</strong></span> <span class='ocrx_word' id='word_1_4' title='bbox 867 276 1100 332; x_wconf 84' lang='lat' dir='ltr'><strong>Democriteamm</strong></span> 
     </span>
    </p>
   </div>
   <div class='ocr_carea' id='block_1_2' title="bbox 317 441 1403 534">
    <p class='ocr_par' dir='ltr' id='par_1_2' title="bbox 317 400 1410 534">
     <span class='ocr_line' id='line_1_2' title="bbox 317 441 1403 534; baseline -0.013 -18"><span class='ocrx_word' id='word_1_5' title='bbox 317 462 434 534; x_wconf 89' lang='lat' dir='ltr'><strong>tempus</strong></span> <span class='ocrx_word' id='word_1_6' title='bbox 451 449 624 530; x_wconf 70' lang='lat' dir='ltr'><strong>respiciens,</strong></span> <span class='ocrx_word' id='word_1_7' title='bbox 644 448 727 529; x_wconf 92' lang='lat' dir='ltr'><strong>quod</strong></span> <span class='ocrx_word' id='word_1_8' title='bbox 737 444 906 509; x_wconf 88' lang='lat' dir='ltr'><strong>Democriti</strong></span> <span class='ocrx_word' id='word_1_9' title='bbox 918 443 1075 525; x_wconf 88' lang='lat' dir='ltr'><strong>pueritiam</strong></span> <span class='ocrx_word' id='word_1_10' title='bbox 1093 443 1222 524; x_wconf 81' lang='lat' dir='ltr'><strong>excepit,</strong></span> <span class='ocrx_word' id='word_1_11' title='bbox 1234 449 1268 507; x_wconf 87' lang='lat' dir='ltr'><strong>ut</strong></span> <span class='ocrx_word' id='word_1_12' title='bbox 1286 463 1302 504; x_wconf 89' lang='lat' dir='ltr'><strong>e</strong></span> <span class='ocrx_word' id='word_1_13' title='bbox 1319 441 1403 502; x_wconf 84' lang='lat' dir='ltr'><strong>uerbis</strong></span> 
     </span>
    </p>
   </div>
   <div class='ocr_carea' id='block_1_3' title="bbox 317 551 1426 3234">
    <p class='ocr_par' dir='ltr' id='par_1_3' title="bbox 317 551 1426 2686">
     <span class='ocr_line' id='line_1_3' title="bbox 317 551 1411 644; baseline -0.011 -22"><span class='ocrx_word' id='word_1_14' title='bbox 317 559 566 644; x_wconf 69' lang='lat' dir='ltr'><strong>praecedentibus</strong></span> <span class='ocrx_word' id='word_1_15' title='bbox 586 555 722 636; x_wconf 78' lang='lat' dir='ltr'><strong>eruergit.</strong></span> <span class='ocrx_word' id='word_1_16' title='bbox 764 560 866 636; x_wconf 82' lang='lat' dir='ltr'><strong>Quare</strong></span> <span class='ocrx_word' id='word_1_17' title='bbox 885 553 915 614; x_wconf 92' lang='lat' dir='ltr'><strong>id</strong></span> <span class='ocrx_word' id='word_1_18' title='bbox 934 561 1046 616; x_wconf 80' lang='lat' dir='ltr'><strong>tautum</strong></span> <span class='ocrx_word' id='word_1_19' title='bbox 1069 553 1138 614; x_wconf 90' lang='lat' dir='ltr'><strong>inde</strong></span> <span class='ocrx_word' id='word_1_20' title='bbox 1159 551 1338 631; x_wconf 84' lang='lat' dir='ltr'><strong>conjicimm,</strong></span> <span class='ocrx_word' id='word_1_21' title='bbox 1358 553 1411 612; x_wconf 83' lang='lat' dir='ltr'><strong>De:</strong></span> 
     </span>
     <span class='ocr_line' id='line_1_4' title="bbox 317 600 1412 742; baseline -0.01 -11"><span class='ocrx_word' id='word_1_22' title='bbox 317 669 477 732; x_wconf 86' lang='lat' dir='ltr'><strong>moeritunr</strong></span> <span class='ocrx_word' id='word_1_23' title='bbox 498 687 558 728; x_wconf 92' lang='lat' dir='ltr'><strong>uou</strong></span> <span class='ocrx_word' id='word_1_24' title='bbox 581 670 650 726; x_wconf 88' lang='lat' dir='ltr'><strong>aute</strong></span> <span class='ocrx_word' id='word_1_25' title='bbox 673 663 778 724; x_wconf 89' lang='lat' dir='ltr'><strong>itinera</strong></span> <span class='ocrx_word' id='word_1_26' title='bbox 799 682 864 736; x_wconf 89' lang='lat' dir='ltr'><strong>soa,</strong></span> <span class='ocrx_word' id='word_1_27' title='bbox 894 661 949 722; x_wconf 89' lang='lat' dir='ltr'><strong>sed</strong></span> <span class='ocrx_word' id='word_1_28' title='bbox 969 661 1209 742; x_wconf 81' lang='lat' dir='ltr'><strong>peregrinantem</strong></span> <span class='ocrx_word' id='word_1_29' title='bbox 1229 681 1248 722; x_wconf 87' lang='lat' dir='ltr'><strong>a</strong></span> <span class='ocrx_word' id='word_1_30' title='bbox 1270 600 1412 738; x_wconf 62' lang='lat' dir='ltr'><strong>Leucippi</strong></span> 
     </span>
     <span class='ocr_line' id='line_1_5' title="bbox 318 765 1406 854; baseline -0.011 -14"><span class='ocrx_word' id='word_1_31' title='bbox 318 799 382 840; x_wconf 90' lang='lat' dir='ltr'><strong>eam</strong></span> <span class='ocrx_word' id='word_1_32' title='bbox 406 775 546 838; x_wconf 86' lang='lat' dir='ltr'><strong>didicisse</strong></span> <span class='ocrx_word' id='word_1_33' title='bbox 569 771 791 854; x_wconf 76' lang='lat' dir='ltr'><strong>philosophiam</strong></span> <span class='ocrx_word' id='word_1_34' title='bbox 814 770 919 850; x_wconf 90' lang='lat' dir='ltr'><strong>primis</strong></span> <span class='ocrx_word' id='word_1_35' title='bbox 940 771 1025 852; x_wconf 90' lang='lat' dir='ltr'><strong>quasi</strong></span> <span class='ocrx_word' id='word_1_36' title='bbox 1045 769 1134 832; x_wconf 85' lang='lat' dir='ltr'><strong>lineis</strong></span> <span class='ocrx_word' id='word_1_37' title='bbox 1155 769 1359 843; x_wconf 79' lang='lat' dir='ltr'><strong>adumbratam,</strong></span> <span class='ocrx_word' id='word_1_38' title='bbox 1377 765 1406 828; x_wconf 84' lang='lat' dir='ltr'><strong>ad</strong></span> 
     </span>
     <span class='ocr_line' id='line_1_6' title="bbox 319 877 1415 984; baseline -0.013 -36"><span class='ocrx_word' id='word_1_39' title='bbox 319 905 406 968; x_wconf 91' lang='lat' dir='ltr'><strong>quam</strong></span> <span class='ocrx_word' id='word_1_40' title='bbox 430 883 595 946; x_wconf 86' lang='lat' dir='ltr'><strong>onmrrdanr</strong></span> <span class='ocrx_word' id='word_1_41' title='bbox 625 881 778 960; x_wconf 81' lang='lat' dir='ltr'><strong>magisque</strong></span> <span class='ocrx_word' id='word_1_42' title='bbox 803 877 999 940; x_wconf 87' lang='lat' dir='ltr'><strong>excolendam</strong></span> <span class='ocrx_word' id='word_1_43' title='bbox 1028 879 1094 958; x_wconf 87' lang='lat' dir='ltr'><strong>ipse</strong></span> <span class='ocrx_word' id='word_1_44' title='bbox 1123 887 1230 959; x_wconf 86' lang='lat' dir='ltr'><strong>postea</strong></span> <span class='ocrx_word' id='word_1_45' title='bbox 1256 877 1349 939; x_wconf 88' lang='lat' dir='ltr'><strong>studia</strong></span> <span class='ocrx_word' id='word_1_46' title='bbox 1366 885 1415 984; x_wconf 64' lang='lat' dir='ltr'><strong>sua‘p</strong></span> 
     </span>
     <span class='ocr_line' id='line_1_7' title="bbox 319 983 1416 1072; baseline -0.013 -16"><span class='ocrx_word' id='word_1_47' title='bbox 319 993 454 1058; x_wconf 78' lang='lat' dir='ltr'><strong>contulit.</strong></span> <span class='ocrx_word' id='word_1_48' title='bbox 504 996 605 1072; x_wconf 82' lang='lat' dir='ltr'><strong>Quum</strong></span> <span class='ocrx_word' id='word_1_49' title='bbox 634 1008 709 1050; x_wconf 86' lang='lat' dir='ltr'><strong>uero</strong></span> <span class='ocrx_word' id='word_1_50' title='bbox 734 987 888 1066; x_wconf 82' lang='lat' dir='ltr'><strong>Diogenes</strong></span> <span class='ocrx_word' id='word_1_51' title='bbox 916 1006 972 1050; x_wconf 87' lang='lat' dir='ltr'><strong>nos</strong></span> <span class='ocrx_word' id='word_1_52' title='bbox 999 986 1173 1067; x_wconf 78' lang='lat' dir='ltr'><strong>doceat⁵&#39;)</strong></span> <span class='ocrx_word' id='word_1_53' title='bbox 1205 986 1242 1048; x_wconf 86' lang='lat' dir='ltr'><strong>ab</strong></span> <span class='ocrx_word' id='word_1_54' title='bbox 1272 985 1334 1046; x_wconf 86' lang='lat' dir='ltr'><strong>aliis</strong></span> <span class='ocrx_word' id='word_1_55' title='bbox 1350 983 1416 1071; x_wconf 67' lang='lat' dir='ltr'><strong>antiq</strong></span> 
     </span>
     <span class='ocr_line' id='line_1_8' title="bbox 320 1091 1406 1186; baseline -0.012 -21"><span class='ocrx_word' id='word_1_56' title='bbox 320 1121 449 1186; x_wconf 88' lang='lat' dir='ltr'><strong>quorum</strong></span> <span class='ocrx_word' id='word_1_57' title='bbox 471 1098 658 1178; x_wconf 81' lang='lat' dir='ltr'><strong>Leucippum</strong></span> <span class='ocrx_word' id='word_1_58' title='bbox 684 1115 742 1176; x_wconf 92' lang='lat' dir='ltr'><strong>pro</strong></span> <span class='ocrx_word' id='word_1_59' title='bbox 762 1093 876 1172; x_wconf 86' lang='lat' dir='ltr'><strong>Eleate,</strong></span> <span class='ocrx_word' id='word_1_60' title='bbox 899 1096 937 1157; x_wconf 92' lang='lat' dir='ltr'><strong>ab</strong></span> <span class='ocrx_word' id='word_1_61' title='bbox 958 1096 1024 1158; x_wconf 87' lang='lat' dir='ltr'><strong>aliis</strong></span> <span class='ocrx_word' id='word_1_62' title='bbox 1045 1114 1103 1176; x_wconf 90' lang='lat' dir='ltr'><strong>pro</strong></span> <span class='ocrx_word' id='word_1_63' title='bbox 1125 1095 1281 1170; x_wconf 79' lang='lat' dir='ltr'><strong>Abderite,</strong></span> <span class='ocrx_word' id='word_1_64' title='bbox 1303 1093 1337 1154; x_wconf 94' lang='lat' dir='ltr'><strong>ab</strong></span> <span class='ocrx_word' id='word_1_65' title='bbox 1357 1091 1406 1152; x_wconf 83' lang='lat' dir='ltr'><strong>aliis</strong></span> 
     </span>
     <span class='ocr_line' id='line_1_9' title="bbox 319 1201 1418 1292; baseline -0.013 -20"><span class='ocrx_word' id='word_1_66' title='bbox 319 1211 449 1292; x_wconf 88' lang='lat' dir='ltr'><strong>denique</strong></span> <span class='ocrx_word' id='word_1_67' title='bbox 470 1226 527 1289; x_wconf 93' lang='lat' dir='ltr'><strong>pro</strong></span> <span class='ocrx_word' id='word_1_68' title='bbox 555 1204 664 1286; x_wconf 79' lang='lat' dir='ltr'><strong>hlqho,</strong></span> <span class='ocrx_word' id='word_1_69' title='bbox 693 1202 743 1265; x_wconf 87' lang='lat' dir='ltr'><strong>vel</strong></span> <span class='ocrx_word' id='word_1_70' title='bbox 774 1207 807 1263; x_wconf 89' lang='lat' dir='ltr'><strong>ut</strong></span> <span class='ocrx_word' id='word_1_71' title='bbox 827 1203 984 1284; x_wconf 85' lang='lat' dir='ltr'><strong>hienagius</strong></span> <span class='ocrx_word' id='word_1_72' title='bbox 1014 1203 1074 1282; x_wconf 87' lang='lat' dir='ltr'><strong>legi</strong></span> <span class='ocrx_word' id='word_1_73' title='bbox 1096 1204 1187 1280; x_wconf 82' lang='lat' dir='ltr'><strong>iubet,</strong></span> <span class='ocrx_word' id='word_1_74' title='bbox 1209 1203 1325 1266; x_wconf 86' lang='lat' dir='ltr'><strong>Milesio</strong></span> <span class='ocrx_word' id='word_1_75' title='bbox 1344 1201 1418 1288; x_wconf 65' lang='lat' dir='ltr'><strong>habi-t</strong></span> 
     </span>
     <span class='ocr_line' id='line_1_10' title="bbox 319 1307 1409 1394; baseline -0.014 -13"><span class='ocrx_word' id='word_1_76' title='bbox 319 1327 383 1382; x_wconf 90' lang='lat' dir='ltr'><strong>tum</strong></span> <span class='ocrx_word' id='word_1_77' title='bbox 408 1337 485 1392; x_wconf 88' lang='lat' dir='ltr'><strong>esse,</strong></span> <span class='ocrx_word' id='word_1_78' title='bbox 509 1314 574 1375; x_wconf 90' lang='lat' dir='ltr'><strong>heri</strong></span> <span class='ocrx_word' id='word_1_79' title='bbox 597 1317 706 1394; x_wconf 90' lang='lat' dir='ltr'><strong>potest,</strong></span> <span class='ocrx_word' id='word_1_80' title='bbox 738 1315 771 1372; x_wconf 89' lang='lat' dir='ltr'><strong>ut</strong></span> <span class='ocrx_word' id='word_1_81' title='bbox 787 1311 850 1388; x_wconf 88' lang='lat' dir='ltr'><strong>jam</strong></span> <span class='ocrx_word' id='word_1_82' title='bbox 873 1311 902 1373; x_wconf 91' lang='lat' dir='ltr'><strong>iu</strong></span> <span class='ocrx_word' id='word_1_83' title='bbox 924 1311 1021 1392; x_wconf 86' lang='lat' dir='ltr'><strong>patria</strong></span> <span class='ocrx_word' id='word_1_84' title='bbox 1040 1312 1116 1374; x_wconf 90' lang='lat' dir='ltr'><strong>urbe</strong></span> <span class='ocrx_word' id='word_1_85' title='bbox 1137 1312 1259 1374; x_wconf 82' lang='lat' dir='ltr'><strong>Abdera</strong></span> <span class='ocrx_word' id='word_1_86' title='bbox 1276 1307 1409 1372; x_wconf 88' lang='lat' dir='ltr'><strong>Democri·</strong></span> 
     </span>
     <span class='ocr_line' id='line_1_11' title="bbox 321 1418 1407 1502; baseline -0.01 -16"><span class='ocrx_word' id='word_1_87' title='bbox 321 1434 369 1488; x_wconf 88' lang='lat' dir='ltr'><strong>tus</strong></span> <span class='ocrx_word' id='word_1_88' title='bbox 386 1423 575 1502; x_wconf 84' lang='lat' dir='ltr'><strong>Leucippum</strong></span> <span class='ocrx_word' id='word_1_89' title='bbox 596 1418 751 1482; x_wconf 73' lang='lat' dir='ltr'><strong>aridiuorit.</strong></span> <span class='ocrx_word' id='word_1_90' title='bbox 775 1419 854 1480; x_wconf 89' lang='lat' dir='ltr'><strong>Nam</strong></span> <span class='ocrx_word' id='word_1_91' title='bbox 874 1419 1000 1481; x_wconf 88' lang='lat' dir='ltr'><strong>Eleateu</strong></span> <span class='ocrx_word' id='word_1_92' title='bbox 1020 1420 1113 1482; x_wconf 81' lang='lat' dir='ltr'><strong>fuisse</strong></span> <span class='ocrx_word' id='word_1_93' title='bbox 1135 1420 1319 1501; x_wconf 83' lang='lat' dir='ltr'><strong>Leucippum</strong></span> <span class='ocrx_word' id='word_1_94' title='bbox 1338 1433 1407 1478; x_wconf 88' lang='lat' dir='ltr'><strong>neue</strong></span> 
     </span>
     <span class='ocr_line' id='line_1_12' title="bbox 318 1525 1407 1611; baseline -0.008 -18"><span class='ocrx_word' id='word_1_95' title='bbox 318 1532 377 1594; x_wconf 91' lang='lat' dir='ltr'><strong>nisi</strong></span> <span class='ocrx_word' id='word_1_96' title='bbox 399 1530 534 1592; x_wconf 89' lang='lat' dir='ltr'><strong>Laertius</strong></span> <span class='ocrx_word' id='word_1_97' title='bbox 554 1527 668 1608; x_wconf 81' lang='lat' dir='ltr'><strong>prodit,</strong></span> <span class='ocrx_word' id='word_1_98' title='bbox 686 1526 852 1589; x_wconf 81' lang='lat' dir='ltr'><strong>Abderiten</strong></span> <span class='ocrx_word' id='word_1_99' title='bbox 871 1537 969 1589; x_wconf 86' lang='lat' dir='ltr'><strong>autem</strong></span> <span class='ocrx_word' id='word_1_100' title='bbox 983 1535 1090 1589; x_wconf 87' lang='lat' dir='ltr'><strong>auctor</strong></span> <span class='ocrx_word' id='word_1_101' title='bbox 1112 1548 1235 1610; x_wconf 89' lang='lat' dir='ltr'><strong>quoque</strong></span> <span class='ocrx_word' id='word_1_102' title='bbox 1260 1525 1407 1611; x_wconf 76' lang='lat' dir='ltr'><strong>priorique</strong></span> 
     </span>
     <span class='ocr_line' id='line_1_13' title="bbox 321 1634 1409 1720; baseline -0.008 -20"><span class='ocrx_word' id='word_1_103' title='bbox 321 1637 454 1720; x_wconf 80' lang='grc' dir='ltr'>ἱστορίας</span> <span class='ocrx_word' id='word_1_104' title='bbox 476 1634 557 1712; x_wconf 83' lang='lat' dir='ltr'><strong>iacit,</strong></span> <span class='ocrx_word' id='word_1_105' title='bbox 578 1654 654 1715; x_wconf 88' lang='lat' dir='ltr'><strong>quae</strong></span> <span class='ocrx_word' id='word_1_106' title='bbox 678 1653 838 1715; x_wconf 83' lang='lat' dir='ltr'><strong>perperam</strong></span> <span class='ocrx_word' id='word_1_107' title='bbox 860 1635 977 1698; x_wconf 90' lang='lat' dir='ltr'><strong>Galeno</strong></span> <span class='ocrx_word' id='word_1_108' title='bbox 1001 1635 1171 1713; x_wconf 86' lang='lat' dir='ltr'><strong>ascribitur,</strong></span> <span class='ocrx_word' id='word_1_109' title='bbox 1194 1656 1364 1720; x_wconf 89' lang='lat' dir='ltr'><strong>quamquam</strong></span> <span class='ocrx_word' id='word_1_110' title='bbox 1379 1634 1409 1692; x_wconf 86' lang='lat' dir='ltr'><strong>ia·</strong></span> 
     </span>
     <span class='ocr_line' id='line_1_14' title="bbox 319 1741 1424 1838; baseline -0.009 -29"><span class='ocrx_word' id='word_1_111' title='bbox 319 1746 441 1809; x_wconf 86' lang='lat' dir='ltr'><strong>tendum</strong></span> <span class='ocrx_word' id='word_1_112' title='bbox 471 1752 518 1806; x_wconf 89' lang='lat' dir='ltr'><strong>est</strong></span> <span class='ocrx_word' id='word_1_113' title='bbox 546 1741 672 1823; x_wconf 91' lang='lat' dir='ltr'><strong>reperiri</strong></span> <span class='ocrx_word' id='word_1_114' title='bbox 696 1743 784 1806; x_wconf 85' lang='lat' dir='ltr'><strong>etiam</strong></span> <span class='ocrx_word' id='word_1_115' title='bbox 810 1743 886 1807; x_wconf 86' lang='lat' dir='ltr'><strong>alios</strong></span> <span class='ocrx_word' id='word_1_116' title='bbox 914 1743 1080 1823; x_wconf 86' lang='lat' dir='ltr'><strong>scriptores</strong></span> <span class='ocrx_word' id='word_1_117' title='bbox 1109 1745 1163 1827; x_wconf 90' lang='lat' dir='ltr'><strong>qui</strong></span> <span class='ocrx_word' id='word_1_118' title='bbox 1193 1765 1263 1808; x_wconf 87' lang='lat' dir='ltr'><strong>eum</strong></span> <span class='ocrx_word' id='word_1_119' title='bbox 1283 1743 1424 1838; x_wconf 41' lang='lat' dir='ltr'><strong>hlilesiun&#39;¹</strong></span> 
     </span>
     <span class='ocr_line' id='line_1_15' title="bbox 319 1849 1425 1936; baseline -0.006 -21"><span class='ocrx_word' id='word_1_120' title='bbox 319 1871 386 1916; x_wconf 84' lang='lat' dir='ltr'><strong>esse</strong></span> <span class='ocrx_word' id='word_1_121' title='bbox 404 1849 624 1930; x_wconf 76' lang='lat' dir='ltr'><strong>volueriut⁵²).</strong></span> <span class='ocrx_word' id='word_1_122' title='bbox 665 1851 727 1914; x_wconf 89' lang='lat' dir='ltr'><strong>Sed</strong></span> <span class='ocrx_word' id='word_1_123' title='bbox 743 1852 995 1932; x_wconf 90' lang='lat' dir='ltr'><strong>quemadmodum</strong></span> <span class='ocrx_word' id='word_1_124' title='bbox 1010 1861 1148 1914; x_wconf 87' lang='lat' dir='ltr'><strong>veterum</strong></span> <span class='ocrx_word' id='word_1_125' title='bbox 1167 1855 1302 1918; x_wconf 84' lang='lat' dir='ltr'><strong>nonnulii</strong></span> <span class='ocrx_word' id='word_1_126' title='bbox 1313 1851 1425 1936; x_wconf 71' lang='lat' dir='ltr'><strong>Laertio¹</strong></span> 
     </span>
     <span class='ocr_line' id='line_1_16' title="bbox 320 1957 1426 2040; baseline -0.007 -16"><span class='ocrx_word' id='word_1_127' title='bbox 320 1967 394 2024; x_wconf 88' lang='lat' dir='ltr'><strong>teste</strong></span> <span class='ocrx_word' id='word_1_128' title='bbox 416 1957 633 2035; x_wconf 86' lang='lat' dir='ltr'><strong>Democritum,</strong></span> <span class='ocrx_word' id='word_1_129' title='bbox 661 1965 693 2021; x_wconf 90' lang='lat' dir='ltr'><strong>ut</strong></span> <span class='ocrx_word' id='word_1_130' title='bbox 722 1960 812 2038; x_wconf 88' lang='lat' dir='ltr'><strong>primi</strong></span> <span class='ocrx_word' id='word_1_131' title='bbox 838 1961 945 2040; x_wconf 90' lang='lat' dir='ltr'><strong>capitis</strong></span> <span class='ocrx_word' id='word_1_132' title='bbox 977 1960 1060 2022; x_wconf 91' lang='lat' dir='ltr'><strong>iuitio</strong></span> <span class='ocrx_word' id='word_1_133' title='bbox 1092 1961 1326 2038; x_wconf 69' lang='lat' dir='ltr'><strong>observavimus</strong></span> <span class='ocrx_word' id='word_1_134' title='bbox 1345 1959 1426 2022; x_wconf 50' lang='lat' dir='ltr'><strong>hiilc¹</strong></span> 
     </span>
     <span class='ocr_line' id='line_1_17' title="bbox 320 2065 1409 2152; baseline -0.007 -22"><span class='ocrx_word' id='word_1_135' title='bbox 320 2070 396 2131; x_wconf 90' lang='lat' dir='ltr'><strong>sium</strong></span> <span class='ocrx_word' id='word_1_136' title='bbox 423 2067 621 2148; x_wconf 86' lang='lat' dir='ltr'><strong>appellarunt,</strong></span> <span class='ocrx_word' id='word_1_137' title='bbox 649 2065 721 2130; x_wconf 87' lang='lat' dir='ltr'><strong>licet</strong></span> <span class='ocrx_word' id='word_1_138' title='bbox 748 2069 886 2152; x_wconf 89' lang='lat' dir='ltr'><strong>plerique</strong></span> <span class='ocrx_word' id='word_1_139' title='bbox 917 2089 1039 2146; x_wconf 86' lang='lat' dir='ltr'><strong>omnes,</strong></span> <span class='ocrx_word' id='word_1_140' title='bbox 1069 2070 1182 2150; x_wconf 90' lang='lat' dir='ltr'><strong>quibus</strong></span> <span class='ocrx_word' id='word_1_141' title='bbox 1204 2069 1409 2150; x_wconf 88' lang='lat' dir='ltr'><strong>praeteritorum</strong></span> 
     </span>
     <span class='ocr_line' id='line_1_18' title="bbox 320 2175 1410 2256; baseline -0.007 -18"><span class='ocrx_word' id='word_1_142' title='bbox 320 2189 490 2256; x_wconf 87' lang='lat' dir='ltr'><strong>temporum</strong></span> <span class='ocrx_word' id='word_1_143' title='bbox 512 2175 618 2238; x_wconf 88' lang='lat' dir='ltr'><strong>notitia</strong></span> <span class='ocrx_word' id='word_1_144' title='bbox 642 2195 732 2238; x_wconf 86' lang='lat' dir='ltr'><strong>curae</strong></span> <span class='ocrx_word' id='word_1_145' title='bbox 755 2177 828 2254; x_wconf 81' lang='lat' dir='ltr'><strong>fuit,</strong></span> <span class='ocrx_word' id='word_1_146' title='bbox 857 2199 925 2242; x_wconf 88' lang='lat' dir='ltr'><strong>eum</strong></span> <span class='ocrx_word' id='word_1_147' title='bbox 946 2177 1122 2239; x_wconf 78' lang='lat' dir='ltr'><strong>Abderitam</strong></span> <span class='ocrx_word' id='word_1_148' title='bbox 1146 2199 1215 2242; x_wconf 90' lang='lat' dir='ltr'><strong>esse</strong></span> <span class='ocrx_word' id='word_1_149' title='bbox 1237 2181 1356 2241; x_wconf 91' lang='lat' dir='ltr'><strong>scireut:</strong></span> <span class='ocrx_word' id='word_1_150' title='bbox 1382 2175 1410 2232; x_wconf 86' lang='lat' dir='ltr'><strong>ita</strong></span> 
     </span>
     <span class='ocr_line' id='line_1_19' title="bbox 320 2283 1409 2366; baseline -0.001 -20"><span class='ocrx_word' id='word_1_151' title='bbox 320 2305 381 2346; x_wconf 92' lang='lat' dir='ltr'><strong>non</strong></span> <span class='ocrx_word' id='word_1_152' title='bbox 420 2285 561 2346; x_wconf 88' lang='lat' dir='ltr'><strong>miramur</strong></span> <span class='ocrx_word' id='word_1_153' title='bbox 605 2283 684 2344; x_wconf 89' lang='lat' dir='ltr'><strong>idem</strong></span> <span class='ocrx_word' id='word_1_154' title='bbox 721 2285 878 2366; x_wconf 90' lang='lat' dir='ltr'><strong>Leucippo</strong></span> <span class='ocrx_word' id='word_1_155' title='bbox 916 2286 1071 2349; x_wconf 86' lang='lat' dir='ltr'><strong>accidisse.</strong></span> <span class='ocrx_word' id='word_1_156' title='bbox 1129 2289 1246 2350; x_wconf 88' lang='lat' dir='ltr'><strong>Verum</strong></span> <span class='ocrx_word' id='word_1_157' title='bbox 1280 2293 1409 2362; x_wconf 73' lang='lat' dir='ltr'><strong>uteunque</strong></span> 
     </span>
     <span class='ocr_line' id='line_1_20' title="bbox 319 2367 1410 2474; baseline -0.002 -20"><span class='ocrx_word' id='word_1_158' title='bbox 319 2415 352 2454; x_wconf 87' lang='lat' dir='ltr'><strong>se</strong></span> <span class='ocrx_word' id='word_1_159' title='bbox 372 2394 445 2454; x_wconf 85' lang='lat' dir='ltr'><strong>haee</strong></span> <span class='ocrx_word' id='word_1_160' title='bbox 468 2392 585 2468; x_wconf 85' lang='lat' dir='ltr'><strong>habeut,</strong></span> <span class='ocrx_word' id='word_1_161' title='bbox 607 2391 742 2474; x_wconf 87' lang='lat' dir='ltr'><strong>quamvis</strong></span> <span class='ocrx_word' id='word_1_162' title='bbox 766 2399 883 2473; x_wconf 88' lang='lat' dir='ltr'><strong>tompus</strong></span> <span class='ocrx_word' id='word_1_163' title='bbox 904 2414 965 2456; x_wconf 92' lang='lat' dir='ltr'><strong>non</strong></span> <span class='ocrx_word' id='word_1_164' title='bbox 983 2367 1079 2456; x_wconf 74' lang='lat' dir='ltr'><strong>mimis</strong></span> <span class='ocrx_word' id='word_1_165' title='bbox 1103 2395 1252 2459; x_wconf 83' lang='lat' dir='ltr'><strong>incertum</strong></span> <span class='ocrx_word' id='word_1_166' title='bbox 1275 2396 1312 2457; x_wconf 90' lang='lat' dir='ltr'><strong>sit</strong></span> <span class='ocrx_word' id='word_1_167' title='bbox 1340 2407 1410 2474; x_wconf 78' lang='lat' dir='ltr'><strong>quam</strong></span> 
     </span>
     <span class='ocr_line' id='line_1_21' title="bbox 320 2500 1411 2584; baseline -0.006 -21"><span class='ocrx_word' id='word_1_168' title='bbox 320 2503 416 2574; x_wconf 87' lang='lat' dir='ltr'><strong>iocus,</strong></span> <span class='ocrx_word' id='word_1_169' title='bbox 442 2519 503 2580; x_wconf 92' lang='lat' dir='ltr'><strong>quo</strong></span> <span class='ocrx_word' id='word_1_170' title='bbox 531 2500 725 2562; x_wconf 89' lang='lat' dir='ltr'><strong>Democritus</strong></span> <span class='ocrx_word' id='word_1_171' title='bbox 747 2501 902 2581; x_wconf 87' lang='lat' dir='ltr'><strong>Leucippo</strong></span> <span class='ocrx_word' id='word_1_172' title='bbox 930 2521 1003 2564; x_wconf 88' lang='lat' dir='ltr'><strong>usus</strong></span> <span class='ocrx_word' id='word_1_173' title='bbox 1024 2503 1063 2564; x_wconf 93' lang='lat' dir='ltr'><strong>sit</strong></span> <span class='ocrx_word' id='word_1_174' title='bbox 1084 2505 1239 2584; x_wconf 85' lang='lat' dir='ltr'><strong>magistro,</strong></span> <span class='ocrx_word' id='word_1_175' title='bbox 1262 2512 1355 2568; x_wconf 86' lang='lat' dir='ltr'><strong>tamen</strong></span> <span class='ocrx_word' id='word_1_176' title='bbox 1373 2516 1411 2558; x_wconf 91' lang='lat' dir='ltr'><strong>au-</strong></span> 
     </span>
     <span class='ocr_line' id='line_1_22' title="bbox 320 2607 1190 2686; baseline 0.006 -16"><span class='ocrx_word' id='word_1_177' title='bbox 320 2611 448 2670; x_wconf 89' lang='lat' dir='ltr'><strong>ditorem</strong></span> <span class='ocrx_word' id='word_1_178' title='bbox 470 2607 615 2686; x_wconf 90' lang='lat' dir='ltr'><strong>Leucippi</strong></span> <span class='ocrx_word' id='word_1_179' title='bbox 640 2627 708 2668; x_wconf 81' lang='lat' dir='ltr'><strong>erim</strong></span> <span class='ocrx_word' id='word_1_180' title='bbox 728 2609 822 2670; x_wconf 79' lang='lat' dir='ltr'><strong>fuisse</strong></span> <span class='ocrx_word' id='word_1_181' title='bbox 845 2609 966 2671; x_wconf 88' lang='lat' dir='ltr'><strong>minime</strong></span> <span class='ocrx_word' id='word_1_182' title='bbox 986 2611 1110 2673; x_wconf 86' lang='lat' dir='ltr'><strong>dubium</strong></span> <span class='ocrx_word' id='word_1_183' title='bbox 1133 2620 1190 2675; x_wconf 87' lang='lat' dir='ltr'><strong>est.</strong></span> 
     </span>
    </p>

    <p class='ocr_par' dir='ltr' id='par_1_4' title="bbox 320 2709 1414 3234">
     <span class='ocr_line' id='line_1_23' title="bbox 405 2709 1412 2801; baseline -0.001 -23"><span class='ocrx_word' id='word_1_184' title='bbox 405 2719 502 2778; x_wconf 87' lang='lat' dir='ltr'><strong>Porro</strong></span> <span class='ocrx_word' id='word_1_185' title='bbox 529 2715 663 2777; x_wconf 86' lang='lat' dir='ltr'><strong>Italicum</strong></span> <span class='ocrx_word' id='word_1_186' title='bbox 689 2717 855 2780; x_wconf 83' lang='lat' dir='ltr'><strong>Democriti</strong></span> <span class='ocrx_word' id='word_1_187' title='bbox 882 2717 940 2778; x_wconf 89' lang='lat' dir='ltr'><strong>iter</strong></span> <span class='ocrx_word' id='word_1_188' title='bbox 962 2721 1025 2797; x_wconf 78' lang='lat' dir='ltr'><strong>Jam</strong></span> <span class='ocrx_word' id='word_1_189' title='bbox 1051 2709 1167 2797; x_wconf 62' lang='grc' dir='ltr'><strong>ιιΙίἰΗ)Ι</strong></span> <span class='ocrx_word' id='word_1_190' title='bbox 1188 2721 1367 2801; x_wconf 78' lang='lat' dir='ltr'><strong>redegerunt</strong></span> <span class='ocrx_word' id='word_1_191' title='bbox 1385 2732 1412 2772; x_wconf 76' lang='lat' dir='ltr'><strong>rx</strong></span> 
     </span>
     <span class='ocr_line' id='line_1_24' title="bbox 321 2819 1413 2909; baseline -0.004 -22"><span class='ocrx_word' id='word_1_192' title='bbox 321 2828 379 2887; x_wconf 93' lang='lat' dir='ltr'><strong>hoc</strong></span> <span class='ocrx_word' id='word_1_193' title='bbox 398 2823 508 2886; x_wconf 88' lang='lat' dir='ltr'><strong>Laertii</strong></span> <span class='ocrx_word' id='word_1_194' title='bbox 528 2823 599 2886; x_wconf 95' lang='lat' dir='ltr'><strong>loco</strong></span> <span class='ocrx_word' id='word_1_195' title='bbox 611 2819 622 2855; x_wconf 78' lang='lat'>⁵</span> <span class='ocrx_word' id='word_1_196' title='bbox 636 2825 679 2902; x_wconf 81' lang='lat'><strong>‘):</strong></span> <span class='ocrx_word' id='word_1_197' title='bbox 702 2823 851 2900; x_wconf 82' lang='lat' dir='ltr'><strong>„Videtur</strong></span> <span class='ocrx_word' id='word_1_198' title='bbox 872 2833 981 2902; x_wconf 88' lang='lat' dir='ltr'><strong>autem,</strong></span> <span class='ocrx_word' id='word_1_199' title='bbox 1004 2827 1100 2907; x_wconf 89' lang='lat' dir='ltr'><strong>inquit</strong></span> <span class='ocrx_word' id='word_1_200' title='bbox 1119 2828 1306 2909; x_wconf 87' lang='lat' dir='ltr'><strong>Thrasyllus,</strong></span> <span class='ocrx_word' id='word_1_201' title='bbox 1325 2831 1351 2888; x_wconf 89' lang='lat' dir='ltr'><strong>et</strong></span> <span class='ocrx_word' id='word_1_202' title='bbox 1369 2825 1413 2902; x_wconf 82' lang='lat' dir='ltr'><strong>Py-</strong></span> 
     </span>
     <span class='ocr_line' id='line_1_25' title="bbox 320 2931 1414 3016; baseline 0.003 -22"><span class='ocrx_word' id='word_1_203' title='bbox 320 2932 543 3010; x_wconf 86' lang='lat' dir='ltr'><strong>thagoricorum</strong></span> <span class='ocrx_word' id='word_1_204' title='bbox 569 2931 661 2994; x_wconf 76' lang='lat' dir='ltr'><strong>fuisse</strong></span> <span class='ocrx_word' id='word_1_205' title='bbox 689 2931 828 2996; x_wconf 86' lang='lat' dir='ltr'><strong>imitator.</strong></span> <span class='ocrx_word' id='word_1_206' title='bbox 878 2934 959 3015; x_wconf 83' lang='lat' dir='ltr'><strong>Quin</strong></span> <span class='ocrx_word' id='word_1_207' title='bbox 992 2935 1081 2996; x_wconf 87' lang='lat' dir='ltr'><strong>etiam</strong></span> <span class='ocrx_word' id='word_1_208' title='bbox 1116 2934 1213 3015; x_wconf 86' lang='lat' dir='ltr'><strong>ipsius</strong></span> <span class='ocrx_word' id='word_1_209' title='bbox 1247 2937 1414 3016; x_wconf 72' lang='lat' dir='ltr'><strong>Pythagorae</strong></span> 
     </span>
     <span class='ocr_line' id='line_1_26' title="bbox 321 3037 1414 3120; baseline 0.004 -22"><span class='ocrx_word' id='word_1_210' title='bbox 321 3037 461 3115; x_wconf 90' lang='lat' dir='ltr'><strong>meminit,</strong></span> <span class='ocrx_word' id='word_1_211' title='bbox 490 3039 520 3100; x_wconf 90' lang='lat' dir='ltr'><strong>in</strong></span> <span class='ocrx_word' id='word_1_212' title='bbox 546 3039 718 3118; x_wconf 85' lang='lat' dir='ltr'><strong>cognomini</strong></span> <span class='ocrx_word' id='word_1_213' title='bbox 742 3059 836 3120; x_wconf 88' lang='lat' dir='ltr'><strong>opere</strong></span> <span class='ocrx_word' id='word_1_214' title='bbox 865 3041 947 3102; x_wconf 90' lang='lat' dir='ltr'><strong>ilium</strong></span> <span class='ocrx_word' id='word_1_215' title='bbox 970 3043 1127 3104; x_wconf 84' lang='lat' dir='ltr'><strong>admirans.</strong></span> <span class='ocrx_word' id='word_1_216' title='bbox 1170 3045 1281 3106; x_wconf 88' lang='lat' dir='ltr'><strong>Omuia</strong></span> <span class='ocrx_word' id='word_1_217' title='bbox 1299 3061 1366 3104; x_wconf 78' lang='lat' dir='ltr'><strong>vero</strong></span> <span class='ocrx_word' id='word_1_218' title='bbox 1384 3038 1414 3098; x_wconf 83' lang='lat' dir='ltr'><strong>ab</strong></span> 
     </span>
     <span class='ocr_line' id='line_1_27' title="bbox 320 3143 1413 3234; baseline 0.001 -28"><span class='ocrx_word' id='word_1_219' title='bbox 320 3165 358 3207; x_wconf 91' lang='lat' dir='ltr'><strong>eo</strong></span> <span class='ocrx_word' id='word_1_220' title='bbox 381 3145 500 3210; x_wconf 85' lang='lat' dir='ltr'><strong>uidetur</strong></span> <span class='ocrx_word' id='word_1_221' title='bbox 528 3147 699 3229; x_wconf 86' lang='lat' dir='ltr'><strong>accepisse,</strong></span> <span class='ocrx_word' id='word_1_222' title='bbox 725 3149 770 3210; x_wconf 90' lang='lat' dir='ltr'><strong>sio</strong></span> <span class='ocrx_word' id='word_1_223' title='bbox 793 3154 826 3211; x_wconf 95' lang='lat' dir='ltr'><strong>ut</strong></span> <span class='ocrx_word' id='word_1_224' title='bbox 852 3148 936 3210; x_wconf 88' lang='lat' dir='ltr'><strong>ilium</strong></span> <span class='ocrx_word' id='word_1_225' title='bbox 966 3156 996 3212; x_wconf 90' lang='lat' dir='ltr'><strong>et</strong></span> <span class='ocrx_word' id='word_1_226' title='bbox 1016 3149 1167 3214; x_wconf 87' lang='lat' dir='ltr'><strong>audivisse</strong></span> <span class='ocrx_word' id='word_1_227' title='bbox 1188 3160 1349 3234; x_wconf 88' lang='lat' dir='ltr'><strong>potaretur,</strong></span> <span class='ocrx_word' id='word_1_228' title='bbox 1368 3143 1413 3208; x_wconf 87' lang='lat' dir='ltr'><strong>uisi</strong></span> 
     </span>
    </p>
   </div>
   <div class='ocr_carea' id='block_1_4' title="bbox 319 3389 1411 3558">
    <p class='ocr_par' dir='ltr' id='par_1_5' title="bbox 319 3389 1411 3558">
     <span class='ocr_line' id='line_1_28' title="bbox 390 3389 1411 3488; baseline 0.01 -31"><span class='ocrx_word' id='word_1_229' title='bbox 390 3409 429 3471; x_wconf 64' lang='grc' dir='ltr'><strong>ὅΙ)</strong></span> <span class='ocrx_word' id='word_1_230' title='bbox 455 3409 498 3459; x_wconf 86' lang='lat' dir='ltr'><strong>tib.</strong></span> <span class='ocrx_word' id='word_1_231' title='bbox 518 3409 559 3470; x_wconf 82' lang='lat' dir='ltr'><strong>IX,</strong></span> <span class='ocrx_word' id='word_1_232' title='bbox 576 3407 624 3460; x_wconf 71' lang='lat' dir='ltr'><strong>do:</strong></span> <span class='ocrx_word' id='word_1_233' title='bbox 647 3389 795 3470; x_wconf 66' lang='lat' dir='ltr'><strong>richramno:</strong></span> <span class='ocrx_word' id='word_1_234' title='bbox 820 3408 956 3482; x_wconf 80' lang='grc' dir='ltr'><strong>Ἐλεάτης,</strong></span> <span class='ocrx_word' id='word_1_235' title='bbox 978 3411 1014 3471; x_wconf 79' lang='grc' dir='ltr'><strong>ὡς</strong></span> <span class='ocrx_word' id='word_1_236' title='bbox 1035 3411 1062 3464; x_wconf 82' lang='grc' dir='ltr'><strong>δέ</strong></span> <span class='ocrx_word' id='word_1_237' title='bbox 1080 3431 1161 3476; x_wconf 80' lang='grc' dir='ltr'>τινες,</span> <span class='ocrx_word' id='word_1_238' title='bbox 1177 3412 1344 3488; x_wconf 68' lang='grc' dir='ltr'><strong>Ἀβδηρίτης.</strong></span> <span class='ocrx_word' id='word_1_239' title='bbox 1361 3405 1411 3461; x_wconf 64' lang='lat' dir='ltr'><strong>aar&#39;</strong></span> 
     </span>
     <span class='ocr_line' id='line_1_29' title="bbox 319 3485 579 3558; baseline 0.004 -20"><span class='ocrx_word' id='word_1_240' title='bbox 319 3486 401 3546; x_wconf 75' lang='grc' dir='ltr'>ἐνίους</span> <span class='ocrx_word' id='word_1_241' title='bbox 422 3485 449 3539; x_wconf 76' lang='grc' dir='ltr'><strong>δὲ</strong></span> <span class='ocrx_word' id='word_1_242' title='bbox 469 3485 579 3558; x_wconf 71' lang='grc' dir='ltr'>Πήλιος.</span> 
     </span>
    </p>
   </div>
   <div class='ocr_carea' id='block_1_5' title="bbox 316 3581 1414 4322">
    <p class='ocr_par' dir='ltr' id='par_1_6' title="bbox 390 3581 911 3647">
     <span class='ocr_line' id='line_1_30' title="bbox 390 3581 911 3647; baseline 0.021 -20"><span class='ocrx_word' id='word_1_243' title='bbox 390 3581 429 3644; x_wconf 82' lang='lat'><strong>⁵²)</strong></span> <span class='ocrx_word' id='word_1_244' title='bbox 450 3581 508 3630; x_wconf 76' lang='lat' dir='ltr'><strong>i&#39;id.</strong></span> <span class='ocrx_word' id='word_1_245' title='bbox 529 3581 629 3646; x_wconf 78' lang='lat' dir='ltr'><strong>bierreg.</strong></span> <span class='ocrx_word' id='word_1_246' title='bbox 649 3585 683 3634; x_wconf 89' lang='lat' dir='ltr'><strong>od</strong></span> <span class='ocrx_word' id='word_1_247' title='bbox 705 3587 788 3636; x_wconf 80' lang='lat' dir='ltr'><strong>baert.</strong></span> <span class='ocrx_word' id='word_1_248' title='bbox 812 3587 850 3647; x_wconf 88' lang='lat' dir='ltr'><strong>Di,</strong></span> <span class='ocrx_word' id='word_1_249' title='bbox 871 3583 911 3637; x_wconf 86' lang='grc'><strong>30.</strong></span> 
     </span>
    </p>

    <p class='ocr_par' dir='ltr' id='par_1_7' title="bbox 391 3672 1325 3742">
     <span class='ocr_line' id='line_1_31' title="bbox 391 3672 1325 3742; baseline 0.007 -21"><span class='ocrx_word' id='word_1_250' title='bbox 391 3673 430 3736; x_wconf 76' lang='lat'><strong>⁵³)</strong></span> <span class='ocrx_word' id='word_1_251' title='bbox 450 3673 629 3724; x_wconf 83' lang='lat' dir='ltr'><strong>Teuoemauu.</strong></span> <span class='ocrx_word' id='word_1_252' title='bbox 655 3677 748 3727; x_wconf 84' lang='lat' dir='ltr'><strong>Gesoh.</strong></span> <span class='ocrx_word' id='word_1_253' title='bbox 771 3679 820 3728; x_wconf 86' lang='lat' dir='ltr'><strong>der·</strong></span> <span class='ocrx_word' id='word_1_254' title='bbox 840 3677 900 3727; x_wconf 87' lang='lat' dir='ltr'><strong>Phd.</strong></span> <span class='ocrx_word' id='word_1_255' title='bbox 920 3678 993 3727; x_wconf 86' lang='lat' dir='ltr'><strong>Tem.</strong></span> <span class='ocrx_word' id='word_1_256' title='bbox 1012 3672 1022 3728; x_wconf 87' lang='lat' dir='ltr'><strong>i</strong></span> <span class='ocrx_word' id='word_1_257' title='bbox 1041 3693 1066 3742; x_wconf 89' lang='lat' dir='ltr'><strong>p.</strong></span> <span class='ocrx_word' id='word_1_258' title='bbox 1088 3675 1139 3730; x_wconf 81' lang='lat'><strong>337</strong></span> <span class='ocrx_word' id='word_1_259' title='bbox 1160 3678 1202 3729; x_wconf 88' lang='lat' dir='ltr'><strong>ed.</strong></span> <span class='ocrx_word' id='word_1_260' title='bbox 1222 3679 1325 3729; x_wconf 76' lang='lat' dir='ltr'><strong>hh&#39;endt.</strong></span> 
     </span>
    </p>

    <p class='ocr_par' dir='ltr' id='par_1_8' title="bbox 316 3760 1414 4322">
     <span class='ocr_line' id='line_1_32' title="bbox 389 3760 1414 3839; baseline 0.002 -26"><span class='ocrx_word' id='word_1_261' title='bbox 389 3765 428 3826; x_wconf 72' lang='grc' dir='ltr'><strong>Μ)</strong></span> <span class='ocrx_word' id='word_1_262' title='bbox 446 3763 487 3814; x_wconf 86' lang='lat' dir='ltr'><strong>ub.</strong></span> <span class='ocrx_word' id='word_1_263' title='bbox 510 3763 550 3826; x_wconf 83' lang='lat' dir='ltr'><strong>m,</strong></span> <span class='ocrx_word' id='word_1_264' title='bbox 571 3763 618 3816; x_wconf 82' lang='lat'><strong>38:</strong></span> <span class='ocrx_word' id='word_1_265' title='bbox 638 3765 709 3818; x_wconf 74' lang='grc' dir='ltr'>δοκεῖ</span> <span class='ocrx_word' id='word_1_266' title='bbox 728 3767 765 3830; x_wconf 77' lang='grc' dir='ltr'><strong>δέ,</strong></span> <span class='ocrx_word' id='word_1_267' title='bbox 788 3769 864 3839; x_wconf 80' lang='grc' dir='ltr'>φησὶν</span> <span class='ocrx_word' id='word_1_268' title='bbox 883 3765 896 3818; x_wconf 83' lang='grc' dir='ltr'>ὁ</span> <span class='ocrx_word' id='word_1_269' title='bbox 917 3765 1076 3837; x_wconf 72' lang='grc' dir='ltr'>Θράσυλλος.</span> <span class='ocrx_word' id='word_1_270' title='bbox 1103 3765 1222 3839; x_wconf 73' lang='grc' dir='ltr'>ζηλωτὴς</span> <span class='ocrx_word' id='word_1_271' title='bbox 1241 3767 1364 3838; x_wconf 78' lang='grc' dir='ltr'>γεγονέναι</span> <span class='ocrx_word' id='word_1_272' title='bbox 1378 3760 1414 3810; x_wconf 73' lang='grc' dir='ltr'><strong>καὶ</strong></span> 
     </span>
     <span class='ocr_line' id='line_1_33' title="bbox 317 3839 1413 3920; baseline 0.008 -28"><span class='ocrx_word' id='word_1_273' title='bbox 317 3846 370 3892; x_wconf 81' lang='grc' dir='ltr'><strong>τῶν</strong></span> <span class='ocrx_word' id='word_1_274' title='bbox 389 3839 586 3914; x_wconf 74' lang='grc' dir='ltr'>Πυθαγορικῶν.</span> <span class='ocrx_word' id='word_1_275' title='bbox 617 3843 700 3899; x_wconf 77' lang='grc' dir='ltr'><strong>Ἀλλὰ</strong></span> <span class='ocrx_word' id='word_1_276' title='bbox 722 3849 766 3900; x_wconf 75' lang='grc' dir='ltr'><strong>καὶ</strong></span> <span class='ocrx_word' id='word_1_277' title='bbox 792 3847 873 3899; x_wconf 65' lang='grc' dir='ltr'>αὑτοῦ</span> <span class='ocrx_word' id='word_1_278' title='bbox 895 3853 941 3899; x_wconf 79' lang='grc' dir='ltr'><strong>τοῦ</strong></span> <span class='ocrx_word' id='word_1_279' title='bbox 961 3845 1113 3920; x_wconf 73' lang='grc' dir='ltr'>Πυθαγόρου</span> <span class='ocrx_word' id='word_1_280' title='bbox 1131 3849 1269 3919; x_wconf 73' lang='grc' dir='ltr'>μέμνηται,</span> <span class='ocrx_word' id='word_1_281' title='bbox 1286 3843 1413 3913; x_wconf 64' lang='lat' dir='ltr'><strong>ineptior</strong></span> 
     </span>
     <span class='ocr_line' id='line_1_34' title="bbox 318 3921 1413 4000; baseline 0.004 -27"><span class='ocrx_word' id='word_1_282' title='bbox 318 3921 396 3974; x_wconf 74' lang='lat' dir='ltr'><strong>adadu</strong></span> <span class='ocrx_word' id='word_1_283' title='bbox 417 3923 442 3974; x_wconf 78' lang='grc' dir='ltr'><strong>ἐν</strong></span> <span class='ocrx_word' id='word_1_284' title='bbox 461 3928 498 3993; x_wconf 77' lang='grc' dir='ltr'><strong>τῷ</strong></span> <span class='ocrx_word' id='word_1_285' title='bbox 521 3923 655 3996; x_wconf 73' lang='grc' dir='ltr'>ὁμωνΰμιγι</span> <span class='ocrx_word' id='word_1_286' title='bbox 674 3929 858 3999; x_wconf 68' lang='grc' dir='ltr'>συγγράμματι.</span> <span class='ocrx_word' id='word_1_287' title='bbox 895 3925 983 3982; x_wconf 80' lang='grc' dir='ltr'>Πάντα</span> <span class='ocrx_word' id='word_1_288' title='bbox 1003 3928 1030 3982; x_wconf 76' lang='grc' dir='ltr'><strong>δὲ</strong></span> <span class='ocrx_word' id='word_1_289' title='bbox 1050 3929 1122 3982; x_wconf 76' lang='grc' dir='ltr'>δοκεῖ</span> <span class='ocrx_word' id='word_1_290' title='bbox 1139 3931 1208 4000; x_wconf 79' lang='lat' dir='ltr'><strong>napd</strong></span> <span class='ocrx_word' id='word_1_291' title='bbox 1227 3929 1319 3981; x_wconf 82' lang='grc' dir='ltr'>τοὺτου</span> <span class='ocrx_word' id='word_1_292' title='bbox 1338 3922 1413 3991; x_wconf 77' lang='grc' dir='ltr'><strong>λοιβεῖν</strong></span> 
     </span>
     <span class='ocr_line' id='line_1_35' title="bbox 316 4003 1413 4084; baseline 0.005 -30"><span class='ocrx_word' id='word_1_293' title='bbox 316 4004 362 4055; x_wconf 82' lang='grc' dir='ltr'>οιαὶ</span> <span class='ocrx_word' id='word_1_294' title='bbox 386 4003 467 4057; x_wconf 68' lang='grc' dir='ltr'>αὐτοῦ</span> <span class='ocrx_word' id='word_1_295' title='bbox 490 4004 512 4058; x_wconf 71' lang='grc' dir='ltr'><strong>δ’</strong></span> <span class='ocrx_word' id='word_1_296' title='bbox 541 4005 571 4059; x_wconf 80' lang='grc' dir='ltr'><strong>ἂν</strong></span> <span class='ocrx_word' id='word_1_297' title='bbox 595 4007 747 4077; x_wconf 73' lang='grc' dir='ltr'>ἀκηκοέναι,</span> <span class='ocrx_word' id='word_1_298' title='bbox 772 4009 794 4060; x_wconf 77' lang='lat' dir='ltr'><strong>rt</strong></span> <span class='ocrx_word' id='word_1_299' title='bbox 827 4009 863 4080; x_wconf 76' lang='grc' dir='ltr'><strong>μὴ</strong></span> <span class='ocrx_word' id='word_1_300' title='bbox 889 4009 920 4060; x_wconf 80' lang='grc' dir='ltr'><strong>τὰ</strong></span> <span class='ocrx_word' id='word_1_301' title='bbox 947 4016 998 4062; x_wconf 80' lang='grc' dir='ltr'><strong>τῶν</strong></span> <span class='ocrx_word' id='word_1_302' title='bbox 1025 4010 1128 4084; x_wconf 73' lang='grc' dir='ltr'>χρόνιον</span> <span class='ocrx_word' id='word_1_303' title='bbox 1153 4011 1275 4082; x_wconf 68' lang='grc' dir='ltr'>ἐμᾶγιτο.</span> <span class='ocrx_word' id='word_1_304' title='bbox 1319 4005 1413 4060; x_wconf 61' lang='grc' dir='ltr'>Πάντως</span> 
     </span>
     <span class='ocr_line' id='line_1_36' title="bbox 316 4073 1412 4160; baseline 0.01 -28"><span class='ocrx_word' id='word_1_305' title='bbox 316 4083 403 4150; x_wconf 79' lang='grc' dir='ltr'>μέντοι</span> <span class='ocrx_word' id='word_1_306' title='bbox 424 4090 476 4135; x_wconf 84' lang='grc' dir='ltr'><strong>τῶν</strong></span> <span class='ocrx_word' id='word_1_307' title='bbox 500 4083 685 4159; x_wconf 72' lang='grc' dir='ltr'>Πυθαγορικῶν</span> <span class='ocrx_word' id='word_1_308' title='bbox 711 4107 780 4147; x_wconf 79' lang='grc' dir='ltr'>τινος</span> <span class='ocrx_word' id='word_1_309' title='bbox 801 4089 912 4141; x_wconf 67' lang='grc' dir='ltr'>ἀκοῦσαί</span> <span class='ocrx_word' id='word_1_310' title='bbox 934 4109 1010 4160; x_wconf 74' lang='grc' dir='ltr'>φησιν</span> <span class='ocrx_word' id='word_1_311' title='bbox 1033 4090 1111 4144; x_wconf 73' lang='grc' dir='ltr'>αὑτὸν</span> <span class='ocrx_word' id='word_1_312' title='bbox 1131 4073 1249 4149; x_wconf 76' lang='grc' dir='ltr'>Γλαῦκος</span> <span class='ocrx_word' id='word_1_313' title='bbox 1269 4085 1412 4156; x_wconf 66' lang='lat' dir='ltr'><strong>‹5¹quin</strong></span> 
     </span>
     <span class='ocr_line' id='line_1_37' title="bbox 317 4158 1412 4242; baseline 0.006 -29"><span class='ocrx_word' id='word_1_314' title='bbox 317 4163 383 4214; x_wconf 74' lang='lat' dir='ltr'><strong>rard</strong></span> <span class='ocrx_word' id='word_1_315' title='bbox 407 4165 467 4223; x_wconf 74' lang='grc' dir='ltr'>τοὺς</span> <span class='ocrx_word' id='word_1_316' title='bbox 491 4165 584 4227; x_wconf 67' lang='grc' dir='ltr'>αὐτοὺς</span> <span class='ocrx_word' id='word_1_317' title='bbox 611 4167 721 4240; x_wconf 71' lang='grc' dir='ltr'>χρόνους</span> <span class='ocrx_word' id='word_1_318' title='bbox 750 4167 821 4239; x_wconf 78' lang='lat' dir='ltr'><strong>abrqi</strong></span> <span class='ocrx_word' id='word_1_319' title='bbox 845 4171 967 4237; x_wconf 78' lang='grc' dir='ltr'>γεγονώς.</span> <span class='ocrx_word' id='word_1_320' title='bbox 1003 4170 1071 4242; x_wconf 70' lang='grc' dir='ltr'><strong>Φησὶ</strong></span> <span class='ocrx_word' id='word_1_321' title='bbox 1089 4173 1116 4226; x_wconf 79' lang='grc' dir='ltr'><strong>δὲ</strong></span> <span class='ocrx_word' id='word_1_322' title='bbox 1136 4158 1412 4238; x_wconf 74' lang='grc' dir='ltr'>καὶἈπολλόὃωροςὸ</span> 
     </span>
     <span class='ocr_line' id='line_1_38' title="bbox 316 4237 916 4322; baseline 0.01 -25"><span class='ocrx_word' id='word_1_323' title='bbox 316 4237 471 4315; x_wconf 72' lang='grc' dir='ltr'>Κυζικηνός,</span> <span class='ocrx_word' id='word_1_324' title='bbox 489 4243 612 4321; x_wconf 73' lang='grc' dir='ltr'>Φιλολάιγι</span> <span class='ocrx_word' id='word_1_325' title='bbox 633 4249 713 4302; x_wconf 71' lang='grc' dir='ltr'>αὐτὸν</span> <span class='ocrx_word' id='word_1_326' title='bbox 732 4251 916 4322; x_wconf 71' lang='grc' dir='ltr'>συγγεγονέναι.</span> 
     </span>
    </p>
   </div>
   <div class='ocr_carea' id='block_1_6' title="bbox 0 0 1487 4860">
    <p class='ocr_par' dir='ltr' id='par_1_9' title="bbox 0 0 1487 4860">
     <span class='ocr_line' id='line_1_39' title="bbox 0 0 1487 4860; baseline 0 0"><span class='ocrx_word' id='word_1_327' title='bbox 0 0 1487 4860; x_wconf 95' lang='lat' dir='ltr'><strong> </strong></span> 
     </span>
    </p>
   </div>
  </div>
 </body>
</html>
