2938 4864
310 279 376 346 ³12
645 281 840 345 Quamtlomn
868 279 1101 338 Democriteum

314 449 384 512 dam
403 449 433 512 in
454 449 580 531 singulis
599 450 700 512 verbis
720 469 789 512 cum
812 449 1006 512 Democritea
1024 448 1156 512 dictione
1176 445 1334 522 similitudo,
1350 465 1388 506 cu-

311 558 373 636 jus,
394 557 447 620 ubi
467 577 547 638 opus
566 577 634 620 esse
664 558 844 638 putavimus,
869 577 888 618 a
914 557 1003 620 uobis
1022 555 1134 618 mentio
1154 555 1232 618 laeta
1252 561 1299 618 est.
1331 555 1388 615 Bur·

315 665 445 728 cbardus
465 664 641 728 Democrito
656 663 802 746 imprimis
824 667 996 746 posteriora
1015 665 1075 727 tria
1086 665 1248 744 fingmento
1258 661 1390 740 abjudicat

315 771 353 832 de
374 772 462 852 eujus
478 773 597 852 judicio
627 773 704 835 inira
722 779 836 854 agetur.
864 773 1026 835 Caeterum
1043 772 1074 833 in
1093 774 1152 835 boc
1164 773 1259 853 primo
1272 772 1391 850 fragmen

315 887 348 942 to
370 895 428 960 pro
447 879 601 942 δυνοτοῖυυ
619 880 702 962 quod
723 887 823 944 tuetm
845 880 988 956 Orellius‚
1008 879 1204 943 Burcbardus
1225 878 1342 958 vulgavit
1357 877 1391 937 de

315 984 454 1069 eaarp'or,
477 987 576 1052 voluit
598 995 697 1050 autem
719 987 894 1070 δυνάστῃοι.

399 1095 472 1158 919.
513 1094 594 1158 Male
622 1095 818 1158 Burcbardus
841 1093 985 1178 ἡγεῖσθαι
1015 1092 1099 1161 ὅπως
1118 1094 1242 1176 scripsit
1259 1112 1311 1174 pro
1329 1089 1391 1174 ipis·

315 1199 388 1262 odor
411 1199 492 1268 ὅκως
520 1203 604 1284 quod
624 1205 687 1282 jam
719 1203 852 1267 Orellins
873 1201 969 1265 babet.
1013 1201 1212 1282 vulgavimus
1230 1199 1326 1271 ἄξενοι
1340 1195 1392 1260 ede

315 1308 425 1370 Koenii
446 1309 653 1372 emendatione
673 1311 710 1373 ud
734 1313 826 1392 Greg.
849 1310 986 1373 Corinth.
1007 1331 1037 1390 p.
1047 1310 1108 1373 933
1129 1312 1177 1374 ed.
1192 1310 1335 1372 Sobaeler.
1353 1325 1393 1388 pro

314 1415 396 1496 vulg.
424 1414 546 1485 αὔξεται
581 1415 627 1492 εὖ,
656 1439 744 1500 quam
775 1418 1015 1480 emendationem
1045 1418 1083 1479 ab
1113 1417 1234 1480 Orellio
1259 1417 1394 1497 iguromtan

314 1525 429 1604 primus
458 1523 574 1604 recepit
597 1527 801 1588 Burcbardus.
860 1527 1056 1588 Com-eximus
1083 1523 1195 1612 ἑωυτῷ
1229 1544 1285 1606 pro
1309 1517 1393 1606 ἑαυτῷ,

314 1632 396 1712 quod
419 1631 530 1694 caeteri
554 1632 761 1695 toleraverant
805 1633 943 1715 Denique
966 1653 1023 1713 pro
1046 1633 1154 1694 τὸτοῦ
1173 1631 1271 1706 ξένου,
1293 1629 1394 1714 quadiu

314 1739 494 1802 membranis
516 1747 562 1802 est
579 1748 668 1824 atque
693 1761 711 1802 ο
737 1742 830 1802 Conr.
859 1741 997 1802 Gesnero
1019 1741 1058 1802 in·
1071 1740 1105 1802 rb
1132 1741 1188 1802 τοῦ
1207 1741 1307 1802 κοινοῦ
1326 1745 1394 1798 nuta·

239 1915 242 1922 ¹
312 1851 376 1908 tum
404 1851 483 1924 erat,
516 1849 723 1912 substituimus
753 1855 866 1910 certam
901 1848 1055 1912 Scbacleri
1086 1850 1292 1928 conjecturam
1321 1845 1394 1916 lutei,

312 1973 402 2036 quam
424 1955 475 2018 ille
494 1957 679 2020 adnotationi
704 1955 874 2018 Orellianae
902 1977 969 2036 pag.
997 1957 1059 2020 735
1080 1957 1112 2016 in
1134 1953 1318 2034 corrigendis
1335 1953 1394 2031 Opu-

314 2063 470 2126 sculorum
490 2065 619 2145 plagulis
646 2063 763 2142 adjecit
814 2063 917 2126 Verba
944 2059 1032 2131 τέλος
1051 2059 1109 2144 γὰρ
1131 2059 1169 2124 εὖ
1192 2060 1321 2146 ἀγομένη
1339 2055 1395 2142 μεῖν’·

314 2191 368 2252 υτη
393 2169 526 2254 ὄμῦωυίς
556 2172 619 2234 ἐστι
647 2171 745 2234 miuus
777 2178 861 2233 recte
889 2171 1058 2234 redduntur
1086 2191 1105 2231 a
1132 2170 1288 2232 Gesnero:
1314 2169 1395 2230 emm

312 2281 396 2340 cm'm
412 2298 558 2360 prospere
578 2300 674 2360 ageres
683 2279 830 2360 felicitas
850 2287 895 2340 ert
911 2281 1060 2341 maxiem.

397 2388 469 2452 913.
512 2387 716 2467 Roposuimus
745 2391 825 2448 τοῖσι
851 2389 1013 2470 χρηστοῖσι
1039 2384 1076 2448 od
1107 2384 1264 2470 ξυμφέρον
1283 2403 1335 2466 pro
1353 2379 1395 2442 nit

267 2549 268 2554 ,
312 2497 457 2578 χρηστοῖς
479 2493 516 2557 ob
539 2494 707 2580 συμφέρον.
752 2495 786 2556 1ο
799 2495 887 2558 codd.
901 2494 1056 2577 sequentia
1070 2493 1261 2556 scribuntur:
1280 2484 1394 2574 ἀμτλέον·

313 2621 367 2667 τας
389 2604 448 2663 τῶν
474 2599 608 2681 ἑωυτῶν,
632 2623 722 2686 quam
748 2603 930 2684 scripturam
955 2602 1091 2666 Orellius
1113 2609 1143 2663 et
1165 2599 1346 2665 Gaislordius
1365 2611 1395 2654 re

313 2709 482 2786 tiunernut,
513 2712 707 2774 Burebardus
741 2712 870 2774 fortusse
910 2711 1106 2792 improbavit,
1142 2711 1204 2774 boc
1230 2711 1394 2789 fragmentum

312 2815 430 2878 suendis
450 2837 513 2880 nou
535 2837 643 2880 vacare
664 2819 776 2896 dicens,
800 2820 854 2880 sed
877 2820 951 2881 nihil
967 2817 1133 2898 corrigens.
1165 2817 1246 2882 Nam
1267 2814 1318 2878 etsi
1337 2815 1395 2871 recte

314 2924 424 2987 dicitur
443 2945 551 3004 graece
578 2925 615 2988 τὰ
639 2925 763 2988 ἑωυτῶν
797 2927 838 3010 μὴ
862 2925 1057 3009 ἐπιστάμενοι
1080 2929 1191 2987 etnim
1215 2923 1327 2987 ἑωυτοῦ
1344 2915 1394 2996 ἁμὲ·

314 3031 407 3108 λέειν,
437 3040 536 3096 minen
562 3039 622 3096 τῶν
650 3034 775 3096 ἑωυτῶν
803 3031 946 3115 ripaltam
975 3035 1048 3095 ferri
1074 3053 1137 3096 nou
1166 3040 1274 3114 potest
1320 3029 1395 3104 llaqsse

316 3143 492 3221 Lycurgum
517 3147 651 3220 secutuS,
672 3143 723 3224 qui
745 3163 811 3222 pag.
837 3143 895 3206 147
920 3143 967 3204 ed.
986 3141 1089 3204 Reisk.
1111 3142 1207 3204 verbo
1230 3138 1343 3223 ἀμελεῖν
1361 3131 1395 3189 dtr

313 3249 408 3310 tivum
427 3248 572 3330 adjungit,
594 3269 656 3312 uon
674 3249 805 3314 dubitavi
823 3249 992 3312 rescribere
1013 3251 1092 3310 τοῖσι
1105 3247 1241 3312 ἑωυτῶν.
1275 3247 1305 3308 Ιυ
1322 3235 1394 3301 verbi*

314 3355 352 3418 τὰ
373 3355 431 3439 γὰρ
464 3353 527 3418 ἴδια
548 3363 651 3426 κακῶς
673 3355 708 3420 ἂν
731 3353 821 3440 ἔσχεν
842 3357 990 3438 particula
1013 3355 1061 3436 ἂν,
1094 3377 1171 3438 quae
1196 3357 1225 3418 iu
1248 3342 1394 3417 membren't‘

313 3464 511 3541 desideratur,
530 3466 632 3528 addita
652 3473 698 3528 est
719 3487 737 3526 a
759 3466 903 3528 daeobsio
923 3465 963 3526 ad
985 3464 1172 3527 Athenaeum
1190 3483 1257 3545 pag.
1274 3463 1316 3526 lb
1345 3458 1394 3517 Post

314 3571 408 3634 verba
427 3571 479 3633 καὶ
500 3571 538 3654 ἦν
560 3569 655 3655 μηδέν
685 3573 818 3635 Orellius
846 3572 1068 3654 perspicuitatis
1095 3572 1191 3652 gratia
1212 3593 1255 3638 τις
1271 3559 1391 3632 moab

315 3681 433 3744 clusum
454 3680 597 3754 inseruit;
620 3681 675 3742 sed
695 3683 755 3744 hoc
774 3680 964 3762 pronomine,
984 3681 1067 3762 quod
1089 3699 1180 3759 saepe
1193 3677 1337 3749 omittitur,
1351 3681 1392 3730 ¹1⁰¹¹

315 3797 361 3854 est
382 3810 468 3871 opus.
514 3789 593 3850 Vide
611 3791 775 3852 Hermauni
798 3791 870 3852 diss.
895 3788 932 3851 de
955 3787 1053 3867 ellips.
1073 3793 1103 3850 et
1118 3787 1280 3867 pleonasm.
1308 3783 1392 3858 Opust

316 3901 402 3960 Tem.
428 3898 588 3976 1p154.
629 3899 690 3962 Pro
722 3897 790 3961 ἐπεὶ
818 3896 868 3960 καὶ
896 3892 1103 3978 ἀμελέοντιῆ
1134 3893 1281 3956 ἀδικέοντι
1301 3881 1391 3950 Jacobs·

315 4007 355 4067 ad
374 4005 460 4068 Stob.
485 4025 554 4085 pag.
575 4007 638 4068 950
668 4006 773 4069 maluit
799 4003 905 4086 ἐπειδὴ
934 4000 1097 4085 ἀμελέοντι
1123 4001 1142 4085 ἢ
1169 3997 1320 4073 ἀδικέοντι,
1338 4001 1391 4071 quae

316 4120 493 4192 conjectura
521 4113 610 4176 uobis
644 4133 708 4176 non
741 4114 849 4195 placet.
905 4110 1038 4174 Orellius
1071 4108 1201 4192 quaerit:
1236 4125 1322 4185 ,mum
1342 4095 1390 4178 1³0¹!

327 4218 530 4301 ἀμελέοντι
561 4221 678 4286 excidit
713 4219 784 4305 οὐχ
819 4217 984 4304 ῆυυονῖ”
1034 4219 1125 4297 sane,
1158 4213 1319 4298 hujusmodi
1341 4195 1390 4288 quid
