2892 4872
266 324 307 390 'id
598 317 793 382 Quaestionum
812 314 1044 370 Democriteum

265 495 325 556 bus
343 490 421 554 male
443 486 619 552 sollertibus
630 483 841 564 hujuscemodi
860 491 1029 546 commenta
1041 481 1073 544 in
1084 480 1251 545 Democriti
1268 499 1377 542 nomeu

268 602 345 678 data,
365 595 530 661 nobilitatis
549 593 795 675 auctoritatisque
816 594 881 670 ejus
904 589 1045 672 perfugio
1067 587 1248 654 utentibus.”
1283 587 1377 652 l’linio

268 710 396 772 fortasse
426 705 515 767 etiam
544 721 703 784 opponere
730 701 804 764 licet
828 703 864 763 C.
888 701 949 764 Jut.
982 699 1120 762 Solinum
1148 697 1293 778 l’olyhist.
1314 698 1377 758 cb

268 839 318 898 ap.
345 815 470 880 Salmas.
500 811 631 877 Exercit.
663 811 740 872 Plin.
771 828 838 890 pag.
862 808 900 872 13
933 806 981 871 ed.
1007 809 1086 885 Trai.
1116 807 1157 868 ita
1184 805 1378 868 scribentem:

269 928 405 1004 „Verum
426 941 500 1003 ager
518 919 718 993 Corsicanus,
743 915 825 998 quod
853 916 884 978 in
912 935 950 979 eo
974 935 1049 997 agro
1076 915 1198 978 unicum
1220 921 1275 990 est,
1296 915 1379 976 solus

269 1035 341 1112 edit,
361 1051 450 1116 quem
471 1028 632 1112 κατοχίτην
663 1035 774 1087 vocant
796 1023 928 1104 lapidem
948 1024 1010 1086 iam
1030 1023 1246 1104 dignissimum.
1283 1023 1380 1100 blajor

270 1152 317 1208 est
334 1141 442 1204 ceteris
469 1137 520 1221 qni
545 1136 583 1198 ad
610 1140 749 1197 ornamm
770 1133 971 1210 destinantur,
992 1151 1050 1194 nec
1075 1139 1136 1194 tam
1155 1151 1273 1212 gemnra
1295 1152 1381 1212 quam

270 1259 383 1316 cantes.
423 1248 506 1311 ldem
535 1242 692 1324 impositas
722 1259 828 1302 manus
848 1239 968 1316 detinet,
995 1240 1037 1301 ita
1058 1259 1092 1302 se
1108 1241 1222 1319 junctis
1245 1240 1381 1321 corpori-

270 1361 328 1422 bus
348 1357 520 1430 arbrectens,
549 1359 582 1414 ut
613 1371 682 1412 cum
706 1349 774 1429 ipso
803 1348 945 1410 haereant
974 1347 1085 1430 quibus
1104 1349 1251 1430 tangitur;
1286 1349 1332 1410 sic
1356 1351 1383 1410 ei

272 1469 349 1530 inest
368 1464 451 1528 velut
469 1463 507 1524 de
529 1458 644 1542 glutino
665 1457 794 1520 lentiore
813 1457 919 1520 nescio
940 1455 1013 1538 quid
1029 1477 1145 1539 perque
1166 1457 1288 1537 gtturmi.
1324 1459 1383 1519 lle-

273 1576 401 1656 cipimus
420 1568 628 1635 Democritum
648 1565 815 1629 Abderiten
833 1563 1034 1628 ostentatione
1059 1564 1195 1644 scrupuli
1216 1565 1307 1646 bujus
1326 1568 1382 1629 ire-

272 1690 399 1766 quenter
424 1699 527 1754 nsmn,
554 1676 593 1738 ad
620 1675 808 1756 probandam
837 1672 988 1736 occultem
1021 1677 1145 1734 naturae
1168 1674 1334 1754 potentiam
1355 1676 1384 1738 in

273 1787 485 1854 certaminibus
510 1803 587 1866 quae
609 1793 717 1847 contra
734 1802 838 1864 magos
857 1778 985 1843 habuit?
1029 1780 1064 1842 Si
1083 1799 1215 1863 unquam
1234 1803 1304 1844 cum
1326 1805 1385 1844 ma-

274 1901 319 1981 gis
340 1899 371 1960 in
392 1893 516 1959 Perside
537 1892 662 1954 certavit
684 1890 896 1966 Democritus,
921 1888 1004 1971 quod
1024 1889 1112 1951 valde
1135 1889 1261 1954 dubium
1280 1898 1341 1969 est,
1368 1913 1384 1954 e

273 2005 371 2071 Solini
399 2001 500 2066 verbis
529 2001 616 2084 sequi
643 1999 778 2078 videtur,
804 1998 956 2062 studuisse
986 2017 1055 2060 eum
1079 2015 1181 2060 rerum
1206 2000 1384 2063 naturalium

273 2134 333 2195 ope
358 2129 516 2193 magorum
544 2114 640 2172 artem
663 2107 736 2168 nibil
765 2126 832 2170 esse
860 2107 1075 2168 demonstrare.
1117 2107 1151 2167 ln
1173 2107 1241 2188 ipsa
1260 2107 1387 2170 Graecia

275 2219 449 2304 plriloscpbi
476 2218 573 2280 nostri
601 2222 778 2296 tempestate
802 2235 865 2277 uon
888 2220 973 2276 eraut
995 2213 1146 2295 magi²“).
1192 2219 1387 2297 Quapropter

276 2337 357 2394 recte
387 2325 561 2408 Simplicius
596 2324 777 2388 Auscultatt.
807 2323 861 2386 lib.
887 2325 913 2385 ll
941 2345 971 2404 p.
995 2327 1045 2388 65.
1062 2323 1098 2388 Α.
1121 2324 1163 2386 ait
1192 2326 1246 2408 rip
1283 2326 1385 2388 cincre·

275 2433 469 2520 λεσρατικήν,
496 2453 574 2516 qum
600 2434 766 2514 praecipua
793 2433 908 2512 magiae
929 2453 1000 2512 pars
1022 2441 1076 2512 est,
1098 2433 1256 2497 Posidonii
1275 2441 1386 2515 tempo-

274 2546 359 2608 ribus
380 2543 515 2606 uondnm
536 2542 575 2603 ad
596 2542 733 2605 Graecos
755 2541 850 2604 luisse
869 2540 1023 2622 perlatam,
1046 2542 1095 2604 vel
1114 2549 1148 2604 ut
1166 2543 1262 2606 verba
1283 2563 1386 2624 graeca

275 2653 421 2734 allegem:
445 2649 550 2732 τὸτῆς
571 2647 771 2733 ἀστρολογίας
792 2647 899 2731 ὄνομα,
916 2649 1008 2732 μήπω
1022 2649 1091 2712 τότε
1110 2654 1163 2733 τῆς
1180 2650 1385 2732 ἀποτελεσρα·

275 2765 358 2843 τικῆς
390 2759 434 2827 εἰς
466 2755 538 2826 τοὺς
564 2750 720 2839 Ἕλληνας
754 2755 906 2842 ἐλθούσης
939 2757 989 2820 ἐπὶ
1018 2761 1081 2841 ,τῆς
1114 2761 1166 2821 νῦν
1198 2757 1388 2842 καλουμένη-ς

277 2865 480 2952 ἀστρονομίας
507 2861 630 2949 ἔφερον.
677 2866 771 2946 Quod
800 2872 900 2930 autem
929 2867 1035 2930 attinet
1062 2868 1102 2930 ad
1121 2867 1231 2930 verba:
1264 2866 1334 2950 ἐμοὶ
1356 2867 1387 2928 δὲ

278 2973 422 3038 δοκέουσι
451 2973 481 3036 cl
508 2979 625 3058 πρῶτοι
651 2975 741 3034 τοῦτο
769 2973 804 3037 τό
834 2973 976 3058 canopea
1009 2974 1234 3061 αἰπιεριόοαντες
1260 2979 1389 3039 τοιοῦτοι

278 3080 355 3144 εἶναι
382 3081 541 3166 ἄνθρωποι
569 3081 629 3146 οἷοι
657 3081 709 3146 καὶ
738 3085 789 3146 νῦν
819 3081 879 3146 ciet
905 3083 997 3165 μα’γοι
1024 3105 1057 3146 τε
1083 3084 1133 3146 καὶ
1161 3083 1314 3169 καθαρταὶ
1342 3081 1388 3144 καὶ

278 3188 405 3272 ἀγόρται
423 3190 475 3252 καὶ
501 3190 664 3270 ἀλαζόνες,
693 3189 799 3254 όιιόσοι
827 3190 864 3273 δὴ
887 3190 1124 3274 προσποιέονται
1145 3191 1269 3277 σφόδρα
1289 3191 1386 3254 deoca-

279 3295 348 3381 βέες
378 3295 454 3360 εἶναι
481 3298 532 3361 καὶ
562 3298 654 3362 πλέον
684 3321 711 3362 τι
742 3299 873 3376 εἰδέναι,
911 3319 989 3380 quae
1011 3301 1204 3380 reperiuntur
1230 3303 1261 3362 iu
1291 3297 1388 3363 limine

279 3406 539 3468 commentationis
568 3407 606 3470 de
629 3409 738 3470 morbo
759 3406 911 3487 sacro²⁷)
939 3408 1117 3489 Hippocrati
1140 3410 1232 3490 vulgo
1256 3409 1387 3480 tributae,

280 3533 373 3596 quum
393 3513 442 3575 olii
461 3514 526 3591 jam
553 3514 701 3594 viderunt,
728 3517 808 3578 hunc
833 3515 971 3580 libellum
991 3517 1169 3597 llippocrati
1201 3518 1387 3600 suppositum

279 3641 357 3698 esse,
379 3627 442 3682 tum
464 3623 689 3687 recentissimus
709 3627 775 3704 ejus
796 3625 896 3688 editor
918 3627 1061 3688 Diemius
1113 3627 1176 3688 Sed
1197 3628 1273 3689 baec
1295 3629 1336 3692 ὡς
1359 3621 1388 3682 ἐν

280 3725 427 3812 παρόδοις
458 3747 556 3810 neque
579 3732 659 3793 enim
679 3732 822 3796 uberiore
845 3753 924 3813 opus
945 3741 993 3796 est
1015 3734 1227 3816 disputatione,
1253 3755 1312 3818 qna
1334 3735 1390 3794 De

279 3837 443 3900 mocritum
463 3857 525 3900 non
549 3840 641 3902 luisse
661 3860 780 3922 magum
802 3843 1004 3905 ostendamus.
1250 3917 1254 3924 Ι

356 3946 396 4010 At
409 3945 542 4009 omnium
555 3969 630 4032 quae
641 3950 679 4012 de
688 3951 864 4012 Democrito
876 3951 914 4012 ab
928 3951 1099 4013 hominibus
1108 3953 1198 4015 stulto
1211 3949 1390 4033 sapientibus

287 4067 483 4081 *—

354 4131 392 4194 Η)
412 4130 451 4181 Da
474 4130 505 4180 iis
529 4130 631 4195 loquor,
656 4145 724 4196 qtrcs
749 4131 856 4182 Persico
884 4133 1016 4184 vocabulo
1041 4131 1139 4201 μάγους
1160 4133 1309 4192 vocabant,
1332 4139 1388 4178 uam

283 4207 376 4278 γόητας
396 4215 452 4260 tum
471 4211 540 4261 inter
559 4213 677 4263 Graecos
698 4211 780 4263 luisse
796 4227 848 4262 nou
868 4227 942 4277 uago.

354 4303 394 4366 Ἠ)
411 4317 469 4368 prag.
486 4299 535 4354 3⁰1
553 4303 594 4354 ed.
616 4303 703 4366 Foos.;
726 4316 783 4367 prag,
805 4301 857 4356 588
876 4306 949 4357 Tcm.
969 4300 980 4358 l
1000 4306 1041 4359 cd.
1060 4307 1142 4358 liitlrn
1246 4298 1259 4346 s
