2956 4860
296 323 340 390 48
621 319 817 385 Quaestionum
834 319 1067 378 Damocritmmm

297 495 327 556 in
350 491 474 574 egregio
506 489 723 571 Xenophontis
751 489 790 553 dc
809 488 884 571 cyri
910 489 1096 554 institutione
1124 509 1218 572 opere
1238 491 1395 572 perscripta

295 601 452 681 leguntur,
472 599 619 662 neminem
644 605 743 660 tamen
765 597 989 680 philosophiae,
1012 599 1193 680 geometriae
1214 598 1264 661 vel
1282 598 1395 661 aliarum

297 709 501 772 doctrinarum
519 725 611 770 causa
631 708 661 769 in
683 707 750 770 illas
773 707 914 788 regiones
935 707 1098 770 tetendisse
1117 713 1243 772 corsua
1285 706 1394 788 Quippe

296 817 455 880 Persarum
474 816 681 879 adolescentes
708 815 782 876 nihil
805 815 864 878 nisi
886 815 1029 898 equitare,
1055 815 1195 897 sagittare
1220 822 1250 876 et
1269 835 1342 878 vera
1361 814 1396 876 lo·

296 925 348 1008 qui
368 924 508 988 didicisse
529 931 655 988 testatur
671 923 846 986 Herodotus
863 919 924 1003 ⁴⁷).
973 927 1169 1006 Quapropter
1184 921 1395 1002 Democritum,

296 1035 348 1119 qui
372 1039 479 1115 postea
503 1032 733 1114 insignitarum
750 1031 928 1095 naturalium
950 1029 1076 1094 scientia
1096 1030 1241 1107 inclaruit,
1263 1030 1303 1092 ad
1319 1029 1396 1092 Chal·

295 1141 388 1204 daeos
415 1148 446 1204 et
475 1143 507 1204 in
527 1140 682 1205 Persidem
702 1159 736 1202 se
760 1139 924 1203 contulisse
945 1146 1061 1202 certum
1083 1144 1138 1214 est,
1159 1138 1254 1218 magis
1274 1144 1309 1200 ut
1329 1136 1396 1200 airis

294 1249 478 1330 temperiem,
509 1253 617 1326 terrae,
646 1247 827 1328 plantarum,
855 1247 998 1310 arborum
1020 1245 1162 1324 indolem,
1188 1265 1278 1330 quam
1300 1253 1336 1308 ut
1354 1247 1396 1307 ho

293 1358 407 1419 minum
439 1357 518 1420 illius
548 1363 662 1420 tractus
691 1356 890 1418 eruditionem
927 1353 1166 1438 qualemcunque
1198 1357 1396 1434 cognosceret
1462 1367 1463 1380 ³

295 1466 414 1546 Quodsi
435 1465 467 1526 in
487 1464 552 1528 istis
570 1462 745 1544 regionibus
766 1463 875 1525 doctos
896 1461 1033 1525 homiues
1054 1461 1204 1538 convenit,
1224 1461 1276 1543 qui
1294 1462 1397 1524 mathe-
1462 1483 1463 1554 J

293 1571 418 1634 maticae
441 1581 471 1634 ct
487 1571 688 1635 astronomiae
710 1570 818 1650 peritia
838 1569 986 1646 valebant,
1005 1569 1043 1632 ab
1063 1570 1108 1632 his
1130 1577 1229 1632 tamen
1248 1588 1311 1631 non
1332 1568 1396 1630 mul·

292 1685 358 1741 tum
381 1680 531 1760 prolicere
551 1677 657 1760 potuit,
687 1698 779 1760 quum
800 1679 895 1758 ipsius
912 1677 1030 1756 judicio
1051 1676 1272 1757 Aegyptiorum
1291 1679 1396 1758 llarpe

293 1783 443 1868 ddnaptae
474 1785 610 1850 eruditos
640 1784 765 1848 aliarum
796 1785 928 1867 gentium
948 1785 1031 1848 uiros
1052 1786 1108 1848 hac
1139 1786 1170 1846 in
1199 1791 1285 1866 parte
1312 1785 1395 1865 longa

292 1892 540 1976 superarentll).
586 1895 654 1957 lluc
681 1894 814 1972 accedit,
840 1893 923 1976 quod
949 1891 1021 1956 licet
1051 1894 1211 1956 Persarum
1237 1892 1318 1973 magi
1342 1911 1395 1954 non

292 2003 391 2065 solum
416 2002 455 2064 de
484 2002 577 2065 rebus
598 2001 705 2066 divinis
728 2001 930 2084 praecepisse,
960 2001 1017 2063 sed
1038 2000 1127 2064 etiam
1148 2000 1186 2062 de
1208 2000 1300 2064 rebus
1319 2008 1396 2063 nahr-

291 2109 404 2172 ralibus
432 2110 638 2192 imprimisque
665 2111 703 2172 de
726 2116 833 2173 natura
858 2109 1029 2172 animalium
1049 2127 1190 2171 necnon
1211 2108 1396 2190 decorpori·

290 2219 349 2280 bus
367 2217 550 2281 coelestibus
569 2219 693 2281 multum
713 2217 896 2299 quaesivisse
920 2213 1129 2297 dieantur⁴⁹),
1150 2223 1250 2278 tamen
1270 2217 1320 2279 vix
1339 2237 1395 2280 ore

291 2325 383 2388 dibile
406 2333 459 2404 est,
479 2327 550 2390 illos
572 2327 735 2411 quidquam
757 2325 906 2403 docuisse,
928 2325 1011 2408 quod
1032 2324 1225 2388 Democritus
1241 2345 1299 2387 suo
1320 2326 1395 2405 inge

289 2434 342 2497 uio
360 2434 494 2514 reperire
519 2434 696 2516 nequiverit.

372 2542 435 2603 llas
460 2541 551 2622 igitur
581 2542 622 2604 ob
651 2543 757 2604 causas
776 2539 970 2618 arbitramur,
1000 2541 1209 2603 Democritum
1233 2541 1395 2604 Chaldaeo

288 2669 356 2712 rum
385 2651 605 2731 Persarumque
636 2661 732 2712 terras
757 2667 795 2710 eo
822 2647 1013 2729 potissimum
1039 2649 1167 2712 consilio
1192 2649 1396 2726 lustrassent

288 2757 454 2820 insatiabile
494 2777 555 2838 quo
585 2757 742 2820 tenebatur
769 2756 923 2820 scrutandi
958 2776 1008 2819 res
1041 2757 1193 2819 naharales
1220 2757 1395 2820 desiderium

288 2864 432 2945 expleret
477 2867 636 2927 Caeterum
664 2865 778 2928 itineris
805 2863 931 2926 Asiatici
958 2865 1019 2928 duo
1057 2866 1180 2928 fuerunt
1206 2870 1395 2928 monumenta

287 2991 364 3052 quae
386 2971 416 3030 in
437 2971 721 3034 commentariorum
734 2971 901 3034 ethicorum
913 2973 1049 3050 partibus
1062 2974 1297 3036 numerabantur
1314 2967 1394 3034 Xah·

288 3077 392 3146 δαϊνὸς
427 3078 518 3161 λόγος
551 3087 580 3142 et
601 3076 734 3162 Φρύγιος
765 3075 865 3159 λόγος.
917 3079 984 3141 llus
1016 3082 1144 3145 fortasse
1173 3083 1261 3144 etiam
1291 3078 1395 3142 referri

287 3192 410 3266 oportet
428 3187 623 3270 scriptionem
645 3186 751 3249 iisdem
772 3187 995 3250 commentariis
1015 3189 1164 3268 insertam,
1196 3189 1246 3252 oui
1269 3189 1394 3250 iudicem

286 3293 400 3355 lecerat
420 3291 572 3356 Ὠκεανοῦ
594 3293 770 3378 περίπλοος.
815 3295 878 3356 Sed
897 3296 935 3356 ad
950 3295 1169 3378 Aegyptiacum
1190 3299 1248 3359 iter
1269 3296 1394 3378 pertinet

286 3419 322 3460 ea
343 3399 423 3462 illius
444 3401 545 3480 operis
565 3421 636 3481 pars
657 3421 733 3483 quae
753 3401 974 3465 inscribebatur
1000 3405 1069 3488 περὶ
1090 3409 1150 3467 τῶν
1181 3404 1212 3466 ἐν
1233 3401 1394 3490 Βαβυλῶνι

286 3505 375 3588 ἱερῶν
397 3507 593 3588 γραμμάτων.
630 3509 709 3571 Vide
728 3530 804 3590 quae
827 3509 956 3573 diximus
977 3511 1033 3574 hac
1053 3512 1091 3574 de
1111 3531 1145 3575 re
1165 3512 1217 3577 lib.
1239 3515 1274 3576 IL
1305 3510 1393 3594 Quod

282 3613 438 3694 Diogenes
458 3620 616 3695 praeterea
636 3617 764 3678 affirmat
785 3615 887 3694 luisse,
915 3619 966 3700 qui
992 3621 1072 3683 huuc
1092 3620 1306 3702 philosophum
1324 3639 1393 3680 oum

281 3721 426 3784 ludorum
445 3723 709 3804 Gymnosophistis
728 3726 942 3787 commercium
956 3726 1096 3791 habuisse
1112 3735 1142 3792 et
1161 3729 1193 3791 iu
1205 3727 1393 3808 Aethiopiam

281 3860 482 3871 ““““““““”““““
1321 3855 1395 3896 001}-

351 3935 391 3999 Η)
415 3936 512 3989 Herod.
538 3938 581 3990 lib.
605 3934 623 4000 l,
645 3935 695 3989 136
718 3935 867 4010 cathalacum
894 3937 923 3992 dl
949 3939 1010 3999 rahe
1036 3940 1145 4006 παῖδας,
1165 3940 1216 3994 ἀπὸ
1244 3940 1392 3997 πενταέτεος

280 4012 420 4148 ἕγξάγγενοι
442 4017 519 4090 μέχρι
544 4017 720 4084 εἰκοσαέτης,
739 4019 797 4092 rpla
817 4023 918 4088 μοῦνα,
937 4018 1050 4075 luceius
1068 4025 1113 4075 ael
1136 4021 1249 4084 τοξεύειν
1268 4023 1311 4076 aul
1327 4019 1393 4090 aar,-

218 4120 223 4130 ·
310 4113 352 4157 ,so
371 4113 406 4148 au.

350 4189 390 4251 ⁴⁸)
409 4187 467 4240 vid.
484 4189 667 4241 Democritum
685 4205 727 4256 ap.
747 4192 875 4244 Clamant.
895 4191 910 4242 l.
930 4193 944 4243 Ι.

349 4280 390 4345 “)
409 4279 500 4333 Rhode
517 4281 610 4348 heiliga
627 4284 695 4348 Saga
714 4284 763 4335 des
782 4283 932 4335 Zeodvolks
954 4297 980 4349 p.
1001 4281 1053 4336 214
1063 4299 1138 4352 seqq.
1157 4291 1185 4340 et
1201 4285 1252 4340 5⁴27
1264 4299 1332 4352 seqq.
